2517 4059
446 186 672 257 wliiiiffl·

82 309 219 386 Regestis
241 318 377 390 apparel,
402 320 468 390 post
483 316 626 376 Breviorii
643 315 882 376 Reformaliones
898 316 1037 392 pluribus

80 390 224 453 Ecclesiis
245 396 323 453 intro
340 395 457 456 ltaliam
479 405 510 460 el
524 404 610 458 extra
633 398 776 457 recitandi
799 398 865 476 ejus
881 396 977 457 Officii
994 397 1037 457 la·

80 474 221 535 cultatem
244 493 312 537 esse
333 496 532 549 concesseras
558 485 650 555 clauc
673 481 700 539 in
724 480 862 539 omnihus
884 478 1033 539 Ecclesia-

79 556 173 615 sticae
204 560 328 617 hittonis
351 561 523 637 regionibus
545 562 666 622 recitari
699 579 735 621 ex
759 561 876 622 Indulto
910 561 1035 622 Benedi-

80 637 117 697 cti
140 637 219 699 xtlt
240 640 290 698 die
313 640 354 699 22
375 644 503 718 Augusti
527 643 619 703 1725.
872 692 877 707 .

118 719 159 780 lt.
183 722 298 781 Multas
320 740 427 784 causas
448 724 580 785 afferunt.
601 723 700 783 Sancti
724 723 837 791 Paltos,
862 742 917 783 cur
933 723 1036 786 Domi-

78 818 131 860 nus
153 802 347 875 decicterit‚
372 813 406 864 ut
429 805 605 883 Rectissime
634 805 727 883 Virgo
751 807 941 865 matrimonio
963 826 1032 868 con·

76 880 267 959 jungeretur.
292 882 351 945 Eas
373 889 486 966 colligit
509 889 601 954 Diuus
623 887 755 965 Thomas
777 887 796 945 3
819 894 895 962 tract.
914 898 1064 964 quaest..-

77 962 115 1036 ἓξ]
138 972 196 1025 nrt.
221 967 237 1027 Ι
260 965 288 1029 io
313 967 400 1028 hunc'
417 970 552 1028 modum:
572 968 756 1031 Conveniens
777 969 850 1045 suit,
878 968 1034 1037 Christum

78 1044 111 1102 de
131 1045 309 1125 desponsata
333 1050 459 1125 'Virpine
485 1052 583 1122 nasci,
608 1062 669 1110 tum
692 1062 814 1129 propter
836 1051 945 1129 ipsum,
970 1062 1034 1111 tum

74 1137 196 1205 propter
211 1140 352 1201 matrem,
377 1142 440 1190 tum
457 1134 548 1192 etiam
563 1143 687 1209 propter
701 1150 764 1191 nos.
791 1130 915 1209 Propter
937 1136 1035 1209 ipsum

78 1209 195 1285 quidem
222 1210 377 1272 Christum
400 1214 595 1293 quadruplici
625 1214 752 1273 ratione·
788 1211 891 1273 Primo
914 1214 1034 1292 quidem

78 1292 169 1369 nejtolr
191 1292 363 1371 infidelibus
384 1304 541 1373 tamqnam
561 1296 713 1373 illepitime
729 1302 824 1361 natas,
839 1297 1031 1377 abjiceretur.

80 1370 211 1431 Secundo
243 1384 278 1433 ul
297 1377 435 1435 'consueto
458 1376 543 1437 modo
569 1380 633 1457 ejus
655 1377 824 1453 penealopiu
850 1396 906 1454 per
932 1377 1034 1435 uirum

80 1452 301 1516 describeretur.
341 1456 439 1518 Tertio
467 1456 507 1518 ad
529 1461 653 1519 tutelam
681 1460 774 1535 pueri
796 1458 872 1518 nati.
906 1451 945 1518 Et
967 1458 1032 1517 ideo

79 1532 215 1611 lanatiore
230 1535 315 1607 dicit,
339 1541 433 1618 ipsam
449 1541 538 1617 fuisse
555 1540 772 1620 desponsatam,
796 1550 829 1599 ut
849 1549 956 1617 partus
971 1542 1034 1619 ejus

81 1616 192 1677 diaholo
226 1621 388 1680 celaretur.
426 1620 544 1696 Quarto
574 1633 607 1681 ut
642 1642 661 1681 a
684 1620 805 1699 Iosepho
838 1621 1032 1680 nutriretur:

3 1767 4 1784 3
80 1699 153 1757 ande
169 1710 199 1794 ct
211 1710 302 1779 pater
318 1706 382 1783 ejus
397 1701 494 1762 dictus
510 1713 552 1764 est
568 1707 654 1782 qnasi
669 1704 830 1762 nutritius.
854 1699 924 1761 Fuit
940 1704 1031 1761 etiam

78 1798 247 1841 conueniens
269 1796 417 1862 ecparte
440 1784 581 1863 Vir'pinis.
607 1783 711 1845 Primo
734 1784 872 1861 quidem,¹
888 1784 960 1861 quio
978 1799 1034 1861 per

78 1861 127 1922 hoc
148 1862 294 1923 redditur
314 1866 458 1926 immunis
480 1886 500 1925 a
517 1884 630 1946 poena,
653 1885 690 1927 ne
712 1867 820 1925 scilicet
841 1863 1033 1943 lapidaretur

78 1944 238 2003 aeludaeis
259 1940 590 2024 tauquamaaatura„
606 1955 640 2007 'ut
652 1938 860 2029 Hiaionpmas·
875 1945 959 2005 dicit·
984 1944 1036 2005 Se«

78 2026 173 2085 cundo·
190 2037 226 2084 ut
244 2044 302 2102 per
322 2030 374 2087 hoc
407 2031 443 2088 ah
464 2032 597 2108 infamia
618 2030 800 2089 liberaretur
815 2045 825 2086 .·
859 2026 937 2087 unde
961 2025 1033 2087 dicit

77 2104 244 2167 Ambrosius
259 2126 347 2186 super
361 2108 485 2177 Lucam,
504 2111 582 2190 qnod
599 2110 774 2189 desponsata
789 2119 842 2179 est,
861 2128 897 2167 ne
913 2110 1032 2167 inteme-

77 2201 156 2249 ratae
178 2188 365 2265 oirpinitatis
393 2192 577 2253 adureretur
596 2192 739 2271 infamia.
778 2189 875 2251 Tertio
896 2199 930 2250 ut
954 2190 981 2248 ei
1009 2208 1029 2248 a

77 2270 177 2350 Ioseph
199 2272 401 2333 ministerium
423 2267 633 2343 exhiberetur,
657 2283 691 2333 ut
713 2270 918 2352 Hieronymus
941 2272 1028 2332 dicit.

77 2350 124 2413 Ec
140 2363 231 2429 parte
254 2354 344 2413 etiam
366 2369 468 2415 nostra
490 2358 544 2415 hoc
558 2356 618 2433 suit
635 2354 821 2415 conueniens.
847 2354 949 2413 Primo
964 2353 1031 2431 qui·

79 2432 149 2503 dam,
174 2434 248 2511 quia
263 2436 427 2496 testimonio
441 2437 545 2517 Ioseph
561 2436 781 2515 comprohatum
797 2444 847 2498 est.
876 2434 1031 2497 Christum

78 2533 112 2575 era
136 2516 260 2593 Virpine
280 2528 411 2580 natum:
444 2518 578 2580 &cundo
600 2520 674 2597 quin
695 2521 762 2594 ipsa
781 2518 871 2577 uerba
900 2514 1031 2593 Virpinis

3 2625 4 2666 3
77 2600 178 2657 matris
198 2598 296 2680 macie
316 2598 469 2660 credibilia
491 2599 684 2679 redduntur,
720 2618 805 2659 suam
826 2598 1031 2679 supinitatem

3 2701 4 2744 3
79 2680 253 2739 asserentis:
275 2680 355 2741 unde
377 2679 552 2743 Ambrosius
573 2681 649 2742 dicit
671 2690 768 2761 super'
781 2677 920 2739 Lucam:
942 2672 1030 2740 Fides
1115 2732 1119 2737 .

3 2763 4 2768 ’
78 2758 193 2822 Mariae
209 2762 303 2821 cerdis
326 2764 419 2841 mapis
434 2762 623 2831 adsciscitur3
649 2772 676 2823 et
699 2761 851 2829 mendacii
867 2778 959 2821 causa
981 2779 1030 2819 re·

3 2834 4 2906 Ϊ
78 2852 219 2908 moretur„
237 2840 336 2902 Tartio
351 2846 557 2904 attolleretur
572 2844 724 2906 incusatio
744 2844 925 2922 Virpinihus.
949 2848 1025 2919 quae
1058 2858 1060 2863 ’

3 2969 4 2974 1
77 2937 194 3004 propter
214 2943 301 2984 suam
316 2928 500 2987 incautelam
523 2945 581 2985 non
594 2928 694 2987 oitaut
709 2924 880 3003 infamiam.
910 2921 1027 2997 Quarto

3 3016 4 3049 l
81 3007 147 3084 quia
163 3024 220 3085 per
240 3008 293 3065 hoa
314 3007 504 3087 sianihcmar
526 3008 667 3067 uniuerso
690 3005 838 3075 Ecclesia,
863 3024 938 3084 quae
962 3023 1029 3063 cunt

3 3093 4 3096 ’
84 3088 167 3166 Virpo
189 3088 228 3148 sit
264 3087 438 3167 desponsata
459 3099 561 3150 tamen
582 3100 634 3149 est·
657 3089 712 3149 uni
734 3089 797 3149 oiro
822 3087 959 3154 Christo,
992 3094 1025 3145 ut

81 3168 257 3247 hupertinue
279 3169 352 3229 dicit
374 3167 464 3246 Lihro
486 3168 521 3227 de
543 3181 649 3231 sancta
678 3167 854 3248 lirpinitate
877 3168 949 3246 Cap.
976 3166 1026 3227 12.

82 3249 99 3314 i
118 3252 153 3313 ΙΙ.
170 3248 269 3311 Potest
285 3254 376 3311 etiam
390 3261 417 3311 et
439 3253 547 3331 quinta
564 3254 729 3321 rationare,
755 3250 835 3331 quod
857 3248 950 3311 Pater
971 3248 1036 3311 Do.

84 3333 155 3392 nini.
168 3334 231 3412 snit
254 3332 442 3413 desponsata,
466 3343 493 3393 et
513 3334 618 3411 Virpm
643 3337 716 3412 quia
737 3334 771 3412 in
789 3350 917 3411 persona
938 3331 1030 3414 ipsius

84 3423 108 3474 et
129 3414 302 3492 Virpinitas,
321 3424 347 3473 et
369 3413 608 3479 Matrimonium
623 3416 789 3476 honoratur
804 3424 907 3475 contre
926 3414 1028 3473 haere·

84 3498 150 3558 ticos
169 3498 262 3557 alteri
275 3498 382 3556 horam
405 3496 597 3557 detrahentes.
621 3494 777 3575 Copiosius
800 3515 889 3573 porro
911 3495 948 3553 dc
972 3495 1028 3555 hoo
1102 3510 1104 3517 ⁴

85 3585 251 3659 argumento
274 3578 427 3639 disserunt
441 3577 616 3657 landolphus
633 3576 710 3639 Saxo
725 3580 803 3643 sacri
824 3578 944 3639 Ordinis
960 3574 1029 3639 Car·
