2517 4059
564 224 625 287 m
648 214 789 286 398&

198 343 277 405 Hinc
298 350 400 420 postea
428 347 572 403 statutum
595 353 662 411 est,
690 353 724 406 nt
745 345 792 404 illa
816 362 892 421 quae
915 345 944 402 in
966 341 1046 401 Cleri
1072 358 1161 401 com-

196 427 321 487 modum
344 426 509 490 cedebant,
538 431 589 486 aut
611 435 680 488 ante
702 428 849 497 Missam,
879 432 931 485 aut
953 422 1059 483 saltem
1087 430 1161 483 ante

196 506 418 585 Evangelium‚
443 524 521 582 quae
542 525 615 567 vero
639 509 674 567 ad
697 507 840 567 sacrificii
862 526 972 571 nsum,
997 508 1033 565 ad
1055 504 1159 565 Offer-

198 591 307 649 lorium
332 587 572 665 proferebantur.
597 588 772 650 Perduravit
786 588 913 667 hujusce
928 588 1087 647 oblationis
1103 588 1157 646 ob

197 671 345 731 servantia
369 671 522 746 usquead
545 688 656 731 nonum
679 668 763 731 Fidei
779 671 966 732 Christianae
980 667 1155 729 Saeculum.

197 749 435 827 Qualiscumque
459 755 560 811 aulem
583 752 676 812 luerit
697 770 786 813 causa
809 752 901 832 hujus
923 753 1051 819 veteris,
1074 750 1156 809 circa

197 834 340 895 offerendi
363 835 523 904 rationem,
550 835 736 896 intermissae
759 836 949 910 disciplinae,
972 831 1111 911 ejusdem
1129 850 1158 891 e·

197 916 269 976 tiam
291 917 430 991 antiquae
453 913 619 975 Oblationis
641 919 777 995 vestigia,
802 919 940 976 visuntur
955 916 985 973 in
1001 914 1093 974 Missa
1108 930 1156 973 so-

197 997 287 1059 lemni
312 995 434 1074 Papali,
463 1014 532 1057 cum
556 997 671 1059 scilicet
698 997 841 1059 Summus
862 995 1000 1058 Pontifex
1021 995 1157 1056 celebrat

196 1080 335 1139 omnibus
358 1078 598 1139 insiervientibus
620 1079 763 1140 Ministris
786 1086 847 1140 tam
870 1078 1039 1144 ordinariis,
1064 1094 1157 1154 quam

197 1160 420 1239 peculiaribus,
444 1158 654 1221 cardinalibus
677 1163 821 1240 insuper,
851 1166 883 1220 et
904 1158 1060 1239 Episcopis
1082 1158 1157 1217 assi-

196 1243 354 1310 stentibus,
378 1242 554 1317 praesertim
571 1243 599 1301 in
616 1242 848 1317 canonizatione
863 1242 1056 1302 Sanctorum.
1077 1238 1163 1311 Item,

197 1325 227 1383 in
249 1323 341 1381 Missa
362 1322 526 1383 Pontificali
543 1321 782 1386 Consecrationis
798 1326 947 1401 Episcopi,
972 1322 1157 1396 ac'denique

196 1407 226 1464 in
249 1402 480 1480 Metropolitana
503 1401 638 1464 Ecclesia
660 1406 885 1475 Mediolanensi,
910 1423 981 1466 cum
1003 1403 1084 1463 illius
1099 1402 1157 1461 Ar·

197 1486 404 1563 chlepiscopus
426 1486 601 1546 solemniter
622 1487 682 1548 ritu
697 1488 896 1548 Ambrosiano
916 1486 1061 1547 celebrat.
1078 1482 1159 1561 Lug-

197 1568 267 1628 duni
283 1564 598 1644 Quadragesimalibus
615 1565 698 1629 tertis
715 1570 832 1629 tertiam
849 1571 1021 1629 Dominieae
1037 1567 1158 1645 primae

196 1649 326 1714 feriam,
351 1650 379 1708 in
402 1647 567 1708 Primatiali
589 1646 724 1710 Ecclesia
747 1651 924 1711 Sacerdotes
945 1652 1005 1712 duo
1027 1649 1080 1727 qui
1095 1648 1158 1724 pri-

197 1750 262 1792 mas
285 1735 386 1790 tenent
408 1748 516 1808 panem
539 1736 570 1790 et
591 1731 696 1791 vinum
718 1733 868 1801 offerunt,
897 1750 975 1811 quae
997 1745 1158 1791 consecra-

198 1814 268 1874 tioni
291 1812 474 1872 deserviunt.

238 1892 293 1954 lll.
311 1891 397 1952 Panis
413 1895 463 1968 qui
479 1891 608 1952 Patenae
623 1894 800 1971 imponitur,
818 1896 927 1957 dicitur
938 1893 1056 1963 Hostia,
1071 1908 1158 1951 nem-

196 1994 234 2055 pe
257 1974 387 2044 oictimu,
412 1982 515 2051 utpote
538 1975 699 2035 mutandus
715 1978 744 2035 in
761 1976 872 2037 Christi
888 1976 1015 2051 Corpus,
1040 1975 1092 2050 qui
1107 1972 1159 2032 Sa·

198 2055 301 2117 crificii
324 2054 442 2121 Hostia,
466 2061 497 2115 et
512 2056 634 2115 victima
648 2062 705 2116 est.
729 2058 776 2118 Ad
792 2056 918 2134 liguram
933 2058 1059 2117 Hostiae
1074 2055 1157 2132 quod

197 2140 324 2205 attinet,
349 2138 494 2212 quadrata
517 2135 625 2197 Graeci
648 2144 793 2211 utuntur,
822 2143 851 2199 in
875 2138 960 2216 cujus
982 2138 1103 2205 medio,
1128 2142 1160 2196 ct

198 2219 312 2297 angulis
334 2218 464 2295 sigillum
486 2220 675 2295 imprimunt,
700 2221 729 2280 in
752 2240 810 2297 quo
833 2229 903 2283 suut
925 2220 1053 2289 litterae,
1078 2237 1158 2294 quae

197 2302 308 2363 lemma
331 2300 400 2359 boc:
426 2302 503 2361 lesus
522 2300 660 2363 Christos
682 2302 787 2369 uincit,
811 2304 997 2381 exprimunt.
1016 2301 1156 2371 Armeni,

198 2383 343 2462 quadrata
366 2380 490 2453 relicta,
517 2382 678 2443 rotundam
699 2382 854 2443 adhibent.
869 2385 918 2444 «Et
933 2385 1008 2444 haec
1031 2383 1159 2458 quidem

198 2463 276 2542 apud
300 2482 352 2524 nos
374 2464 576 2524 vetustissima
598 2471 664 2532 est,
689 2468 723 2523 ut
745 2484 782 2524 ex
803 2465 931 2526 Decreto
954 2465 984 2526 S.
1003 2464 1158 2541 Zepbirini

197 2546 295 2624 Papae
324 2546 493 2623 colligitur,
524 2546 574 2622 qui
596 2541 722 2606 Saeculo
744 2546 787 2607 Ill
816 2548 911 2619 vixit,
943 2548 993 2609 ubi
1015 2544 1157 2606 Hostiam

198 2628 329 2704 appellat
351 2626 505 2695 coronam,
530 2628 593 2687 siue
609 2627 739 2687 oblatam
754 2628 911 2705 sphericae
926 2628 1053 2707 figurae.
1069 2627 1101 2687 S.
1117 2628 1157 2687 E-

198 2709 357 2787 piphanius
389 2708 512 2771 Oblatas
542 2710 682 2770 rotundas
712 2709 804 2770 luisse
833 2711 921 2772 docet
949 2711 977 2768 in
1009 2712 1158 2768 ancorato

198 2790 263 2849 Lib.
287 2788 330 2852 IV
352 2789 424 2869 Cap.
450 2790 479 2851 le.
511 2788 577 2849 Hoc
601 2791 674 2852 item
702 2792 882 2868 conspicitur
907 2794 936 2851 in
959 2789 1056 2867 figura
1078 2791 1158 2849 anti·
1204 2796 1212 2809 '

198 2873 340 2951 quissima
363 2891 474 2949 panum
498 2889 552 2947 pro
576 2871 748 2938 Sacrificio,
772 2892 850 2950 quae
873 2872 1031 2933 incelebri
1053 2870 1156 2931 Sancti
1246 2876 1255 2893 “

199 2953 310 3016 Callisti
327 2953 517 3017 Coemelerio
540 2954 611 3014 olim
635 2955 691 3015 init
714 2955 813 3031 pict03
838 2957 868 3016 in
893 2956 949 3015 illis
971 2954 1051 3013 enirn
1073 2954 1158 3030 pani-

201 3038 270 3105 bus,
294 3038 372 3097 sicnt
394 3038 483 3097 etiam
508 3036 583 3095 aliae
605 3035 741 3114 ejusdem
763 3038 868 3097 aetatis
890 3040 1025 3115 picturae
1039 3035 1159 3095 demon·

200 3121 319 3188 strant,
343 3120 510 3179 rotunditas
533 3118 627 3178 oculis
649 3118 819 3179 subiicitur.
845 3117 889 3179 De
904 3136 992 3179 sensu
1008 3132 1081 3175 vero
1096 3134 1159 3194 my·

200 3200 274 3260 stico
298 3200 412 3277 ligneae
434 3199 580 3260 rotundae
603 3202 643 3259 ita
666 3200 759 3260 babet
773 3198 933 3261 Durandus
955 3201 983 3258 in
1000 3196 1163 3258 Rationale*

199 3281 266 3341 Lib.
289 3280 333 3342 IV
354 3280 426 3359 Cap.
451 3281 470 3340 3
493 3299 522 3338 n.
546 3279 577 3340 8:
601 3278 711 3341 Hostia
734 3283 852 3357 inquit,
874 3282 1025 3359 formatur
1053 3288 1161 3339 roton·

133 3414 137 3423 .
202 3363 252 3435 du;
275 3367 347 3441 puio
368 3362 493 3423 Domini
515 3370 555 3421 est
577 3373 668 3433 terra,
694 3372 722 3422 et
738 3364 896 3441 plenitudo
914 3366 977 3443 ejus
997 3358 1085 3420 Orbis
1100 3370 1161 3420 ter-

202 3462 328 3512 rarum,
353 3456 378 3505 et
400 3444 534 3504 uniuersi
556 3445 609 3523 qui
628 3445 764 3504 dubitant
784 3446 881 3505 ineo.
905 3444 945 3505 Et
966 3442 1055 3520 paulo
1076 3447 1157 3517 post:

204 3527 293 3585 Panis
314 3527 466 3605 formator
486 3528 521 3583 in
542 3524 665 3585 modum
688 3524 820 3597 denarii·
841 3538 904 3588 tum
921 3528 993 3607 qnia
1009 3523 1100 3602 ponis
1114 3523 1160 3581 oi-

201 3612 249 3663 tuc
268 3624 326 3685 pro
348 3606 483 3671 donariis
505 3606 636 3669 traditus
658 3615 718 3676 est,
742 3619 804 3669 tum
820 3611 892 3688 quio
913 3608 993 3669 idem
1014 3604 1160 3665 denarius
