2517 4059
430 218 635 305 „eree

62 346 146 407 tiones
170 347 246 409 istae
268 366 306 409 ex
322 348 444 427 vulgato
466 349 594 409 Alcuino
617 344 815 413 onledltorm
839 347 898 406 rior
918 356 954 406 nl
974 348 1010 408 in

62 429 115 488 olio
136 428 247 488 ordine
268 430 393 507 lapiton,
415 429 502 508 infru
517 432 656 490 thronum
670 428 880 489 cantabantur.
906 427 939 488 ln
955 426 1009 488 Eo-

61 511 141 571 elesia
164 508 382 571 Mediolanensi
404 509 561 571 Orationes
593 510 742 575 solemnes
770 517 836 588 post
860 508 1010 587 Vesperas

62 591 278 661 decantantur,
308 599 339 652 et
360 592 482 669 quidem
504 591 638 670 singulae
659 607 677 651 a
697 592 821 668 singulis
842 590 1012 651 Sacerdoti·

63 674 120 732 bus.
144 670 176 731 lo
194 674 376 749 quibusdam
395 672 537 734 Ecclesiis
553 673 698 737 Sacerdos
713 674 780 732 alba
802 677 833 731 el
855 674 931 733 stola
948 681 1012 734 lan·

64 760 118 815 lum
134 756 267 814 amictus
282 753 441 817 Orationes
458 756 681 832 pronuntiabat.
708 752 751 813 lta
773 772 811 813 ex
828 755 939 814 lllissali
955 757 1013 815 llo·

64 838 233 912 lomagensi.
251 834 323 897 Etsi
342 854 397 913 pro
409 834 530 914 perfidis
541 837 671 903 ludaeis,
689 836 740 911 qui
756 852 851 913 genava
864 834 1012 898 lleclendo

64 914 151 977 losum
167 916 326 977 Christum
344 918 511 988 illuserunt,
537 917 699 996 prostratio
720 919 757 977 ad
779 923 892 977 terram
915 919 1013 979 omitti

64 1000 173 1063 soleat.
198 1016 331 1075 eamque
353 999 518 1061 inilvibeant
539 1017 644 1059 omnes
664 996 729 1057 lure
755 998 792 1057 ad
816 1016 910 1058 unum
931 998 1013 1058 Libri

64 1077 199 1139 lliluales.
227 1080 347 1141 Dicitur
369 1080 566 1157 frequentius.
590 1080 886 1157 Fleolomospenno.
911 1088 945 1142 ut
965 1081 1015 1141 de-

65 1162 147 1227 votio,
171 1168 203 1221 et
227 1164 337 1223 mentis
360 1161 515 1223 humilitas
537 1161 721 1228 ostendatur,
745 1168 776 1222 et
799 1164 960 1238 praecipue
982 1163 1012 1221 in

65 1241 114 1302 bac
135 1244 194 1305 die.
221 1244 252 1301 in
276 1262 333 1320 qua
358 1242 444 1303 lesus
464 1241 601 1304 Christus
624 1243 797 1303 humiliavit
818 1244 1014 1322 semetipsum

66 1325 210 1398 usquead
235 1330 378 1386 mortem.

102 1402 152 1465 lv.
176 1405 285 1465 Crucis
301 1405 461 1467 denudatio
476 1413 507 1467 et
528 1406 663 1466 adoratio
678 1406 784 1467 eodem
808 1423 883 1481 pene
899 1408 959 1467 ritu
982 1423 1015 1466 ac

68 1487 147 1545 modo
162 1488 237 1547 olim
263 1487 373 1563 ubique
390 1488 616 1549 observabatur.
641 1486 727 1547 Circa
740 1484 846 1547 Crucis
867 1488 1018 1547 adoratio-

69 1582 126 1627 nem
150 1568 197 1626 liic
221 1569 384 1629 advertere
407 1570 485 1630 licet.
499 1568 612 1637 ,Primo
634 1570 790 1645 antiquum
814 1586 929 1629 morem
950 1580 1017 1628 eam

69 1648 199 1710 adorandi
225 1650 314 1709 nudis
337 1650 475 1725 pedibus,
501 1651 528 1710 id
551 1652 629 1727 quod
654 1652 707 1728 ipsi
730 1650 819 1710 etiarn
842 1648 938 1727 Reges
958 1648 1018 1711 lle·

71 1746 189 1807 garoque
205 1730 261 1791 lilii
285 1732 495 1793 observabant.
521 1731 658 1791 Seerrndo
674 1735 736 1791 toto
758 1733 794 1790 ad
818 1738 930 1791 terram
954 1748 1018 1809 pro·

71 1817 153 1871 strato
174 1829 308 1889 corpore
330 1809 459 1873 Crucem
482 1814 656 1883 adorabant.
686 1812 765 1871 Audi
789 1813 944 1889 vulgatum
967 1811 1020 1872 Al·

72 1893 198 1953 cuinum:
228 1893 360 1970 Quando
382 1896 457 1954 bunc
482 1893 607 1957 Crucem
630 1893 810 1957 odoramus.
835 1910 921 1952 omne
946 1893 1021 1955 Cor·

70 1988 118 2048 pos
136 1986 274 2036 nostrum
295 1977 418 2037 baereat
441 1989 557 2043 lmroo,
587 1992 766 2037 ueneremur
790 1973 915 2037 Crucem
933 2017 941 2043 ‚
961 1993 1020 2055 por

74 2072 149 2129 quom
172 2057 324 2133 redempti
345 2076 454 2127 rumne,
479 2067 505 2116 tl
526 2059 612 2117 illom
636 2055 842 2135 deprecamur,
861 2059 914 2135 qni
935 2055 1019 2115 redo·

75 2138 130 2195 nil.
153 2136 258 2199 Tertio
273 2140 413 2215 prostrati
436 2146 596 2215 antequam
613 2136 742 2198 Crucem
759 2138 1017 2207 deoscularentur,

75 2214 331 2279 devotissimas'ad
355 2222 452 2282 Deum
476 2236 581 2297 preces
602 2219 719 2295 aliquas
739 2219 908 2295 dirigebant
921 2221 1020 2295 qualis

76 2302 113 2355 esl
131 2299 209 2369 ista,
247 2318 340 2377 quam
362 2300 478 2378 proiert
502 2303 659 2377 antiquum
691 2299 812 2361 Missale
836 2300 1019 2361 pictaviense

76 2393 135 2437 mss.
158 2400 173 2439 a
197 2383 362 2443 Sacerdote
384 2383 440 2443 sub
462 2382 578 2443 silentio
599 2382 779 2442 dicendamt
802 2381 928 2441 Domine
949 2381 1019 2442 Iesu

80 2455 194 2532 cbristo,
220 2465 276 2542 W
293 2466 448 2543 pronubis
472 2462 581 2526 Crucis
597 2474 624 2525 et
645 2464 750 2523 mortis
762 2465 932 2541 patibulum
954 2464 1023 2523 rob·

77 2538 139 2606 l'l'lll'.
161 2556 194 2605 ol
209 2531 313 2605 mb‘ttis
333 2564 352 2603 o
367 2547 449 2604 nobis
470 2545 628 2623 sepultores
640 2554 828 2625 potestatem,
852 2558 880 2607 m
898 2545 1022 2622 sononi-

79 2618 117 2679 πίε
135 2626 178 2683 toi
198 2645 253 2687 nos
263 2629 360 2706 prelio
374 2628 527 2694 liberares,
551 2626 626 2686 mina·
647 2624 774 2687 Domine
788 2626 957 2687 humillimo
975 2626 993 2705 s
1009 2658 1024 2672 ·

81 2704 146 2761 nolo
167 2714 217 2767 tuo
240 2718 269 2767 et
291 2710 409 2769 oeniom
430 2710 564 2769 omnium
583 2717 777 2787 peccalorum
797 2726 931 2769 meorum
954 2727 1024 2769 oon·

82 2780 147 2853 esde,
162 2806 266 2868 meque
289 2807 391 2849 coram
405 2788 566 2848 odorando
585 2789 683 2853 Crosa
705 2800 758 2850 luo
776 2791 1024 2868 prostralomnb

83 2866 200 2928 omuibus
221 2871 311 2930 molis
332 2872 436 2949 eripe,
466 2870 605 2949 bonisque
628 2872 689 2931 luis
709 2871 947 2931 misericorditer
977 2888 1024 2930 rc·

83 2942 155 3016 ’Pion
177 2948 293 3021 Quarto
315 2950 536 3031 Hierosolymis
558 2952 629 3012 olim
651 2950 734 3012 Crux
755 2952 819 3029 ipsa
843 2954 872 3011 in
887 2969 947 3029 quo
970 2968 1025 3027 pro

85 3023 155 3085 nobis
169 3028 306 3092 Salvator
320 3035 481 3111 expiravit,
498 3034 638 3095 omnibus
653 3032 711 3093 bac
722 3034 881 3094 dumtaxat
895 3033 944 3092 die
954 3032 1025 3091 ado-

87 3106 162 3194 randa
176 3114 392 3187 praebebatur.
409 3113 547 3176 Meminit
561 3113 655 3193 hujus
665 3113 889 3176 consuetudinis
904 3114 935 3174 S.
949 3110 1026 3174 Pau·

87 3178 150 3248 lanus
169 3191 198 3250 in
222 3193 352 3272 Epistola
375 3194 412 3254 31
436 3198 472 3256 ad
496 3194 654 3258 Severum.
679 3194 819 3257 Nonnulli
841 3197 1024 3265 existimant,

90 3262 118 3322 lb
130 3286 160 3329 ea
174 3271 467 3355 Hierosolymitanae
484 3276 636 3339 Ecclesiae
658 3278 874 3339 consuetudine
888 3294 1027 3337 commu·

90 3358 144 3408 lem
165 3353 241 3415 lianc
255 3358 421 3418 derivatam
444 3376 510 3419 esse
532 3359 721 3437 disciplinam
743 3358 883 3435 publleae
901 3374 1028 3429 *venera-

39 3486 40 3519 r
91 3425 147 3488 lioni
166 3434 293 3499 Crucem
315 3440 508 3515 exponendis
535 3456 628 3517 quarn
651 3440 821 3518 opinionem
851 3446 962 3503 eruunt
989 3456 1028 3500 ex

39 3528 42 3595 'p
93 3512 175 3574 tarbis
195 3519 252 3580 illis
275 3518 441 3581 Amalariit
466 3518 602 3581 Fuerunt
680 3520 785 3591 ’dom‚
815 3523 868 3601 qni
894 3522 1044 3582 volebant-

95 3584 170 3655 δίοιτο
183 3602 292 3663 sectile
307 3601 441 3663 eamdem
460 3601 619 3665 Crooemo
659 3617 741 3678 nore,
759 3604 794 3664 in
806 3622 866 3683 qno
880 3602 1031 3666 Dominus

858 3701 874 3735 U
