2517 4059
584 159 810 231 *110ss

224 295 440 361 accesserunt,
474 288 620 349 cantando
641 290 732 351 etiam
753 292 955 349 revertantur.
990 286 1128 349 llleratus
1151 291 1181 350 in

224 371 310 433 Notis
330 372 367 431 ad
388 369 558 431 Gasantmn
581 388 649 447 pag.
669 368 749 433 1168
769 370 933 435 existimat,
957 370 1100 445 primum.
1115 390 1184 433 mo·

225 454 297 515 dum
321 472 387 513 csse
410 455 438 511 io
454 452 658 520 interioribus,
682 452 811 513 alterurn
834 452 863 510 in
879 449 1108 515 cathedralibus
1124 450 1183 513 Ec-

225 535 324 597 clesiis
345 534 539 595 serrandum.
563 533 761 593 lnlcrioribus
783 530 924 593 Ecclesiis
944 530 1092 593 Rubricas
1107 532 1184 596 Mis·
1257 569 1258 604 ,

224 617 307 684 salis,
320 615 629 677 Catlredralibusvero
640 614 865 677 Caeremooiale
877 612 1095 691 Episcoporum
1108 634 1183 676 nor·
1257 652 1258 669 r

225 716 306 757 marn
328 716 396 757 esse
417 698 538 758 debore.
568 695 691 773 Triplex
713 697 771 757 hac
792 696 840 756 die
865 696 978 755 litania
1000 697 1183 759 decantaba·
1257 734 1258 767 ς

226 786 285 847 tur,
312 789 442 856 septeno,
469 781 576 857 quino,
598 784 630 837 ct
651 788 754 847 terno,
776 780 819 837 sic
841 777 938 837 dictae
959 778 1039 853 quod
1062 780 1184 855 primae
1257 830 1258 838 ,

224 862 430 921 invocationes
459 862 593 936 singulae
622 862 732 935 septies
762 864 995 937 repeterentur,
1027 862 1182 923 secundae
1257 914 1258 917 ,

224 943 403 1019 quinquies,
428 947 473 1003 rer
494 944 610 1003 tertiae.
638 940 671 1001 ln
693 938 828 1001 Ecclesia
856 941 1014 1001 Parisieusi
1036 940 1182 1003 Officium

224 1025 388 1100 incipiebat
408 1041 425 1082 a
446 1029 569 1099 seplcua
591 1021 719 1091 Lilania‘,
743 1041 832 1100 quam
857 1028 919 1082 tres
941 1022 1073 1085 Diaconi,
1099 1030 1180 1084 tres·
1257 1064 1258 1083 r

224 1124 282 1182 qne
299 1105 479 1164 subdiaconi
494 1101 633 1163 Canonici
649 1104 859 1173 decantabant,
876 1103 984 1163 deinde
1001 1106 1184 1181 pronuncia·
1257 1142 1258 1180 p

222 1188 276 1248 hat
290 1186 440 1244 Diaconos
461 1183 547 1245 Cerei
565 1184 717 1245 Paselralis
738 1187 989 1259 benedictionem,
1014 1191 1119 1260 postea
1138 1205 1184 1249 re·

150 1308 154 1314 -
225 1270 325 1327 citatis
347 1269 376 1324 in
392 1265 491 1325 Cboro
506 1264 711 1336 Lectionibus,
734 1268 795 1327 dno
818 1266 942 1327 Diaconi
965 1283 1034 1325 cnm
1058 1266 1182 1329 dnobus
1257 1338 1258 1345 ἵ

220 1348 417 1409 subdiaconis
440 1349 562 1423 quinam
579 1348 726 1409 Litaniam
753 1350 972 1425 persolvebant.
995 1346 1095 1407 Tertia
1114 1353 1183 1426 post

224 1428 337 1491 Fontis·
350 1430 588 1489 benedictionem
612 1430 798 1493 cantabatur.
823 1428 973 1489 Eumdem
999 1426 1181 1491 Officiorum
1257 1476 1258 1509 3

222 1510 368 1573 Ordinem
389 1512 492 1571 videro
513 1518 560 1572 est
582 1514 610 1570 in
632 1510 798 1573 Pontificali
821 1512 987 1573 Bisontino.
1012 1508 1096 1582 ldem
1114 1510 1182 1573 lere
1257 1556 1258 1571 ,

223 1599 289 1655 eret
308 1592 399 1651 etiam
424 1592 578 1653 Ecclesiae
599 1593 821 1669 tirunensis,
845 1591 934 1669 cujus
955 1594 1046 1651 ritum
1075 1593 1181 1655 videre
1257 1637 1258 1665 ,

222 1674 319 1737 estin
341 1676 403 1734 vita
425 1672 456 1735 S.
480 1673 610 1735 Udalrici
634 1672 773 1751 Episcopi
794 1671 866 1753 Cap.
892 1672 922 1734 [ι.
948 1674 979 1733 ln
1002 1672 1183 1735 Sacramen·
1257 1721 1258 1747 ,

224 1756 301 1819 tario
322 1753 354 1815 S.
378 1755 529 1832 Gregorii,
552 1764 582 1816 et
604 1756 633 1813 in
656 1754 768 1818 Ordine
790 1754 926 1815 Romano
949 1755 1180 1833 praescribitur,
1257 1808 1258 1811 ,

223 1846 258 1899 ot
277 1839 397 1913 qnando
418 1838 448 1897 in
464 1837 587 1897 Litaniis
601 1838 717 1897 canitur
741 1839 842 1914 dgnus
858 1837 923 1905 liei,
937 1837 1049 1896 Altaris
1064 1838 1181 1899 lumina
1257 1886 1258 1917 ÷

222 1920 439 1985 accendantur,
465 1920 565 1980 lumen
591 1919 670 1979 euim
699 1916 781 1979 Fidei
805 1937 858 1994 per
880 1918 1033 1979 Christum
1055 1918 1180 1995 Agrium
1257 1966 1258 2001 ;

221 1998 277 2059 Dei
300 2002 383 2059 nobis
406 2001 514 2070 illuxit,
539 2006 572 2061 ut
593 2002 669 2061 benc
692 2006 775 2061 notat
790 2000 961 2061 Amalauns
984 1999 1051 2059 Lib.
1068 1998 1082 2057 l
1102 1998 1178 2078 Cap.
1257 2058 1258 2065 ,

222 2080 273 2139 30.
298 2080 429 2141 litaniae
452 2086 608 2142 cantantur
635 2089 702 2159 post
724 2080 826 2143 Fontis
849 2080 1032 2159 baptismalis
1054 2081 1180 2141 benedi·
1257 2128 1258 2163 ,

222 2163 378 2228 ctionem,
401 2170 433 2220 et
453 2163 596 2239 Baptismi
619 2163 808 2225 collationem
827 2185 835 2234 3
864 2164 972 2240 quibus
994 2162 1182 2239 significatur
1257 2210 1258 2231 2

221 2244 406 2303 consortium
423 2242 602 2307 Sanctorum
629 2262 699 2303 cum
723 2264 820 2319 nuper
844 2245 999 2324 baptizatis
1028 2246 1071 2305 uti
1093 2244 1182 2307 docet
1257 2240 1258 2326 ,

221 2323 374 2389 (incantus
395 2323 428 2383 P.
445 2323 488 2383 lV
510 2324 571 2383 Tit.
589 2324 621 2385 X
645 2342 728 2385 nom.
746 2326 797 2387 30.
1013 2334 1015 2337 '
1257 2371 1258 2405 3

262 2403 319 2467 lx.
342 2404 514 2476 Celebrans,
537 2411 568 2466 et
589 2405 718 2467 Ministri
742 2408 845 2481 Sacri,
869 2409 997 2487 sumplis
1019 2423 1180 2485 paramen-
1257 2452 1258 2485 ,

222 2490 260 2550 tis
281 2488 356 2548 albis
373 2489 509 2563 pretiosis
531 2487 586 2547 sibi
604 2489 769 2564 respective
785 2492 1043 2556 convenientibus,
1068 2506 1178 2565 proce-
1257 2533 1258 2570 3

222 2570 317 2636 dunt,
349 2574 381 2627 ut
404 2587 468 2629 mos
489 2574 536 2631 est
566 2568 603 2628 ad
626 2569 731 2630 Altare
763 2589 817 2649 pro
838 2571 929 2633 Missa
951 2571 1075 2632 solemni
1100 2568 1180 2632 eele-

104 2675 107 2679 ⁴
221 2650 333 2711 branda
357 2650 461 2711 ordine
482 2651 582 2711 solito.
609 2648 707 2711 Finita
729 2648 942 2725 Confessione,
973 2660 1003 2713 et
1025 2652 1180 2711 incensato
1257 2666 1258 2741 l

222 2732 320 2797 Alteri
344 2749 429 2794 more
451 2734 561 2803 solito,
597 2752 654 2793 noo
677 2732 788 2793 dieitur
810 2735 973 2807 introitus,
1008 2752 1076 2793 nam
1102 2732 1179 2795 baec
1257 2742 1258 2749 ’

221 2812 314 2875 Missa
329 2832 366 2875 eo
388 2820 480 2883 caret,
504 2816 574 2892 qnia
595 2812 740 2875 introitus
751 2820 797 2875 est
818 2815 910 2876 veluti
932 2816 1116 2877 introductio
1129 2814 1178 2875 ad

25 2969 32 2976 ι
221 2896 356 2975 publicas
379 2914 506 2973 preces;
541 2896 621 2958 uode
643 2896 819 2958 cantabatur
851 2898 888 2957 ad
911 2896 1099 2976 occupandos
1128 2895 1179 2956 ad·

155 3034 163 3047 ,
224 2983 349 3047 stantes,
373 2977 468 3039 donec
491 2978 637 3040 Sacerdos
659 2979 776 3037 veniret
797 2979 833 3038 ad
856 2978 981 3048 Altare,
1006 2984 1037 3041 et
1058 2979 1180 3039 univcr-

222 3076 274 3119 sus
297 3061 425 3135 popolus
447 3059 526 3120 toret
546 3061 714 3127 adunatus,
738 3076 774 3119 eo
797 3060 855 3121 iam
879 3062 959 3121 nihil
973 3068 1023 3123 est
1044 3076 1120 3138 opos
1147 3060 1179 3119 in

221 3138 280 3202 bac
302 3139 412 3211 blissa3
436 3140 565 3218 populos
580 3143 659 3203 enim
683 3140 743 3201 iam
758 3148 951 3203 convocatos.
975 3142 1093 3211 Rursus
1107 3157 1179 3202 cum

142 3235 149 3242 ’
224 3222 415 3282 decantatum
430 3224 477 3283 sit
498 3220 593 3301 Κυνὼ
615 3225 646 3283 in
668 3220 809 3291 Litaniis,
835 3242 899 3283 mos
919 3222 982 3301 jam
1007 3224 1078 3283 olim
1104 3220 1174 3292 luit,

220 3307 258 3373 nt
278 3304 371 3365 lllissa
396 3304 471 3364 bace
493 3304 532 3362 ab
548 3305 730 3370 intonatione
753 3302 858 3367 Gloria
873 3305 907 3364 iu
923 3306 1042 3366 eccelsis
1057 3303 1179 3363 inoboe-

221 3388 320 3445 rctur.
344 3383 480 3446 intonato
502 3382 624 3465 Hymno
641 3385 749 3449 Gloria
763 3388 797 3447 in
812 3387 944 3457 excelsis,
969 3393 1000 3449 et
1021 3404 1081 3447 non
1094 3384 1179 3463 prius

221 3463 379 3541 pulsantur
402 3484 509 3527 omoes
529 3469 651 3527 omnino
673 3464 852 3544 Campanae,
877 3486 955 3545 quae
977 3468 1097 3529 suntin
1120 3464 1178 3527 Ec·

222 3544 325 3619 etesia,
349 3550 380 3606 et
400 3543 559 3625 cappellis,
579 3554 614 3610 et
628 3548 836 3618 tintinnabula,
859 3566 936 3627 quae
952 3550 1120 3611 inserviunt
1140 3546 1176 3609 ad
