2517 4059
490 118 717 188 wast&-

120 245 297 305 enistimant
325 264 342 303 a
370 246 401 305 S.
426 244 567 305 Silveslro
589 245 668 305 circa
697 263 808 305 annunt
830 243 891 303 320
918 244 1080 305 eGraecis

122 331 245 403 suptarn
262 326 338 386 hanc
353 328 615 404 supplicationem,
630 326 711 388 etad
728 325 848 387 Latinos
862 327 968 386 eodem
985 325 1080 387 Grae·

118 424 159 466 oo
182 408 324 468 idiomate
347 410 524 469 traductam.
549 410 745 476 Amalarius,
767 407 896 474 Strabo,
919 415 950 468 et
972 408 1082 469 Micro·

125 491 212 564 logns
234 488 380 566 Gregorio
402 488 510 568 Magno
533 490 591 550 hoc
615 490 762 549 tribuunt.
787 489 844 550 Sed
868 489 972 550 multis
994 491 1078 549 annis

122 575 193 630 aute
205 568 386 649 Gregorium
403 573 530 649 viguisse
546 573 623 631 hanc
639 571 888 631 consuetudinem
904 570 932 628 in
944 570 1088 632 Romana,

123 649 259 712 Ecclesia
275 670 312 712 cx
326 650 458 711 Concilio
473 652 609 713 Secundo
621 651 747 711 'Vasensi
763 652 819 711 sub
836 648 935 713 Felice
952 650 994 709 tv
1009 670 1081 712 con·

122 739 182 794 stat
195 732 267 794 Can.
285 733 316 793 3:
339 730 430 807 Quia,
456 735 561 812 inquit,
579 744 642 794 tom
654 736 690 792 in
705 731 777 795 Sede
793 731 970 809 Apostottca,
988 751 1080 811 quom

119 817 216 874 etium
235 834 289 894 por
305 824 379 875 totos
399 812 577 880 orientales,
595 827 683 892 atque
698 813 807 873 ltaliae
824 813 998 875 Prouincias
1013 814 1080 875 dol·

124 896 178 964 cis,
204 907 231 956 et
251 900 379 957 nimium
401 897 544 957 solutoris
560 894 748 955 consuetudo
771 906 812 955 cst
833 895 1021 964 intromitto,
1044 906 1080 955 stt

124 973 222 1055 Kyria
244 978 350 1037 eleison
371 976 558 1055 frequentius
586 996 655 1037 com
680 976 793 1053 prandi
820 976 927 1057 affectu
954 986 981 1035 st
1001 994 1080 1037 com-

118 1059 285 1136 punctione
308 1058 439 1118 dicotur.
463 1057 524 1119 Cur
547 1075 620 1119 vero
650 1059 725 1118 haec
747 1059 947 1135 supplicatio,
971 1076 1080 1133 graece

82 1188 86 1197 .
124 1140 248 1214 potius,
272 1158 363 1215 quarn
386 1140 476 1201 latine
498 1160 516 1200 a
539 1139 651 1201 Latinis
672 1139 791 1199 dicatur
814 1141 914 1199 variae
936 1147 1006 1199 sunt
1027 1140 1081 1201 Sa·

123 1238 247 1281 crorum
262 1221 386 1281 Rituunr
412 1222 576 1282 Doctorum
603 1222 777 1281 sententiae.
797 1219 905 1281 Dicunt
930 1220 1027 1280 Latini
1049 1223 1087 1286 in.

121 1300 321 1381 MissaKprio
337 1303 444 1363 cleison
458 1320 576 1379 gracco,
593 1304 697 1363 dicunt
711 1303 802 1362 etiam
818 1302 959 1363 hebraice
970 1300 1077 1371 ,imam

122 1380 264 1465 Altslujn,
282 1384 424 1453 Sabaoth,
450 1394 477 1445 et
497 1381 638 1443 Osanna:
660 1384 730 1459 qnia
751 1382 878 1443 fortasse
899 1385 943 1444 sic
963 1385 1001 1444 ab
1024 1385 1080 1445 ini·

122 1464 164 1523 tio
179 1462 459 1525 Ecclesiasticarnm
484 1482 606 1542 precum
627 1465 817 1525 institutores
839 1483 929 1525 noces
951 1467 1022 1526 istas
1045 1485 1080 1527 u·

116 1552 302 1623 surparunt,
326 1551 362 1605 ut
381 1547 573 1607 ostenderent
594 1553 628 1606 ut
648 1546 789 1607 observat
809 1542 974 1607 Cardinalis
996 1546 1080 1609 Bona

123 1645 216 1687 unam
238 1646 304 1689 esse
327 1624 519 1697 Ecclesiam,
544 1646 621 1703 quae
644 1645 682 1688 ex
704 1624 879 1696 Hebraeis,
902 1636 933 1688 et
954 1627 1079 1689 Graecis

117 1710 266 1785 primum,
285 1708 391 1769 deinde
414 1727 451 1769 ex
467 1710 578 1769 Latinis
593 1710 761 1769 coadunata
775 1715 837 1769 est:
862 1708 911 1768 tel
927 1710 997 1784 quia
1013 1727 1080 1788 my·

120 1792 212 1851 steria
234 1798 351 1850 nostrae
373 1790 457 1850 Fidei
480 1792 576 1851 tribus
603 1790 686 1850 hisce
708 1789 833 1862 Linguis
865 1788 902 1849 ab
924 1790 1078 1867 Apostolis

115 1877 152 1933 ut
167 1868 376 1947 Evangelistis‚
392 1888 559 1946 eorumque
574 1871 757 1932 immediatis
767 1869 998 1931 successoribus
1012 1890 1083 1933 cous

116 1954 232 2029 scripta
255 1953 387 2015 luerunt.
405 1952 462 2013 Sed
478 1970 690 2029 quaecumque
712 1952 805 2012 luerit
819 1969 910 2013 causa
931 1951 1022 2029 hujus
1038 1954 1078 2015 in·

119 2034 293 2104 stitutionis,
318 2034 520 2096 certissimum
543 2040 678 2108 osteum
700 2033 938 2111 antiquissimam
960 2054 1040 2097 esse.
1079 2079 1083 2085 ·

162 2114 217 2176 ΙΙΙ.
241 2114 358 2176 Novem
394 2116 495 2192 itaque
532 2116 675 2180 vicibus,
699 2116 776 2175 hanc
804 2116 1007 2192 precationem
1029 2134 1079 2179 re·

120 2198 262 2273 petimus,
287 2203 334 2259 ter
356 2197 392 2256 ad
414 2197 545 2265 Patrem,
568 2201 614 2259 ter
637 2197 675 2257 ad
696 2195 830 2268 Filium,
856 2197 901 2257 ter
923 2198 960 2257 ad
982 2198 1078 2277 Spiri·
1133 2257 1136 2263 ,

119 2286 185 2339 tum
207 2277 373 2343 Sanctum,
396 2296 474 2355 eam·
487 2277 669 2355 dirigentes,
692 2284 795 2339 contra
818 2278 965 2352 triplicem
987 2282 1079 2341 misc-

120 2360 207 2426 riam‚
226 2365 258 2420 ut
273 2368 341 2437 apte
363 2361 503 2420 observat
516 2358 629 2420 Natalis
645 2358 817 2420 Alexander
831 2356 986 2438 meotopta
1002 2363 1078 2440 1209·

118 2444 234 2501 stratico
256 2439 386 2501 Moralis
411 2438 493 2500 Tum.
511 2440 531 2500 1
548 2440 614 2502 Lib.
640 2440 668 2509 tl
690 2446 749 2501 art.
773 2440 792 2501 5
815 2458 904 2501 num.¹
924 2440 964 2509 lt,
990 2444 1076 2521 igno·

120 2524 247 2589 rantiae,
270 2524 387 2601 cnlpae,
412 2529 443 2583 et
465 2539 589 2598 poenas,
620 2522 668 2582 vel
690 2521 726 2581 ad
750 2522 947 2581 imitationem
969 2527 1078 2585 cantus

118 2604 331 2681 Angelorum,
363 2604 415 2679 qui
443 2604 471 2661 in
494 2602 787 2677 *noremOrdiuum
801 2600 917 2662 Clroros
945 2603 1077 2666 distincti

119 2692 200 2747 eunt.
225 2685 296 2748 ldeo
323 2690 425 2744 autem
451 2684 567 2746 Christe
589 2685 696 2744 eleison
725 2685 761 2743 ad
784 2681 896 2745 Filium
918 2686 1073 2756 dicimus,
1101 2699 1104 2703 ’

120 2784 177 2828 non
193 2762 398 2845 Kyrit,.sicnt
420 2766 456 2825 ad
472 2765 604 2833 Patrem,
627 2770 658 2825 et
672 2764 816 2842 Spiritum
832 2764 986 2835 Sanctum,
1003 2768 1075 2844 quia

121 2846 229 2915 Pater,
259 2853 291 2907 et
312 2846 442 2923 Spiritus
465 2846 590 2907 Sanctus
617 2853 688 2907 sunt
709 2844 843 2921 ejusdem
866 2853 989 2908 naturae
1011 2854 1077 2908 tan-

113 2936 195 2997 tum,
220 2926 313 2988 Filius
337 2946 431 2994 vero,
455 2929 511 2987 etsi
533 2928 571 2987 sit
592 2924 728 3003 ejusdem
753 2933 878 2989 naturae
899 2945 969 2988 cunr
992 2929 1072 2997 illis,

117 3017 163 3071 est
185 3017 285 3070 tamen
307 3010 397 3071 etiam
420 3008 555 3075 alterius,
573 3014 607 3069 ut
621 3009 757 3085 geminos
773 3011 858 3087 pipns
879 3011 1075 3081 substantiam

118 3097 260 3151 naturam
281 3090 396 3151 scilicet
418 3090 580 3151 humanam
602 3090 773 3167 assumpsit,
796 3090 959 3151 secundum
982 3110 1075 3169 quam

118 3174 231 3233 unctus*
248 3180 294 3232 est
314 3188 331 3229 a
355 3172 418 3233 Deo
440 3172 507 3231 oleo
530 3170 660 3233 laetitiae
683 3188 754 3248 prae
775 3173 961 3234 consortibus
981 3174 1070 3248 suis,

117 3271 177 3315 non
193 3255 258 3315 oleo
274 3254 394 3325 visibili,
418 3252 470 3313 sed
494 3252 678 3328 plenitudine
698 3253 871 3322 divinitatis,
890 3255 968 3320 idem
987 3255 1075 3318 Citri-

113 3345 187 3404 stos,
211 3335 290 3394 idest
312 3342 419 3395 unctus
440 3339 576 3397 vocatur.
592 3332 739 3405 Quamvis
761 3341 862 3395 autem
883 3333 986 3397 fideles
1006 3354 1072 3397 om·

115 3433 169 3476 nes
192 3414 247 3477 Ilei
270 3415 507 3477 miscricordiam
531 3415 697 3491 plurimum
721 3416 894 3492 indigeant,
912 3418 1075 3495 speciatim

113 3503 218 3559 tamen
247 3514 313 3559 earn
341 3498 462 3558 invocat
491 3495 636 3558 Sacerdos
669 3494 856 3559 Sacrificium
884 3499 1075 3563 incruentum
