2517 4059
453 208 677 285 &237ss

96 342 145 402 das
167 340 233 402 beo
254 341 365 419 gratias
387 358 444 418 pro
459 338 606 401 beneficio
619 338 742 415 aliquo,
759 338 806 398 vel
822 340 851 399 in
867 343 1045 405 memoriam
1062 384 1064 389 -

94 425 308 485 ltelunctcrum
330 422 470 500 legimns.
494 420 539 482 Ile
556 418 710 481 Ecclesiae
727 418 918 481 Dedicatioue
934 421 969 484 fit
982 425 1047 485 olii-

95 508 189 572 cium,
213 510 245 565 et
265 506 387 565 omnino
414 504 495 565 idem
528 510 588 563 tam
611 503 640 561 iu
663 502 726 578 ipsa
749 501 817 570 die,
843 502 871 561 in
895 521 955 578 qua
976 523 1047 566 con·

93 594 250 654 secratur,
273 605 365 662 quam
393 586 552 660 quotannis
574 585 603 644 in
625 583 675 643 die
700 582 903 643 anniversaria
925 582 1048 649 Dedica-

94 670 200 737 tiouis,
224 669 257 726 in
279 674 408 743 utroque
429 684 500 727 casu
520 667 636 743 primae
657 660 767 724 Classis
789 682 858 725 cnm
881 671 999 738 octava,
1014 677 1048 731 ut

94 756 209 810 constat
231 765 272 810 ex
291 748 465 815 breviario,
488 749 527 808 lta
550 754 672 809 umen.
698 752 732 805 ut
754 745 782 802 in
806 746 869 821 ipso
892 747 938 806 dic
960 750 1049 811 Dedi-

60 869 64 874 -
94 832 219 891 cationis
242 830 357 890 dicatur
378 828 496 891 Oratio:
513 828 593 889 Deus
615 827 670 905 qai
690 826 883 887 incisibr'litsr
904 828 932 886 in
957 831 1049 891 Anni·

93 914 228 974 versario
250 913 365 971 dicatur
387 912 444 971 alia
467 910 619 971 uidelicet:
637 908 716 969 Deus
740 910 792 985 qm·
813 910 906 969 nobis.
920 909 1047 983 Quando

94 997 122 1055 in
141 995 245 1055 officio
259 992 460 1055 Dedicalionis
475 990 605 1069 alicujus
619 988 771 1051 Ecclesiae
788 990 916 1051 babetur
930 994 1046 1071 aliquod

92 1078 127 1137 dc
150 1076 296 1153 proprio,
321 1073 395 1132 illud
417 1074 626 1142 retinendum,
652 1078 682 1131 el
704 1076 822 1130 caetera
837 1071 873 1131 de
889 1070 1048 1134 Communi

91 1158 283 1235 supplenda,
306 1160 377 1231 puta
407 1173 461 1231 pro
482 1154 677 1213 Dedicatione
704 1151 847 1213 basilicae
870 1151 921 1213 SS.
946 1155 1049 1217 Silva·

91 1240 186 1307 toris,
211 1245 243 1298 et
265 1236 459 1297 Basilicarum
483 1235 535 1297 SS.
559 1232 773 1309 Apostolorum
798 1232 876 1295 Petri
899 1241 930 1296 el
952 1237 1046 1298 Pauli.

91 1317 207 1381 Rursus
230 1317 388 1393 aliquando
410 1317 534 1393 contigit
548 1316 620 1375 nibil
636 1333 702 1376 csse
716 1316 894 1375 sumendum
912 1318 948 1376 de
962 1316 1049 1380 Com·

92 1403 174 1461 muni
196 1401 297 1461 Officii
318 1398 542 1467 Dedicationis,
559 1397 680 1471 quando
695 1415 802 1474 nempe
820 1416 873 1473 pro
888 1397 977 1459 Festo
991 1398 1051 1463 De-

92 1483 250 1544 dicationis
282 1480 317 1541 tit
347 1479 476 1538 officium
499 1478 536 1538 de
558 1476 708 1545 Titulari,
736 1484 767 1537 et
789 1496 877 1538 casus
909 1480 1050 1541 daturin

93 1563 290 1626 Dedicatione
312 1560 344 1621 S.
368 1560 482 1621 Mariae
504 1559 541 1620 ad
563 1558 675 1629 Nives,
699 1566 730 1621 ct
752 1560 780 1618 in
803 1558 994 1621 Dedicatione
1017 1562 1049 1623 S.

92 1644 250 1708 Michaelis
274 1642 479 1719 Archangeli,
505 1642 533 1699 in
556 1641 666 1716 quibus
687 1638 784 1702 Festis
818 1642 891 1701 nibil
920 1645 1050 1705 sumitur

92 1727 127 1787 de
149 1729 252 1788 officio
273 1723 486 1785 Dedicationis.

133 1810 192 1871 ΙΙΙ.
217 1807 248 1867 Si
270 1806 423 1882 contingat
444 1804 575 1865 dedicari
598 1800 765 1865 Ecclesiam
791 1806 819 1863 in
842 1804 943 1879 aliquo
963 1803 1052 1865 Festo

93 1908 128 1949 ex
152 1888 405 1957 solemnioribus,
430 1891 500 1945 lunc
523 1904 560 1946 ue
588 1887 747 1961 quotannis
780 1888 967 1945 occurrentia
991 1887 1050 1947 duo

94 1968 182 2035 Festa
206 1990 239 2031 sc
262 1968 390 2029 invicem
414 1967 599 2045 impediant,
625 1970 721 2041 potest
737 1966 933 2028 Consecratur
950 1968 1053 2028 decer·

96 2072 166 2113 nere
190 2053 285 2113 alium
301 2050 380 2109 diem
396 2049 433 2108 ad
449 2047 663 2109 celebrandum
679 2050 913 2109 anniversarium
931 2047 1052 2119 Festum

97 2131 301 2195 Dedicatiouis
323 2128 459 2207 ejusdem
482 2129 636 2190 Ecclesiae
663 2147 681 2189 a
710 2146 741 2205 se
771 2136 971 2191 consecratae.
994 2128 1052 2193 No·

94 2217 174 2277 mine
198 2220 300 2275 autem
322 2210 480 2272 Festorum
498 2211 713 2271 solemniorum
729 2212 854 2271 veniunt
870 2213 1004 2289 proiectu
1020 2214 1053 2274 bi

92 2298 179 2367 dies,
204 2296 314 2372 quibus
336 2293 524 2354 interdicitur
546 2310 562 2350 a
585 2290 728 2351 Rubricis
750 2292 958 2371 cujuscunque
973 2291 1053 2356 Festi

96 2378 274 2440 celebratio.
298 2374 393 2435 Extra
414 2380 513 2435 actum
536 2372 779 2435 Consecrationis
802 2394 859 2434 non
882 2380 979 2451 potest
994 2395 1055 2437 am·

95 2460 176 2534 plius
200 2459 310 2518 mutari
333 2454 479 2524 Festum,
504 2454 672 2514 inconsulta
697 2453 805 2517 Sancta
834 2457 905 2516 sede
926 2456 1053 2531 Aposto-

95 2540 164 2601 lica.
181 2538 308 2599 Praeter
324 2538 462 2615 propriae
478 2535 630 2597 Ecclesiae
645 2532 870 2597 Dedicationem
885 2582 892 2604 ,
909 2539 1055 2599 celebrari

95 2638 216 2697 quoque
244 2619 333 2679 debet
364 2620 567 2677 anniversaria
595 2616 751 2679 Dedicatio
773 2616 925 2679 Ecclesiae
946 2617 1056 2683 Cathe-

97 2703 212 2772 dralis,
230 2702 258 2760 in
274 2692 403 2759 Ciuitate
418 2690 540 2775 quid‘em
557 2717 627 2759 cum
644 2696 756 2759 Octava
771 2742 778 2765 ,
796 2702 823 2759 in
838 2699 975 2761 Dioecesi
992 2703 1055 2763 sine

96 2782 214 2845 Octava
236 2801 273 2843 ex
290 2780 418 2841 Derceto
439 2780 470 2841 S.
494 2778 532 2838 R.
556 2776 591 2839 C.
608 2780 628 2839 2
643 2779 716 2858 Maji
735 2781 825 2841 1619.
842 2782 982 2843 Officium
997 2783 1057 2843 De-

97 2865 256 2927 dicationis
277 2869 323 2924 est
343 2861 462 2939 Duplex
484 2859 595 2938 majus,
619 2860 699 2938 apud
715 2861 890 2924 Duraudum
914 2864 980 2924 Lib.
998 2862 1058 2927 vn

97 2945 168 3026 Cap.
195 2947 210 3005 1
241 2963 310 3004 cnm
333 2941 446 3003 Octava
470 2943 519 3003 nbi
541 2948 573 3003 et
595 2942 706 3002 indicat
726 2944 878 3013 Officium,
894 2963 955 3020 quo
979 2962 1056 3005 nunc

99 3031 229 3089 utimur.
253 3024 323 3085 Pius
346 3023 373 3083 V
397 3025 526 3084 mutavit
547 3023 702 3084 lectiones
726 3027 814 3102 primi
829 3026 998 3093 Nocturni,
1024 3030 1057 3087 ut

98 3114 200 3172 esseut
227 3107 265 3167 de
287 3105 465 3181 Scriptura.
487 3104 571 3183 juxta
605 3106 739 3181 regulam
773 3110 924 3185 antiquam
946 3108 1057 3169 Roma-

100 3210 192 3261 nam,
218 3208 258 3251 ex
279 3187 438 3264 Eadulpbo
459 3185 550 3264 Prop.
575 3185 603 3245 ll
626 3188 768 3265 additque
785 3190 939 3250 Lectiones
960 3190 1058 3252 varias

102 3290 155 3349 pro
179 3277 243 3333 tota
264 3267 379 3330 Octava
402 3274 433 3328 et
453 3268 630 3329 Orationem
654 3272 805 3347 propriam
838 3291 894 3351 pro
926 3273 989 3350 ipso
1011 3272 1058 3334 dic

103 3350 331 3418 Dedicationis,
355 3354 446 3424 atque
468 3369 505 3410 ex
520 3350 586 3411 bac
608 3348 744 3420 Octava,
768 3370 839 3413 cum
867 3351 1059 3414 Lectionibus

101 3436 264 3510 unicuique
287 3432 347 3492 dici
370 3432 548 3504 assignatis,
572 3431 722 3509 colligitur
742 3433 878 3512 ejusdem
902 3434 982 3497 Festi
1007 3454 1059 3497 ex·

100 3517 251 3583 cellentia,
275 3521 306 3575 ct
328 3513 467 3588 dignitas.
484 3511 527 3570 De
551 3513 676 3589 origine,
701 3514 821 3590 rituque
844 3517 1010 3582 dedicandi.
1027 3523 1059 3578 et

102 3597 297 3659 consecrandi
318 3594 482 3660 Ecclesiae,
499 3611 553 3654 nec
570 3611 628 3654 nou
654 3595 690 3655 de
706 3596 795 3656 modo
810 3598 981 3659 celebrandi
997 3604 1058 3659 tam
