2517 4059
540 196 762 265 wstidw·

170 328 258 388 tustis
280 325 413 385 nummis
436 342 527 384 manu
549 330 661 401 gerunt
676 324 876 402 Imperatores
905 327 1001 403 pilam
1014 328 1064 385 cui
1081 324 1136 385 Vi-

169 409 264 467 ctoria
295 406 416 465 insistit.
440 404 565 464 Addidit
598 406 688 482 igitur
709 408 921 469 Constantinus
947 408 1019 468 bnic
1045 407 1135 485 globo

170 489 311 557 Crucem,
328 486 408 562 quod
431 488 509 547 inter
532 486 607 547 alios
630 495 756 549 testatur
772 488 963 565 Nicephorus
985 490 1051 548 Lib.
1074 485 1134 549 Vll

168 569 242 647 Cap.
268 568 319 637 lu,
343 586 413 628 cum
437 571 502 628 ait:
529 568 763 630 Constantinum
784 588 870 648 pomo
892 589 943 629 scu
964 572 1136 649 plebescens

169 661 284 712 statuae
308 650 550 727 superaddidisse
576 646 713 733 Crucsp'c,
730 648 909 727 Exemplum
932 651 1132 723 Constantini,

122 809 127 815 Ι
170 732 292 810 globum
316 734 500 794 crucilerum
524 748 615 791 manu
640 735 792 801 tenentis‚
816 734 910 793 secuti
931 740 1001 793 suut
1022 734 1137 811 reliqui

169 814 382 889 Imperatorem
397 815 546 874 habentur
561 814 642 872 eninr
660 818 775 873 nummi
797 814 957 874 Theodosii
981 834 1049 875 cum
1075 816 1135 875 boc

172 897 272 975 globo,
297 899 431 973 itemque
453 896 586 954 liciniae
609 896 774 957 Eudoxias.
799 897 846 955 Ab
868 896 924 956 hac
946 898 1036 972 igitur
1051 904 1137 957 vete·

172 996 240 1037 rum
254 977 479 1056 Imperatorum
491 974 709 1037 consuetudine
721 978 887 1038 etiamnum
899 979 1053 1040 descendit
1064 997 1136 1039 cru-

170 1059 245 1119 ciler
266 1060 316 1120 ille
339 1060 467 1137 globus.
496 1060 574 1117 iuter
595 1060 673 1117 sacri
695 1060 822 1119 Romani
846 1058 967 1137 imperii
991 1061 1133 1138 insignia.

169 1140 236 1199 Non
269 1143 361 1201 medo
387 1142 417 1199 iu
440 1140 528 1217 globo
551 1140 745 1217 imperatorio
766 1141 905 1205 terebant
927 1139 1134 1219 lmperatores

166 1220 324 1293 Crucem,
349 1223 401 1281 sed
424 1230 456 1281 et
477 1222 572 1281 sclam
602 1222 667 1281 sine
689 1221 838 1297 globulo
857 1222 1030 1299 Originibus
1053 1222 1137 1283 Con-

171 1304 442 1381 stantinopolitauis
469 1303 620 1379 proditum
644 1310 714 1371 est,
744 1304 940 1364 iustiniauum
964 1305 1135 1381 Imperato—

149 1402 237 1463 ‘rem
258 1384 420 1461 Templum
443 1402 511 1444 cum
533 1384 707 1444 Patriarcba
731 1388 868 1451 intrasse,
885 1384 1013 1446 Crucem
1037 1404 1132 1447 maun

171 1466 331 1526 terentem.
358 1466 473 1525 Cruces
498 1466 677 1541 imaginibus
700 1466 906 1527 Victoriarum
937 1469 1059 1527 additas
1078 1467 1136 1526 nli·

170 1548 311 1621 quaudo,
339 1548 442 1606 videre
470 1547 540 1607 licet
561 1549 590 1605 in
614 1550 746 1609 nummis
769 1548 1011 1625 imperatorum:
1038 1550 1133 1609 nomi·

165 1630 262 1698 natim
286 1630 431 1691 Marciani
456 1636 488 1690 et
508 1630 672 1688 Anastasii.

528 1848 655 1911 CAPUT
679 1850 766 1911 XVl.

327 2073 371 2115 DE
392 2071 492 2115 FESTO
514 2070 838 2115 Tususrluunsrlours
861 2070 984 2117 buntur.

216 2278 241 2339 1.
264 2274 550 2352 Transfiguraticnis
571 2276 691 2335 llomini
714 2274 918 2336 Festivitatem
935 2273 1133 2353 Callistoll‘a·

174 2378 230 2437 pae
254 2357 298 2419 ΙΙΙ
321 2358 413 2415 refert
435 2356 549 2416 Platina
570 2359 600 2415 iu
622 2360 789 2433 gratiarum
813 2358 959 2417 actionem
982 2358 1131 2417 victoriae

175 2445 204 2501 in
226 2441 342 2501 Turcas
363 2440 393 2497 iu
408 2436 563 2515 Huugaria
581 2446 763 2514 reportatae.
784 2438 946 2515 Complura
962 2436 1134 2499 Calusidius

174 2522 264 2583 offert
285 2525 315 2581 in
336 2520 553 2597 Martyrelogio
575 2528 765 2595 arguments,
781 2522 892 2595 quibus
914 2520 990 2579 lrauc
1006 2518 1133 2579 Festivi·

175 2610 268 2665 tatem
291 2603 420 2664 Callisto
444 2600 485 2661 ΙΙΙ
507 2604 708 2680 aritiquicrem
727 2602 844 2678 probat.
863 2600 1010 2661 Batonius
1026 2604 1055 2659 iu
1071 2598 1133 2659 Nn-

172 2686 211 2746 ts's
239 2685 280 2743 cd
301 2684 550 2762 Martyrologium
573 2685 621 2742 die
647 2689 729 2743 sexta
753 2682 905 2758 Augusti,
933 2683 1132 2742 vetustiorem

173 2768 217 2827 ait
243 2785 307 2826 csse
336 2766 413 2824 banc
435 2767 655 2826 solemnitatem
680 2765 807 2842 Callisto
824 2758 847 2831 ‚'
862 2764 914 2839 qui
936 2771 1036 2824 umen
1057 2762 1133 2823 uffi-

171 2850 254 2909 cium
277 2850 315 2908 de
337 2867 371 2907 ea
396 2848 517 2907 recitari
542 2848 678 2927 jusserit.
702 2846 815 2907 Suarez
842 2843 922 2904 Your.
948 2845 966 2905 1
990 2845 1024 2903 dc
1046 2844 1131 2904 Reli·

175 2934 261 3009 ciouc
283 2931 350 2990 Lib.
375 2928 403 2988 ll
423 2929 498 3005 Cap·
521 2929 541 2989 5
564 2946 647 2988 uum.
674 2927 712 2985 lb
736 2933 841 3004 putat,
865 2925 1026 2987 Callistum
1050 2927 1131 2986 bunc

176 3016 286 3073 testum
310 3014 402 3075 diem,
426 3011 464 3068 dc
485 3029 545 3086 quo
567 3017 683 3070 tantum
707 3008 847 3069 Officium
873 3010 1068 3076 recitaretur,
1091 3024 1131 3067 ex

174 3101 335 3171 praecepto
354 3091 503 3151 celebrari
524 3090 659 3167 jussisse.
678 3088 716 3148 Et
731 3090 874 3151 Bailletus
889 3090 1051 3156 existimat,
1067 3089 1133 3150 Cal-

175 3177 281 3235 listum
309 3177 345 3234 ad
368 3173 763 3245 universalemEcclesiam
787 3172 870 3231 'hauc
892 3171 1061 3231 extendisse
1083 3186 1133 3229 so·

175 3259 373 3318 lemuitatem.
395 3253 518 3314 Certum
542 3254 612 3313 illud
635 3260 692 3321 est,
718 3253 961 3314 auleCallixtum
977 3252 1020 3311 ΙΙΙ
1036 3252 1133 3311 inali-

174 3338 286 3416 qnibus
307 3337 449 3399 Ecclesiis
463 3334 745 3412 Transfiguratiouis
761 3333 884 3394 Festum
897 3334 1045 3393 ¹celebrari
1059 3350 1130 3392 con-

174 3422 321 3481 suevisse.
344 3416 383 3477 Et
405 3434 438 3476 re
460 3418 581 3492 quidem
604 3434 677 3477 vera
700 3418 728 3475 in
746 3421 863 3477 vetusto
878 3414 990 3475 Missali
1007 3415 1132 3491 insignis

174 3500 329 3562 Ecclesiae
351 3499 534 3559 Turonensis
556 3504 624 3558 ante
645 3516 740 3557 ¹cronos
761 3496 823 3557 800
839 3514 928 3555 manu
945 3502 1069 3555 exarato
1086 3512 1132 3557 te·

172 3584 291 3663 peritur
311 3584 369 3643 boc
391 3577 512 3658 Festum
536 3598 605 3641 cum
628 3580 718 3639 Missa
732 3578 770 3640 Iu
790 3578 899 3655 Vigiliis
920 3573 1132 3657 Transfigura-
