2517 4059
465 213 689 286 meabili&

151 361 163 400 r
187 344 230 402 uti
253 340 398 403 observat
418 340 582 404 Cardinalis
597 343 679 403 Bona
702 343 749 404 vel
765 341 928 420 apostolis,
953 342 1000 403 vel
1016 340 1053 401 Α·

182 423 248 484 licis
271 424 343 484 viris
366 425 574 494 tribuendam,
599 423 802 486 Praelationes
817 431 918 484 autem
941 423 1054 500 ubique

203 524 256 574 rs,
290 512 380 580 atoue
403 508 527 568 usitatas
548 505 661 576 luisse,
693 524 731 565 ex
754 505 896 581 Liturgiis
919 506 1055 564 omnium

234 605 302 646 rum
325 588 423 663 palam
440 587 484 648 lit.
509 588 654 648 Diversae
675 589 796 664 quidem
812 590 841 646 in
857 588 982 646 diversis
997 584 1055 645 Ec-

256 687 339 728 rrum
361 669 508 731 formulae
530 669 675 740 luerunt,
709 687 814 730 omnes
846 675 946 728 mmen
975 669 1055 728 idem

281 769 308 811 n
332 758 566 828 prosequuntur.
590 749 669 810 Nam
688 753 785 827 primo
801 749 1055 813 Sacerdos.corda

305 831 333 891 'li
360 832 452 898 'ubet
466 851 543 908 quae
565 833 657 894 rerba
679 849 717 891 ex
738 831 865 892 Alcuino
887 831 967 890 bunc
988 849 1057 892 sen-

66 936 97 998 ᾖ·
339 852 412 975 lam
434 911 608 994 apostolicis
630 925 657 974 ci
679 911 868 991 Eoonpclicis
890 913 1056 992 praeceptis

11 1047 15 1080 e
41 1009 65 1055 r,
85 999 116 1066 ‘a
351 996 458 1061 rocci,
483 1007 510 1056 et
526 997 713 1083 'confirmabi
736 994 829 1054 cordo
852 1005 948 1056 cestro
963 1012 983 1052 a
997 1007 1056 1054 rcr-

14 1075 19 1082 '
58 1087 78 1110 ··
379 1096 410 1134 m
426 1075 1055 1158 odDominumdiripite-etsocrificium,

399 1157 466 1218 lom
488 1161 657 1229 obtulistis,
686 1157 774 1236 alipes
797 1157 904 1237 offerre
927 1159 1054 1218 vulcam.

421 1259 430 1296 r
461 1240 510 1300 illa
533 1246 603 1308 est,
639 1257 716 1315 qliae
745 1240 888 1299 tribuitur
910 1238 1057 1300 Clementi
1141 1303 1146 1312 .

437 1322 534 1384 ’onom
550 1319 788 1399 Apostolicorum
803 1320 875 1396 Cap.
896 1320 946 1380 16.
971 1321 1003 1379 ln
1020 1337 1056 1379 ca

463 1422 542 1466 anes,
561 1411 591 1463 et
606 1404 761 1475 attributa,
775 1420 810 1462 ac
825 1410 948 1462 aeterna
965 1402 1058 1461 Verbi

373 1485 530 1561 ¹,reductio
546 1487 681 1545 omnium
698 1489 921 1552 creaturarum,
938 1501 1058 1544 earum·

279 1585 360 1632 nuo,
395 1573 484 1642 atque
511 1568 606 1627 ineis
631 1566 767 1642 regendis
795 1566 976 1625 admirabilis
1002 1565 1057 1624 Dei

163 1649 308 1716 naeniis,
333 1653 363 1707 et
384 1649 549 1723 sapientia,
580 1656 610 1709 et
632 1667 703 1725 erga
728 1649 863 1708 lromines
891 1647 1059 1724 benignitas

100 1725 228 1804 eleganti
244 1747 385 1790 sermone
402 1737 605 1790 recensentur.
623 1729 755 1788 Demum
772 1726 957 1789 conciuditur
973 1746 1057 1788 more

100 1809 208 1870 usitato
232 1803 416 1884 Angelorum
439 1814 725 1870 commemoratione
748 1813 941 1878 canentium,
966 1816 998 1870 et
1019 1811 1057 1868 sli-

100 1892 246 1959 centium‚
272 1891 409 1962 Sanctus,
434 1892 560 1952 Sanctus
583 1900 642 1953 etc.
667 1890 711 1950 Ex
729 1894 786 1952 hac
809 1891 996 1952 Praelatiouc
1011 1911 1058 1951 ar·

100 1972 163 2043 guit
184 1973 351 2034 Grancolas
373 1975 402 2034 in
424 1992 516 2050 opere
538 1976 587 2033 cui
611 1973 731 2033 titulus:
756 1975 812 2034 Les
828 1975 996 2034 bucienncs
1010 1973 1061 2032 Li-

102 2054 214 2129 turgics
228 2055 271 2114 .Τ.
296 2055 310 2114 l
331 2054 533 2118 Praelationes
556 2061 696 2123 nostras,
721 2074 798 2131 quae
829 2074 887 2114 nou
909 2057 1060 2114 continent

101 2131 155 2194 nisi
178 2134 346 2212 Spirituum
371 2139 544 2198 caelestium
569 2139 688 2198 nomina
712 2135 815 2215 (nulla
832 2138 907 2198 lacta
926 2136 1061 2198 Creatio-

102 2214 167 2282 nis,
192 2217 329 2295 Lapsus‚
359 2217 582 2294 Redemptiouis
605 2227 635 2278 et
657 2216 864 2280 Eucharistiae
887 2218 1060 2297 mentione)

102 2311 206 2357 carum
230 2318 297 2360 esse
319 2302 517 2376 compendia,
547 2319 624 2377 quae
646 2303 811 2376 antiquitus
834 2302 1058 2369 recitabantur,

103 2377 208 2440 saltem
239 2384 406 2458 respective
429 2385 465 2442 ad
489 2381 643 2452 Graecas,
674 2385 723 2442 vel
746 2382 881 2442 fortassis
908 2384 998 2442 etiam
1024 2382 1061 2438 ad

103 2455 249 2529 Latinas,
275 2464 304 2522 in
335 2464 444 2538 quibus
466 2464 582 2524 Isidoro
605 2469 681 2523 teste
704 2463 802 2523 Lib.l
825 2464 860 2522 dc
880 2462 989 2545 Officiis
1006 2461 1062 2522 Ec-

104 2540 272 2604 clesiasticus
286 2541 359 2620 Cap.
378 2543 416 2604 13
438 2545 601 2606 Creaturas
624 2563 729 2604 omncs
744 2563 934 2621 corporeae,
958 2552 989 2604 et
1003 2545 1062 2620 spi-

104 2621 248 2697 rituales,
272 2627 438 2697 caelestes,
467 2633 497 2687 et
518 2631 677 2686 terrestres
700 2626 737 2684 ad
758 2625 938 2686 laudandum
961 2626 1061 2685 Deum

104 2705 480 2768 vocabanturssaeterum
503 2709 665 2785 praecipue
681 2706 852 2785 Martyrum
874 2710 1006 2767 actiones
1022 2708 1062 2765 in-

106 2788 151 2844 ter
166 2787 246 2864 ipsas
261 2789 353 2848 etiam
369 2789 479 2850 Missae
503 2805 609 2864 preces
630 2789 850 2858 inserebantur,
874 2795 907 2850 ut
928 2808 965 2849 ex
987 2791 1062 2862 anti·

106 2867 257 2940 quissimis
273 2869 425 2946 Liturgiis‚
443 2869 604 2938 Gallicana,
622 2867 823 2935 Mocarabica,
847 2877 877 2928 et
893 2873 956 2946 ipsa
971 2871 1064 2929 etiam

106 2945 290 3026 Gregoriana
315 2953 433 3028 probari
449 2959 562 3029 potest;
588 2951 628 3009 ibi
643 2952 722 3009 enim
738 2950 848 3011 Missae
867 2951 1063 3013 contestatio-

107 3046 176 3095 nes,
206 3049 281 3108 qrras
303 3035 392 3111 vulgo
420 3053 499 3094 nuuc
527 3031 731 3094 Praelationes
753 3033 959 3110 appellamus,
987 3032 1063 3091 nilril

102 3108 186 3170 aliud
209 3121 298 3183 sunt,
322 3133 412 3191 quam
429 3117 618 3194 Martyrum,
643 3113 679 3173 de
695 3114 805 3189 quibus
820 3113 914 3174 Missa
929 3113 1062 3174 celebra-

108 3194 177 3254 tur.
203 3196 354 3271 praeclare
378 3202 531 3272 gestorum
553 3195 709 3272 expositio.
870 3245 877 3261 ,

148 3272 187 3331 ll.
212 3275 342 3344 Graeci,
367 3284 398 3338 et
420 3278 494 3336 aliae
516 3279 545 3336 in
567 3276 692 3336 Oriente
715 3276 850 3336 nationes
872 3278 992 3336 unicam
1010 3277 1064 3335 lra-

110 3352 180 3414 bent
199 3354 430 3420 Praelationern.
454 3357 517 3420 Una
533 3360 654 3434 quidem
671 3357 793 3435 singulis
807 3360 927 3434 propria
943 3363 999 3425 est,
1024 3361 1065 3417 ita

111 3440 145 3493 ut
164 3437 262 3498 iacobi
284 3439 418 3518 Liturgia
435 3458 519 3500 suam
536 3441 656 3509 babeat,
680 3457 764 3498 suam
780 3440 893 3509 Basilii,
917 3458 1065 3516 suamque

112 3511 317 3596 Chrysostomi
330 3521 474 3598 Liturgia.
492 3520 525 3580 ln
537 3521 634 3580 Libris
649 3521 778 3598 antiquis
788 3519 1062 3589 sacramentorum,

113 3599 162 3670 qui
184 3599 337 3662 Romanae
353 3601 505 3664 Ecclesiae
521 3604 642 3674 titulum
658 3602 875 3680 praescierunt,
900 3605 1001 3680 plures
1018 3622 1064 3668 ro.-

251 3698 306 3752 Vol.
327 3702 359 3750 ll.
878 3701 912 3774 ᾖ

11 1143 182 1284 '2⁶Jz

63 1272 74 1285 -
110 1255 141 1290 ί

39 1291 191 1358 er²
