2517 4059
572 206 799 278 maenaa·

205 338 305 413 gatior
327 335 417 396 etiam
443 336 470 393 in
487 336 552 395 aliis
574 334 718 397 Ecclesiis
739 337 804 397 fieri
829 336 937 413 coepit,
962 334 1071 412 partim
1095 351 1163 393 cou-

208 420 341 479 cessione
364 416 558 477 Summorum
582 417 781 485 Pontificum,
806 420 913 495 partim
938 435 1011 481 usu,
1037 422 1067 477 et
1089 432 1165 488 uua-

203 500 275 559 dam
298 500 524 557 consuetudine.
548 499 697 575 Vulgatus
721 502 868 561 Alcuinus
891 499 926 557 alc
950 498 1067 558 Divinis
1089 494 1120 560 ,0
1152 530 1164 541 -

204 578 355 657 ciisCap.
379 578 524 639 XXXIX
548 582 665 649 innuit,
695 584 891 643 Dalmaticum
926 582 954 640 in
983 580 1083 639 multis
1133 595 1164 637 e-

204 662 302 723 clesiis
324 680 515 725 communem
540 661 641 733 luisse,
665 670 696 723 et
710 665 870 727 Diaconos,
895 663 944 739 qrri
962 659 1164 721 Dalm-atioam

201 756 264 805 'uon
281 744 451 810 induebant,
477 746 600 821 planetis
617 763 686 805 usos
697 764 774 805 esse.
801 744 926 805 Veteres
949 759 1039 820 porro
1061 759 1164 809 sacro·

204 840 274 887 rum
300 827 410 884 rituum
433 825 621 901 Scriptores,
657 846 764 903 nempe
790 827 984 892 Amalarius,
1008 822 1163 883 Honorius

113 934 115 938 ·
206 907 497 983 Augustodnnensis.
523 906 611 983 Hugo
634 927 650 967 a
674 908 706 969 S.
723 908 869 975 Victore,
895 902 1161 977 innocentius-ill,
1207 968 1210 975 ,

171 1028 176 1035 ·
206 987 367 1060 Durandus
389 990 492 1057 etalii
514 988 712 1049 Dalmaticum
736 988 891 1066 Episcopis
913 988 1098 1047 adscribunt.
1123 985 1163 1045 Et

204 1072 546 1130 veroinvetustissimis
563 1071 702 1147 liturgiis
719 1072 884 1131 Dalmatica
902 1070 978 1127 inter
990 1069 1164 1128 indumenta

205 1148 345 1226 Episcopi
361 1158 547 1221 recensetur,
566 1156 752 1229 praesignata
770 1152 948 1229 precationis
971 1148 1110 1208 turmula.
1128 1145 1162 1207 ln

136 1275 138 1280 -
205 1233 298 1292 Missa
314 1232 423 1311 lllyrici
448 1234 522 1291 baec
544 1234 664 1309 ponitur
678 1236 773 1293 oratio
795 1235 829 1291 ad
847 1232 1024 1291 induendam
1040 1228 1162 1291 Dalma-

207 1313 297 1373 ticam
321 1316 399 1389 apnrl
417 1314 552 1373 Marteue
575 1314 609 1371 de
624 1315 757 1393 antiquis
775 1313 921 1373 Ecclesiae
937 1316 1042 1371 ritibus
1059 1311 1123 1370 Lib.
1142 1309 1165 1372 ,Ι

205 1392 279 1471 Cap.
297 1395 339 1454 lV
362 1401 418 1455 art.
439 1393 510 1455 Xll:
529 1394 709 1455 Indumenta
731 1397 783 1455 lano
807 1396 904 1475 typico
923 1397 1093 1473 priscorum
1105 1411 1166 1477 pu·v

206 1484 289 1535 trum
311 1479 377 1535 ritu
398 1478 431 1534 in
453 1476 572 1535 modum
592 1480 691 1537 erucis
714 1480 883 1536 tramitibus
907 1478 1071 1553 purpureis
1093 1490 1164 1531 con·

202 1562 289 1617 teoet'o
310 1559 440 1628 uestitus,
464 1559 617 1617 lumiliter
635 1560 759 1635 postulo,
783 1568 814 1616 ut
832 1564 869 1617 aa
885 1556 1164 1625 commemoratione

201 1641 353 1717 passionis
374 1636 443 1699 tuae
465 1639 536 1718 fiam
559 1641 614 1698 tibi
636 1641 761 1699 Domine
790 1638 859 1699 lesu
883 1641 996 1702 Christe
1018 1640 1166 1713 protiosus

207 1720 261 1798 qai
285 1723 358 1781 uicis
382 1730 434 1780 etc.
459 1721 544 1779 Aliae
567 1724 773 1797 precationum
796 1721 946 1780 termulae
969 1718 1064 1778 videri
1100 1736 1166 1793 pos·

177 1806 277 1861 ‘sunt
296 1805 391 1880 -apud
412 1801 592 1861 Martenium
627 1802 673 1861 De
701 1802 834 1880 antiquis
857 1800 1005 1860 Ecclesiae
1030 1799 1162 1870 ritibus,

206 1882 312 1943 Lib.l
344 1882 448 1961 Capite
471 1883 514 1942 lV
548 1884 683 1944 Articulo
717 1884 788 1943 Xll.
823 1882 1008 1943 Dalmaticae
1034 1882 1165 1957 dariique

205 1965 418 2025 immaculatae
439 1967 627 2044 ritaetypus
650 1972 706 2033 est,
732 1967 774 2025 uti
793 1965 883 2024 docet
906 1963 1075 2044 limandum
1100 1963 1165 2029 sive

207 2044 392 2107 liberalitatis
414 2065 486 2123 erga
510 2064 681 2124 pauperes,
705 2048 747 2107 uti
771 2048 986 2120 interpretatur
1019 2044 1165 2104 Innocen-

205 2126 332 2268 Xusvm
363 2131 426 2189 sive
455 2129 545 2187 etiam
574 2129 728 2189 charitatis
756 2130 892 2205 geminae
925 2145 963 2187 ex
985 2124 1113 2203 liugane
1147 2144 1165 2186 a

231 2250 238 2264 .
293 2209 399 2271 ictore.

521 2433 525 2442 ,
580 2367 709 2433 CAPUT
731 2370 785 2431 Vl.

465 2550 508 2594 DE
530 2552 682 2595 beuvrum
705 2550 761 2595 SEU
784 2550 893 2595 CAPPA.

246 2693 272 2754 L
297 2693 459 2758 Sacramm
475 2693 765 2758 vestium'instituta
788 2694 926 2765 tractatio
943 2700 1057 2759 monet,
1071 2700 1105 2754 ut
1125 2694 1164 2756 de

204 2772 331 2835 Pluviali
347 2797 467 2855 quoque
482 2779 694 2855 disceptemus.
720 2777 860 2838 Pluvialis‘
876 2792 930 2835 seu
944 2774 1062 2851 Cuppae
1078 2794 1162 2836 men·

205 2857 247 2917 lio
270 2858 400 2920 habetur
422 2860 501 2935 apud
526 2862 640 2937 priscos
663 2858 853 2937 Scriptores,
884 2862 947 2917 tum
970 2864 1039 2916 ante
1055 2901 1063 2927 ,
1080 2896 1082 2900 ,
1097 2864 1163 2917 tum

205 2946 271 3019 post
293 2960 404 3001 annum
421 2941 531 3001 Christi
556 2942 761 3001 millesimum.
784 2939 980 3013 Quandonam
997 2957 1069 2999 vero
1092 2939 1163 2999 buic

203 3036 307 3081 sacrae
329 3024 428 3093 nesti,
441 3042 532 3098 quam
549 3022 680 3101 Cappam
697 3024 807 3083 dictam
820 3021 897 3097 apud
915 3022 1064 3096 antiquos,
1090 3019 1164 3081 Plu·

203 3104 292 3163 oiotis
315 3122 422 3163 nomen
445 3105 572 3163 inditum
596 3106 635 3165 sit
664 3110 803 3165 nontam
834 3100 918 3163 tacito
941 3110 987 3163 est
1014 3104 1160 3163 invenire.

205 3181 352 3254 Pluviales,
378 3204 430 3245 seu
455 3186 595 3246 Pluvialis
618 3187 699 3263 apud
715 3193 834 3246 veteres
857 3186 976 3260 atridem
993 3184 1163 3261 Scriptores

205 3267 297 3326 vestis
319 3273 395 3328 erat,
420 3284 497 3342 quae
515 3273 609 3327 totum
627 3268 782 3327 hominem
798 3267 963 3343 operiebat,
980 3272 1011 3325 et
1027 3285 1043 3325 a
1062 3266 1163 3341 pluvia

205 3347 360 3407 tuebatur.
385 3346 510 3408 loannes
533 3348 699 3411 Monachus
724 3351 751 3407 in
769 3350 829 3407 vita
851 3348 882 3407 S.
901 3348 1014 3408 Odouis
1036 3347 1164 3409 Abbatis

205 3427 412 3489 Clu'niacensis
428 3428 495 3488 Lib.
509 3430 537 3489 ll
561 3430 692 3490 Polliam
707 3430 851 3494 Pluoiulu
876 3431 1034 3490 Wlber'tus
1057 3430 1086 3487 in
1100 3431 1164 3492 vita
1192 3492 1195 3497 ,

205 3507 313 3570 Leonis
333 3510 431 3588 Papae
448 3511 503 3571 lX.
527 3511 599 3589 Cap.
620 3511 690 3571 Vlll
716 3514 827 3575 Vestem
851 3509 1018 3571 Pluuiatcm
1041 3518 1159 3572 vocant.

205 3588 263 3651 Sed
288 3592 318 3651 bi
340 3593 377 3653 de
400 3599 484 3670 vestp
506 3596 669 3663 communi,
695 3613 751 3656 non
773 3612 846 3657 vero
869 3612 954 3655 sacra
977 3593 1162 3670 loquuntur,
