2517 4059
603 203 829 276 witem-

250 333 333 392 ninm
355 331 471 410 Pouget
492 331 701 394 loetitotiooee
718 332 891 395 Catholicae
911 333 947 392 T.
971 332 985 392 Ι
1008 351 1037 410 p.
1059 331 1130 394 879.
1154 331 1191 395 Ut
1240 396 1241 403 χ

249 421 349 476 autem
373 416 481 476 melius
504 415 689 492 intelligatur
711 414 760 483 hic
783 417 879 480 ritus,
905 415 1124 476 observandum
1145 434 1192 476 oc·
1240 420 1241 431 ¹

247 499 343 557 currit
365 502 486 574 praeter
507 497 699 574 particulam,
719 515 800 572 ,quae
819 515 898 556 nrrnc
914 505 980 573 post
995 494 1116 558 Hostiae
1138 499 1191 559 ira·

247 580 376 640 ctionem
399 580 571 640 immittitur
594 579 623 638 in
644 577 798 645 Calicem,
824 579 990 640 immissam
1011 579 1084 640 alias
1105 578 1189 642 luisse
1240 598 1241 615 ¹

246 661 335 720 aliam
358 660 559 738 particulam,
582 679 659 737 quae
681 667 774 730 tuac,
802 661 849 720 vel
873 662 962 722 missa
985 667 1051 722 erat
1071 661 1108 723 ab
1127 663 1191 739 Epi·
1240 676 1241 707 ³

244 743 354 819 scopis,
371 743 419 804 vel
434 761 471 802 ex
487 742 675 803 antecedenti
690 740 841 802 Sacrificio
856 743 885 801 in
901 743 981 804 hunc
997 761 1086 806 usum
1101 741 1191 804 iuerat
1240 806 1241 811 ,

245 831 408 888 reservata.
436 823 481 883 Ex
502 823 710 886 Romanorum
732 823 912 885 Pontificum
935 825 1136 891 Melchiadis,
1161 831 1189 886 et
1240 848 1241 915 l

246 906 344 966 Siricii
368 906 637 968 constitutionibus
660 908 763 967 relatis
792 908 820 965 in
842 908 994 969 veteribus
1020 905 1189 968 Pontificum
1240 928 1241 991 p

244 988 402 1066 Catalogis.
427 994 510 1049 etex
533 987 666 1064 Epistola
689 987 729 1048 29
751 987 915 1049 innocentii
935 989 1067 1065 Papael
1087 989 1122 1048 ad
1136 988 1189 1049 De-
1240 996 1241 1033 l

243 1071 375 1132 centium
397 1069 581 1147 Episcopum
604 1071 762 1137 eruimus,
785 1070 864 1146 quod
885 1069 1046 1139 Pontifex,
1072 1073 1187 1132 caeteri·
1240 1068 1241 1147 3

243 1169 321 1226 quae
342 1151 447 1213 ltaliae
469 1149 608 1230 Episcopi
631 1152 791 1212 mittebant
810 1151 934 1230 singulis
948 1152 1114 1213 Dominicis
1134 1155 1189 1214 die·
1240 1180 1241 1215 1

243 1233 299 1294 bus
321 1235 358 1294 ad
380 1232 578 1313 Presbyteros
599 1231 805 1296 Ecclesiarum
820 1232 1000 1295 Titularium
1017 1235 1187 1312 particulam
1240 1292 1241 1295 ,

243 1312 474 1385 Eucharistiae,
499 1333 589 1391 quam
613 1316 642 1374 in
665 1315 755 1376 Missa
778 1323 1043 1385 consecraveraut;
1069 1317 1190 1394 Presby·
1240 1348 1241 1351 κ

243 1398 298 1456 teri
321 1403 423 1458 autem
440 1398 622 1475 particulam
638 1396 715 1458 hanc
729 1398 766 1457 ad
783 1397 887 1457 verba:
911 1399 977 1456 Pace
992 1399 1118 1460 Domiai
1133 1402 1188 1458 mit·
1240 1416 1241 1465 l

243 1479 345 1539 tabant
367 1481 397 1538 in
419 1478 550 1540 Calicem
577 1479 615 1538 ad
644 1479 763 1555 signum
792 1480 1022 1540 communionis.
1055 1480 1186 1559 Episcopi
1240 1470 1241 1541 i

243 1563 315 1622 item
338 1561 398 1627 die,
425 1579 485 1638 quo
501 1560 765 1630 consecrabantur,
789 1561 972 1638 accipiebant
992 1563 1031 1622 ab
1044 1561 1187 1639 Episcopo

242 1650 439 1704 consecrante
456 1661 595 1721 magnam
611 1641 761 1715 Hostiam,
785 1661 876 1722 quam
893 1661 948 1720 per
964 1644 1069 1720 plures
1084 1645 1187 1706 hebdo-

242 1725 346 1786 medas
367 1725 544 1794 servabant,
568 1730 598 1785 et
612 1742 651 1786 ex
665 1741 700 1784 ea
716 1727 863 1801 particula
878 1726 1002 1803 singulis
1017 1727 1124 1788 diebus
1138 1729 1186 1787 iur-
1240 1750 1241 1819 p

242 1808 403 1868 mittebant
424 1809 453 1866 in
469 1807 599 1870 Calicem
622 1806 759 1867 dicendo:
785 1809 850 1867 Poe
863 1806 988 1866 Domini
1000 1811 1062 1868 etc.
1087 1807 1131 1867 Ex
1144 1825 1187 1866 an·
1240 1832 1241 1893 p

243 1890 419 1965 tiquissimis
435 1890 556 1968 insuper
572 1890 795 1968 manuscriptis,
819 1895 850 1950 et
864 1887 1036 1949 MabiHonio
1053 1892 1082 1950 in
1097 1895 1185 1953 Museo
1240 1924 1241 1997 p

239 1969 346 2032 Italico
369 1971 405 2030 T.
429 1969 458 2031 11
478 1989 546 2048 pag.
571 1967 612 2031 38
633 1972 752 2031 eruitur
779 1975 930 2031 servatam
960 1971 1053 2032 inisse
1075 1980 1182 2049 partem
1240 2012 1241 2053 p

238 2049 363 2114 Hostiae
390 2052 793 2114 aPontifrce·consecratae
822 2053 852 2112 in
878 2053 1119 2114 solemnitatibus
1137 2053 1184 2112 Pe·
1240 2076 1241 2121 r

239 2135 362 2200 schatis,
386 2135 588 2204 Pentecostes,
613 2139 645 2193 et
659 2133 830 2194 Natiuitatis
846 2134 974 2203 Domini,
998 2153 1127 2212 eamque
1139 2136 1184 2194 de·

239 2215 330 2276 latam
352 2217 443 2278 inisse
458 2217 494 2276 ad
510 2216 672 2282 Statioues,
695 2234 772 2292 quae
788 2217 857 2275 anni
873 2234 965 2275 cursu
986 2217 1180 2279 habebantur,
1240 2224 1241 2275 ξ

238 2315 331 2372 quum
354 2297 492 2359 Pontiiex
514 2297 700 2358 Stationibus
722 2298 781 2358 illis
795 2317 854 2358 non
872 2299 1024 2366 intererat,
1048 2300 1183 2358 immitte·

239 2380 311 2442 bant
333 2381 362 2439 in
377 2379 507 2442 Calicem
524 2381 560 2439 ad
576 2379 682 2438 uerba:
707 2380 772 2438 Pac·
785 2377 919 2439 Domini.
944 2378 1027 2440 idem
1041 2381 1181 2452 Rontiiex,
1240 2386 1241 2443 ἶ

236 2469 267 2522 et
289 2459 428 2540 Episcopi
452 2466 521 2522 ante
537 2467 681 2538 quartum
696 2459 855 2521 Saeculum
870 2459 1094 2525 Eucharistiam
1113 2462 1183 2522 acei-
1240 2494 1242 2563 p

237 2544 358 2620 piebant
380 2545 417 2602 ab
438 2543 583 2604 Ecclesiis
605 2543 840 2612 remotioribus,
870 2550 903 2604 ut
924 2550 1040 2604 constat
1060 2563 1100 2604 ex
1118 2542 1181 2618 Epi·
1240 2602 1241 2607 ,

234 2626 312 2686 stola
336 2625 368 2686 S.
390 2623 507 2686 irenaei
537 2626 574 2685 ad
597 2622 752 2684 Victorem
779 2621 955 2685 Pontificem
982 2624 1020 2688 de
1046 2623 1181 2686 Ecclesiis
1240 2628 1241 2647 ³

235 2705 426 2768 asnebec
447 2725 538 2785 porro
560 2707 728 2785 particulae
748 2708 787 2767 ad
806 2704 957 2768 Ecclesias
971 2708 1078 2768 missae
1098 2721 1181 2766 voca·

237 2790 344 2850 bantur
365 2785 567 2850 Fermentcm.
600 2789 776 2850 Anastasius
797 2787 1070 2856 Bibliothecarius,
1093 2795 1128 2858 ,et
1146 2803 1179 2846 er
1240 2782 1241 2801 ¹

236 2873 300 2948 ipso
322 2869 506 2930 Bollandiani
520 2870 752 2934 concinnatores
767 2871 796 2930 in
811 2870 976 2948 Propylaeo
990 2871 1028 2931 ad
1043 2869 1118 2931 Acta
1130 2867 1177 2928 SS-

234 2951 307 3011 Maii
323 2969 397 3029 pag.
415 2951 454 3012 51
478 2953 515 3014 dc
535 2951 720 3018 Melchiade,
743 2957 774 3014 et
794 2969 862 3031 pag.
880 2952 921 3013 53
942 2953 979 3014 de
1001 2951 1107 3012 siricio
1120 2948 1177 3010 ue.

235 3031 293 3094 Hic
307 3033 388 3110 fecit,
412 3041 445 3092 ct
460 3035 622 3111 oblationes
639 3043 826 3094 consecratae
838 3053 896 3114 per
910 3033 1055 3096 Ecclesiae
1069 3052 1106 3093 ec
1119 3049 1178 3091 coo·
1240 3100 1241 3107 ἵ

234 3125 356 3176 secrete
370 3113 512 3194 Episcopi
533 3115 748 3193 diriperentur,
767 3115 844 3195 qood
859 3115 1033 3177 declarator
1048 3112 1178 3177 Fermen
1240 3140 1241 3187 l

233 3207 297 3256 tem
314 3197 502 3257 habebantur
517 3200 610 3264 enim,
636 3202 670 3258 ut
684 3196 866 3260 termentum
882 3197 1128 3260 Communicais,
1148 3199 1176 3254 ct

232 3276 404 3347 Charitatis,
429 3297 488 3355 quo
511 3277 737 3358 significabatur
751 3280 831 3341 idem
848 3278 1036 3342 Sacrificium
1050 3277 1174 3338 oblatum

232 3378 248 3420 a
270 3359 425 3428 Pontificc
450 3359 487 3418 ab
509 3358 678 3440 Episcopis‚
704 3368 733 3424 et
754 3360 954 3440 Presbyteris‚
978 3379 1016 3420 ex
1038 3375 1096 3436 quo
1116 3366 1176 3418 tum

158 3455 159 3460 ¹
231 3442 304 3515 ipsi,
330 3448 393 3500 tum
417 3439 521 3502 fideles
543 3459 649 3504 omnes
671 3442 891 3520 participabant
911 3442 997 3522 juxta
1017 3442 1087 3501 illud
1101 3439 1173 3516 Apo

200 3519 203 3526 '
230 3521 296 3578 stoli
320 3521 355 3580 ad
377 3518 546 3584 Corinthios
567 3521 641 3602 Cap.
665 3525 696 3586 X
717 3545 748 3584 v.
774 3525 825 3586 17:
853 3521 934 3585 Unus
953 3525 1064 3605 ponis,
1086 3535 1173 3581 encra

235 3598 350 3680 Corpus
372 3603 461 3662 malti
482 3622 582 3666 semes
598 3625 706 3680 ornnes,
728 3609 782 3686 pei
803 3605 840 3667 de
852 3625 915 3667 cao
923 3623 1005 3685 pene
1015 3604 1174 3684 participe·
