2517 4059
547 180 773 252 ‹emittetis-2

185 314 234 389 qui
258 313 286 371 iu
309 309 376 387 ejus
397 310 550 387 liturgiae
573 308 806 371 Commentariis
821 310 973 371 affirmant
989 311 1066 371 banc
1082 318 1145 371 tra-

184 394 326 454 ditionem
350 394 386 451 ad
410 394 488 469 ipsos
510 411 564 468 per
581 410 687 452 manus
703 392 864 451 deductam
880 411 896 452 a
914 401 1046 469 tempore
1063 392 1142 469 Apo·

182 478 341 535 stolorum.
366 474 523 534 Accedunt
552 475 701 535 traditioni
733 471 868 549 ejusdem
902 476 1083 552 exemplaria
1109 475 1140 533 in

182 557 390 617 vetustissimis
412 554 569 617 Codicibus
585 562 731 625 exarata,
757 563 787 617 et
809 574 845 613 ex
868 574 904 614 ea
922 556 1067 617 Veterum
1084 555 1143 615 Pa-

182 644 261 699 trnm
285 646 443 713 excerptae
465 638 544 713 apud
567 637 711 697 Allatium
736 638 928 697 auctoritates
951 640 985 697 ad
1009 636 1140 697 Catholi-

182 738 235 779 cae
257 720 341 778 Fidei
373 720 513 791 dogmata
546 720 780 795 comprobanda.
806 717 926 779 Manuel
948 720 1085 780 Malaxus
1108 721 1138 777 in

180 800 390 860 Homerorrone
413 798 485 874 Cap.
509 798 571 859 220
593 818 659 859 eam
684 802 711 859 in
735 819 791 859 usu
815 799 905 858 luisse
927 804 969 860 ait
992 818 1085 875 usque
1100 802 1137 860 ad

183 889 316 959 tempora
330 882 429 941 Basilii
443 881 541 957 Magni
557 880 684 958 ejusque
701 882 836 940 meminit
851 880 974 941 Procius
990 884 1017 939 in
1039 877 1136 941 Trect.

180 963 215 1022 de
238 964 400 1023 traditione
423 964 551 1022 Diuinae
578 964 731 1039 Litnrpine
759 970 789 1021 et
817 960 946 1040 Cyrillus
969 962 1136 1042 Herosoly-

180 1048 311 1104 mitanus
335 1047 429 1104 multa
451 1064 487 1103 cx
511 1064 546 1104 ea
570 1045 722 1103 transtulit
745 1044 772 1101 in
796 1048 931 1119 quintam
947 1044 1136 1105 Catecbcsim

179 1128 425 1204 mystagogicam.

222 1207 260 1266 ll.
285 1208 392 1266 Varias
414 1207 558 1267 adhibent
579 1206 785 1266 cavillationes
809 1207 934 1267 adeam
958 1207 1136 1267 abolendam

177 1288 391 1355 Protestantes‚
415 1288 465 1347 sed
488 1306 608 1347 omnem
624 1289 757 1362 ipsorum
775 1296 916 1347 conatum
934 1290 1051 1348 irritum
1068 1307 1134 1353 esse

177 1370 266 1429 iacile
288 1372 465 1429 ostenditur.
480 1369 576 1447 Ajunt
592 1370 716 1444 reperiri
734 1370 760 1426 in
778 1388 811 1427 ea
828 1371 934 1429 vocent
952 1368 1132 1431 Homonsion

177 1460 245 1511 aute
261 1450 424 1511 Concilium
441 1450 604 1510 Nicaenum
623 1453 765 1525 ignotam3
780 1468 884 1511 vocem
902 1470 1021 1527 quoqne
1043 1450 1135 1511 Tireo·

70 1539 72 1542 ’
177 1544 252 1594 locos
275 1536 302 1591 in
325 1531 457 1593 Concilio
480 1532 635 1607 presiuo
659 1538 820 1605 repertam.
846 1534 887 1592 At
917 1532 943 1590 id
967 1540 1081 1592 temere
1104 1542 1136 1594 et

177 1614 252 1675 lalso
275 1617 312 1673 ab
337 1615 394 1673 illis
422 1614 542 1672 dicitur.
568 1614 641 1672 b'am
666 1612 760 1671 Divus
783 1615 966 1673 Athanasius
995 1617 1022 1671 iu
1047 1616 1135 1675 Libro

180 1695 213 1754 de
236 1694 371 1755 Decretis
395 1696 526 1757 Consilii
549 1694 679 1754 Nicocnr'
694 1702 831 1754 auctores
848 1695 982 1771 profert,
1008 1697 1058 1771 qui
1075 1714 1134 1755 ,ao-

176 1779 256 1837 miue
279 1776 436 1857 Homousii
460 1784 527 1836 ante
553 1777 649 1850 ipsum
673 1776 838 1835 Concilium
863 1778 908 1835 usi
932 1784 1010 1836 sunt
1036 1776 1132 1837 Theo·

175 1856 296 1919 doretus
320 1862 390 1917 item
407 1858 472 1918 Lib.
492 1858 502 1917 Ι
520 1853 601 1917 tirsi.
619 1854 699 1916 Ecel.
719 1858 793 1935 Cap.
811 1857 849 1915 te
865 1876 931 1917 eam
950 1876 1054 1917 rocem
1071 1878 1132 1919 non

174 1958 239 2000 esse
263 1959 369 2000 novam
393 1942 455 2020 ait,
470 1939 579 2013 ‘neqrre
602 1958 618 1997 a
643 1939 781 1999 Patribus
796 1938 922 2001 Nicaeae
945 1942 1133 2017 congregatis

175 2024 349 2089 inventam,
373 2022 422 2079 scd
446 2041 462 2079 a
488 2020 650 2096 majoribus
673 2028 837 2094 receptam.
863 2022 901 2081 Et
934 2028 966 2081 nt
997 2022 1071 2081 alios
1092 2024 1133 2081 si-

92 2126 96 2128 *
174 2104 273 2170 leam,
299 2105 424 2179 ipsemet
450 2102 596 2162 Eusebius
618 2100 820 2162 Caesariensis
843 2103 972 2163 Arianae
996 2102 1133 2165 lectionis

173 2192 375 2260 propugnator
387 2185 445 2244 hoc
462 2185 538 2242 idem
552 2185 658 2243 asserit
670 2186 748 2259 apud
762 2183 986 2245 Tbcodoretum
1005 2185 1128 2255 ibidem,

171 2271 201 2325 et
223 2268 303 2341 apud
326 2265 479 2325 Socratem
497 2265 561 2324 Lib.
582 2264 592 2323 l
608 2263 681 2341 Cap.
700 2264 731 2323 5.
750 2264 842 2324 Simili
868 2268 954 2325 modo
971 2273 1038 2326 ante
1054 2266 1131 2327 Cou-

170 2347 273 2407 cilium
303 2346 487 2423 Ephesinum
514 2347 547 2405 B.
573 2344 726 2423 Virginem
761 2342 948 2415 Tisameno,
973 2348 1049 2407 idest
1072 2346 1128 2408 uei

170 2426 355 2489 Genitricem
369 2435 568 2503 nuncupatam
583 2426 704 2503 Evagrii
723 2430 892 2489 testimonio
907 2431 1129 2506 evincitur‚qui

170 2510 235 2569 Lib.
255 2510 360 2573 lHist.
383 2512 458 2589 Cep.
476 2511 499 2570 2
520 2508 692 2570 Nestorium
717 2510 941 2585 repraehendit,
954 2510 1032 2587 quod
1049 2511 1129 2571 bane
1205 2529 1208 2533 ·

169 2610 273 2652 rocem
297 2612 313 2651 a
338 2594 438 2656 multis
462 2594 666 2668 spectatisque
686 2592 837 2665 Patribus
851 2599 1026 2671 usurpatam
1048 2592 1129 2671 reje-

169 2674 255 2735 cerit:
280 2675 327 2733 cui
350 2678 496 2735 consentit
516 2672 727 2734 Tbeodoretus
751 2672 815 2738 tin.
838 2674 880 2735 IV
903 2676 1014 2735 boeret.
1030 2672 1124 2749 fatui.

167 2755 241 2832 Cap.
267 2752 307 2815 12
328 2756 453 2824 dicens,
478 2757 700 2831 antiquissimos
723 2755 805 2815 Fidei
822 2756 1019 2817 Ortbodoxae
1036 2752 1127 2815 Prae-

166 2836 312 2898 dicatores
327 2838 410 2916 juxta
427 2838 618 2898 traditionem
636 2838 841 2913 Apostolicam
859 2838 988 2898 Matrem
1005 2835 1130 2911 Domini·

164 2918 325 2995 Deiparam
350 2922 519 2979 nominasse
542 2926 572 2979 et
594 2920 768 2979 credidisse.
793 2918 887 2997 Ajunt
916 2920 1037 2994 insuper
1057 2916 1126 2977 Tri«,
1220 2944 1221 2947 ¹

164 3004 265 3077 sagien
287 3009 319 3061 et
339 3001 532 3079 Dorologiam
556 3001 731 3060 recentioris
753 3003 819 3061 aevi
843 3018 927 3067 esse,
951 3009 1039 3076 atque
1056 3000 1125 3061 iude

163 3084 346 3143 concludunt
365 3100 524 3161 perperam
548 3083 640 3143 tribui
664 3082 775 3143 Iacobo
797 3082 875 3143 banc
896 3081 1075 3155 Liturgiam,
1094 3082 1123 3158 ip

162 3179 221 3241 qna
244 3166 299 3225 ista
324 3168 539 3240 reperiuntur,
562 3164 615 3225 sed
639 3178 730 3241 uirgas
752 3157 865 3241 agunt,
889 3180 957 3223 nam
982 3160 1124 3241 Hymnus

162 3248 207 3307 ter
230 3254 350 3307 sanctus
372 3247 465 3307 isaiae
481 3244 554 3321 Cap.
579 3245 599 3305 6
621 3248 653 3306 et
674 3247 800 3321 apocal.
825 3244 898 3323 Cap.
923 3244 966 3305 tv
989 3240 1057 3304 r.8
1081 3242 1124 3303 le·

160 3328 254 3405 gilon
277 3337 308 3389 et
322 3326 504 3389 Glorificatio
520 3326 731 3387 Sanctissimae
748 3321 901 3387 Trlnitatis
917 3327 954 3385 ab
971 3325 1122 3401 apostatis

159 3413 332 3476 manarit.
355 3412 405 3485 ucri
428 3429 498 3471 curn
534 3408 692 3470 credentes
725 3404 909 3485 baptizarent
940 3408 971 3467 io
1001 3406 1121 3468 nomine

158 3489 256 3551 Putris
276 3500 308 3553 et
328 3492 394 3551 Filii
418 3499 450 3553 ct
470 3490 603 3567 spiritns
623 3488 747 3562 Sancti,
771 3507 822 3555 cos
849 3491 1018 3549 docuerunt
1038 3481 1120 3549 Patri

158 3570 189 3635 ei
210 3571 286 3634 Filio
308 3574 339 3633 ct
361 3568 485 3653 Spiritui
506 3570 616 3633 Sancto
650 3571 815 3633 solemnem
838 3570 1036 3649 misingum
1067 3568 1120 3631 de-
