2517 4059
474 228 679 301 *tibilim-

99 346 278 426 conjuratio,
302 370 357 413 seu
373 370 473 416 sermo
496 357 709 436 increpationis
731 356 876 420 adversus
893 358 1058 431 diabolum,

102 438 139 491 ut
155 432 292 495 discedat.
304 432 401 496 Finito
416 441 596 509 exorcismo,
611 446 732 501 cautum
749 447 794 500 est
808 460 846 502 ex
861 444 984 519 antiquo
999 440 1060 504 lio·

101 530 193 572 mano
214 513 353 588 Ordine,
378 537 412 579 ac
436 519 541 596 priscis
562 520 805 593 Pontilicalibus,
835 530 868 585 ut
889 520 1058 602 Episcopus
1147 557 1150 568 ·

100 590 321 661 Praelatiouem
343 601 433 672 dicat,
459 608 489 663 ct
509 604 631 680 quidem
655 603 772 665 excelsa
794 622 879 675 voce,
896 613 926 666 ct
947 605 1060 667 descri-

100 678 162 753 ptis
182 680 347 749 rcrsiculis,
373 685 414 743 nti
437 684 465 742 in
482 683 722 746 sacramentario
743 685 774 747 S.
799 686 937 766 Gregorii
959 686 1057 766 Papae

98 758 228 821 habetur
249 764 332 833 etin
355 765 420 841 ipso
442 758 554 827 Ordine
577 766 724 830 Romano.

145 838 226 902 lllll.
251 842 488 921 Antiquissimus
510 850 633 925 quidem
655 855 701 911 est
723 850 823 915 ntus.
847 854 880 910 ut
900 850 1059 913 benedicta

98 922 244 1001 Ampulla
267 923 470 999 Chrismatls,
495 930 532 989 ab
553 930 703 1009 Episcopo
736 936 766 991 ct
787 930 826 990 ab
851 933 919 993 aliis
940 932 1059 992 honori·

99 1002 160 1065 ficc
181 1006 341 1067 salutetur.
365 1008 551 1073 Recensetur
573 1014 650 1075 haec
674 1012 864 1073 caeremonia
886 1014 914 1071 in
937 1016 1060 1091 antiquo

97 1082 237 1146 Romano
260 1083 373 1149 Ordine
388 1135 404 1161 ,‚
419 1099 449 1153 et
471 1094 500 1153 iu
524 1094 614 1155 Libro
637 1094 900 1170 sacramentorum
925 1094 956 1154 S.
979 1094 1055 1155 Gre-

97 1169 200 1247 gorii,
225 1188 316 1245 quam
339 1176 559 1237 caeremoniam
583 1183 741 1237 novatores
763 1176 968 1252 redarguunt,
993 1181 1058 1237 tau·

96 1268 188 1327 quam
213 1250 401 1313 idoiatricam
424 1261 455 1316 et
478 1256 650 1329 ridiculam,
674 1260 745 1336 quia
760 1257 907 1317 salutatur
930 1277 978 1318 res
994 1258 1056 1317 ina-

97 1332 224 1392 nimata.
251 1330 483 1407 Usitatissimum
500 1357 573 1400 vero
587 1346 635 1401 cst
657 1341 820 1417 insignum
837 1340 947 1416 gaudii,
971 1340 1056 1400 exul·

97 1415 220 1475 tationis
243 1420 274 1473 et
289 1418 504 1492 gratulationis.
522 1424 613 1482 etiam
637 1440 684 1481 res
706 1421 851 1481 inanimas
866 1422 998 1481 salutare
1013 1439 1059 1482 ae·

96 1513 156 1571 quc
171 1492 208 1556 ac'
224 1496 249 1555 si
266 1500 413 1559 viverent:
437 1502 479 1562 sic
494 1501 526 1562 S.
539 1503 678 1565 Andreas
693 1502 822 1567 Crucem
846 1503 965 1579 alonge
988 1521 1060 1562 con-

97 1578 227 1653 spiciens
250 1579 302 1637 ait:
321 1580 406 1642 Soloe
427 1602 505 1644 crux
525 1585 670 1663 pretiosa:
693 1585 734 1644 sic
748 1582 931 1645 Fortunatus
947 1582 1059 1644 Christi

97 1657 230 1719 Crucem
246 1658 410 1737 alloquitur
425 1664 473 1725 his
488 1668 603 1727 verbis:
629 1668 694 1727 solu
708 1665 802 1745 digno
825 1676 858 1724 tu
872 1666 961 1744 suisti
975 1668 1057 1746 [erro

93 1746 231 1817 pretium
254 1746 386 1804 sacculi:
408 1752 438 1806 et
464 1743 490 1805 0
515 1748 603 1811 Crux
625 1767 678 1808 auo
703 1767 767 1827 spes
788 1748 892 1807 unico:
914 1747 957 1805 sic
980 1746 1060 1805 idem

96 1821 208 1883 salutat
231 1824 310 1883 diem
327 1825 437 1887 festum
452 1826 705 1895 Resurrectiouis,
730 1829 815 1890 Soloe
830 1828 903 1905 sesto
920 1826 981 1886 dies
996 1834 1058 1887 toto

96 1904 277 1965 uenerabilis
292 1925 376 1983 occo.
400 1908 448 1969 Sic
463 1908 555 1985 Paula
578 1911 721 1973 salutavit
735 1908 882 1972 betleem,
906 1926 976 1968 cum
990 1926 1059 1986 eam

98 1987 234 2063 primum
257 1984 343 2056 vidit,¹
355 1995 401 2061 ut
423 1991 517 2053 relect
539 1992 569 2053 S.
588 1992 794 2070 Hieronymus
818 1992 846 2049 in
863 1988 1001 2068 Epistola
1023 1986 1059 2049 dc

97 2070 161 2149 ojus
189 2069 284 2128 obitu.
309 2068 356 2131 Sic
379 2070 410 2132 S.
434 2070 601 2151 Gregorius
622 2074 826 2134 Nazianzenus
848 2072 966 2149 quaudo
988 2068 1060 2148 Epi·

96 2156 223 2227 scopatu
246 2168 278 2209 se
293 2152 441 2215 abdicavit
456 2152 792 2235 Constantinopolitano,
817 2155 884 2214 vale
906 2154 981 2215 dixit
1002 2150 1058 2213 Ca-

97 2230 236 2299 thedrac‚
260 2230 398 2310 Templo,
415 2234 571 2307 Domibus,
594 2236 812 2315 Hospitalibus,
836 2234 967 2305 Civitati,
984 2234 1060 2294 Ora·

97 2312 178 2375 tione
193 2312 335 2375 XXXll.
359 2316 504 2379 Salutatio
522 2319 655 2397 'denique
673 2316 847 2396 hujusmodi
869 2319 905 2378 ad
921 2317 1060 2378 Chrisma

96 2392 251 2474 dirigitur,
269 2404 418 2473 quatenus
432 2398 545 2461 Christi
561 2400 739 2479 Symbolum
755 2408 812 2471 est,
829 2405 863 2459 ut
877 2400 984 2459 docent
998 2399 1060 2458 llu-

96 2484 203 2551 pertus
226 2476 340 2551 Abbas,
364 2480 430 2541 Lib.
450 2480 478 2541 V
494 2484 544 2555 ⁴De
561 2482 681 2545 Divinis
699 2479 820 2565 Officiis,
843 2479 916 2557 Cap.
931 2476 1057 2549 xviii,

96 2560 127 2620 'et
149 2557 326 2622 Amalarius
340 2559 537 2636 Fortunatus
560 2562 654 2625 Lib.l
677 2564 751 2643 Cap.
767 2561 843 2623 Xll.
866 2562 1000 2624 Salutate
1021 2561 1060 2621 ab

96 2634 246 2718 Episcopo
269 2648 300 2701 et
315 2640 500 2723 Presbyteris
522 2664 608 2707 sacra
624 2646 768 2724 Ampulla
782 2644 969 2716 Chrismatis,
986 2642 1061 2722 Epi·

98 2723 209 2797 scopus
232 2722 381 2787 benedicit
401 2725 511 2788 Oleum
534 2726 1004 2808 Catecbnmenorum'.*Meminit
1026 2730 1059 2787 ct

66 2848 68 2853 ,
97 2796 428 2879 hujusbenedictionis
454 2806 518 2869 Olci
546 2804 839 2870 Calechumenorum
864 2807 1057 2876 hmalarius,

97 2880 205 2961 tint
228 2887 272 2946 De
300 2886 515 2968 Ecclesiasticis
541 2890 671 2975 Officiis.
697 2890 768 2967 Cap.
792 2888 879 2959 Xll;
915 2890 1059 2949 lnnoccn-

98 2964 159 3025 iius
179 2964 236 3037 lll,
263 2969 291 3027 in
308 2968 382 3048 Cap.
398 2970 412 3031 1
435 2972 478 3031 De
495 2992 582 3033 sacro
603 2970 745 3033 Unctioni
755 2992 766 3039 ,·
787 2969 939 3031 Honorius
955 2970 1060 3045 Arign-

98 3048 297 3118 siodunensis‚
322 3050 388 3115 Lib.
412 3052 456 3112 lll
477 3051 550 3131 Cap.
564 3054 712 3122 Lxxx1;
737 3051 909 3120 Durandus,
933 3050 998 3110 Lib.
1013 3047 1058 3109 vl

98 3126 170 3206 Cap.
187 3130 339 3211 Lxxlv;
364 3137 483 3195 stante
507 3136 603 3213 ipsum
625 3135 754 3196 loannes
775 3132 934 3198 belethus,
958 3132 987 3189 in
1003 3149 1058 3191 sua

98 3206 281 3273 mninorom
298 3212 467 3297 Officiorum
480 3216 675 3296 explicatione
690 3215 764 3291 Cap.
776 3212 874 3275 XCV.
898 3213 970 3307 Post
980 3210 1065 3285 Ora-‚

99 3292 210 3355 tionem
226 3292 378 3356 Ercorcizo
395 3308 421 3356 to
440 3297 590 3360 Crentnro
611 3296 687 3366 otei,
710 3296 877 3374 Episcopus
893 3296 965 3353 dicrt
982 3293 1058 3354 hanc

98 3372 642 3453 Orationem:Densincrcmentorom
653 3380 795 3439 omnium.
806 3376 931 3453 Legitur
941 3380 971 3436 et
982 3375 1060 3471 haec

99 3452 206 3518 Oratio
229 3458 258 3515 in
282 3459 370 3519 Libro
393 3459 657 3523 Sacramentorum
680 3460 710 3520 S.
728 3459 863 3537 Gregorii
887 3457 1005 3535 Papae,
1029 3475 1060 3518 in

100 3536 213 3600 Ordine
236 3541 360 3619 antiqno
375 3538 510 3603 Romano
533 3550 562 3604 ct
578 3546 606 3603 in
622 3540 762 3603 omnibus
778 3539 999 3600 Pontificalibus
1014 3538 1060 3598 Li·

102 3617 185 3693 bris,
211 3622 262 3682 ubi
285 3628 425 3685 enarrant
451 3623 595 3686 Ordinem
620 3623 815 3687 benedicendi
837 3622 946 3685 Oleum
972 3621 1059 3684 Cate-

241 3726 299 3780 Vol.
320 3732 355 3781 ll.
905 3726 923 3783 d
