2517 4059
512 203 735 277 ambiri&-

149 334 206 393 dns
227 333 284 393 sub
305 332 422 392 initium
445 334 556 393 saeculi
572 332 633 392 ΧΥ
657 334 826 395 litterarum
844 331 1030 393 leudovaldo
1054 351 1105 399 no-

149 414 243 484 bilis,
283 414 312 472 in
342 414 448 474 ltaliae
469 414 679 494 Descriptione
704 414 834 492 Raptam
861 414 886 475 V
913 414 970 475 hoc
1000 431 1103 477 sacrae

147 495 337 556 Laurctanae
359 496 424 554 aedi
448 498 651 557 testimonium
674 498 808 574 praebet.
822 496 955 573 Baptista
968 496 1104 561 blantua·

148 596 205 637 nus
231 578 269 637 ab
293 578 431 637 omnibus
451 578 488 637 de
513 582 692 655 argumento
715 579 772 638 hoc
802 578 1015 637 disserentibus
1040 596 1104 637 me·

150 660 208 718 rito
232 660 381 735 profertur
404 660 504 719 testis:
527 662 639 720 etenim
663 666 694 719 et
722 660 947 721 translationem
969 676 987 717 a
1010 656 1104 719 Naza-

149 740 232 808 reth,
256 748 288 803 et
311 757 425 800 moram
449 740 607 820 inlllprio,
631 746 662 802 et
684 742 796 809 sedem,
822 746 855 800 ut
877 741 916 798 ita
929 740 1100 816 loquamur,

145 822 187 881 ab
209 822 267 882 lrac
289 840 374 895 saara
396 822 468 882 aede
491 822 518 881 in
541 840 614 900 agro
639 822 805 884 Lauretano
828 820 972 897 positam,
996 827 1028 881 et
1051 838 1102 897 pe-

146 905 286 982 regrinos
308 904 367 963 lanc
383 903 575 963 advenientes
591 911 623 965 at
646 906 798 965 mirabiles
821 903 993 963 morborum
1016 919 1104 961 oura-

146 986 266 1054 liones,
291 992 322 1045 et
343 984 504 1045 daemones
526 1003 563 1044 ex
585 987 780 1062 corporibus.
804 1000 881 1060 quaa
903 984 1100 1051 obsidebant,

144 1068 297 1143 expulsos,
322 1066 439 1142 absque
462 1068 606 1125 miracula
629 1068 657 1124 in
673 1086 707 1126 ea
730 1067 804 1127 aede
826 1063 968 1125 describit
991 1066 1017 1123 in
1041 1064 1103 1123 suis

144 1148 294 1208 versibus.
308 1147 506 1219 Quaresmius
515 1149 545 1207 in
556 1146 691 1208 Historia
703 1146 809 1208 Terrae
821 1148 950 1208 Sanctae
963 1146 991 1205 id
1004 1146 1103 1220 ipsum

144 1229 286 1295 affirmat,
309 1227 433 1288 Praeses
466 1230 491 1289 is
512 1248 658 1306 quoque,
683 1238 714 1291 et
734 1230 846 1291 Terrae
869 1228 994 1289 Sanctae
1016 1224 1101 1287 Com·

143 1312 325 1371 missarius:
349 1314 384 1369 ln
396 1328 534 1389 poenam,
553 1311 661 1387 inquit,
684 1313 857 1391 iniquorum
881 1311 1033 1369 bominum
1051 1306 1102 1367 ala·

144 1390 274 1452 antalam
296 1393 347 1451 loc
367 1393 601 1453 illustrissimum
629 1390 778 1471 Templum
795 1390 1047 1451 annunciationis
1061 1387 1099 1448 B.

147 1474 285 1551 ›l'a'rpinia
306 1486 332 1533 rt
355 1492 441 1533 soma
457 1473 546 1535 Aedos
567 1473 637 1533 inde
657 1476 840 1535 mirabiliter
861 1473 976 1533 sublata
998 1481 1048 1538 cst,
1073 1481 1102 1532 et

144 1554 186 1613 ad
207 1574 275 1615 oras
297 1552 627 1616 ildalinnttranalata.
662 1556 812 1616 Canisium
836 1551 927 1629 hujus
955 1552 1102 1630 opinionis

143 1633 334 1697 defensorem
357 1637 422 1713 quis
444 1654 510 1697 essa
532 1638 710 1713 denegabit,
735 1642 892 1714 postquam
915 1652 950 1694 ea
973 1633 1100 1710 legerit,

144 1734 223 1793 quae
236 1718 293 1777 boc
308 1718 344 1777 de
359 1724 537 1795 argumento
557 1716 609 1777 ille
621 1719 756 1798 scripsit‘l
770 1718 853 1778 Adeo
865 1734 936 1777 vero
950 1716 989 1775 <le
1006 1721 1101 1775 traus-

142 1798 254 1859 latione
277 1816 380 1859 sacrae
403 1798 493 1877 hujus
507 1801 662 1877 preclarae
685 1801 765 1859 aedis
789 1796 914 1858 meritus
938 1798 961 1857 is
984 1800 1041 1864 est,
1066 1800 1101 1857 ut

142 1881 181 1940 ad
205 1900 275 1941 enm
297 1880 424 1956 Magnus
446 1881 591 1942 Baronins
614 1884 759 1941 lectorem
792 1877 918 1956 rejiciat.
942 1877 1098 1937 Roestium

144 1963 212 2037 quis
228 1963 345 2039 ignorat
360 1964 645 2037 praestantissimum
663 1962 799 2039 ejusdem
823 1959 1023 2019 translationis
1035 1959 1099 2015 viu-

142 2042 267 2113 alicem‘l
289 2039 432 2101 Consulat
452 2042 582 2114 lector,
606 2064 682 2120 quae
717 2046 740 2103 is
763 2042 883 2119 scripsit
902 2042 935 2100 in
956 2038 1101 2121 Apolopia

136 2142 199 2203 pro
216 2124 365 2201 Diparac
380 2124 515 2201 Virpinia
527 2127 643 2185 Marica
658 2126 798 2188 Camena.
816 2123 900 2183 ldem
916 2124 963 2183 dic
975 2124 1011 2183 de
1027 2120 1100 2180 Tur-

142 2197 315 2274 sellinm‘ad
332 2203 419 2282 eujus
434 2203 636 2266 Morctanam
653 2206 823 2267 Historiam
838 2203 1014 2280 Spondanus
1037 2202 1101 2262 alii·

143 2304 203 2362 que
225 2286 337 2365 egregii
360 2287 416 2346 viri
440 2286 595 2349 Lectorem
619 2289 791 2349 amendant.
815 2285 961 2347 Rutilium
984 2285 1099 2345 lleuzo·

143 2368 240 2435 oium,
258 2367 445 2429 Ludoricnm
468 2368 717 2431 Cento-borinum
734 2372 762 2429 in
778 2368 915 2428 eamdem
938 2386 1002 2427 rom
1026 2366 1097 2427 allu-

144 2455 216 2526 gant
238 2456 423 2527 praestantes
438 2450 507 2509 viri.
523 2451 607 2512 ldem
624 2453 736 2530 pariter
752 2452 798 2510 dic
821 2450 858 2507 de
874 2447 962 2509 Petra
976 2448 1096 2514 Sancta,

144 2530 232 2608 cujus
255 2532 284 2589 in
309 2548 371 2589 reru
396 2532 472 2591 banc
493 2534 702 2595 auctoritatem
726 2532 817 2591 allent
838 2532 1027 2591 doctissimus
1041 2528 1098 2588 lie·
1186 2534 1189 2541 '

144 2613 283 2673 nedictus
305 2611 407 2678 XIV,
443 2620 558 2674 tornum
583 2616 704 2675 tertium
727 2614 858 2689 allegans
879 2611 1098 2671 Miracnlornm

138 2691 520 2774 perpatnornm‘Eaalcaiae
535 2694 716 2756 Catholicae.
740 2695 886 2754 Baranins
908 2692 965 2752 Vir
986 2692 1097 2753 summi

140 2776 271 2834 nominis
293 2779 438 2849 quantum
464 2775 667 2842 translationi,
691 2778 729 2837 do
751 2794 809 2852 qua
833 2777 959 2851 agimus,
984 2774 1095 2844 lavent,

138 2858 252 2916 monita
277 2855 351 2915 baec
373 2856 550 2917 declarant:
575 2856 669 2917 Porro
692 2857 796 2918 alomna
813 2854 874 2935 (od
899 2873 1013 2915 annum
1036 2854 1098 2913 Do·

136 2936 216 2996 mini
237 2934 285 2996 IX
306 2942 325 3007 §
346 2935 380 3017 Ι)
403 2939 479 3003 itta,
503 2940 537 2999 in
552 2957 613 3017 qna
638 2939 674 2997 ale
693 2940 781 3001 Verbi
801 2937 1014 2997 incarnatione
1036 2930 1094 2995 SS.

139 3017 232 3096 Vir-po
262 3021 377 3078 ooelcotc
402 3019 514 3098 accepit
543 3021 710 3087 nantium,
737 3018 834 3077 adiano
863 3035 971 3095 mapno
1002 3016 1120 3075 mirac·

136 3100 203 3158 calo
219 3117 279 3157 non
295 3107 413 3158 tantam
427 3102 546 3177 intapro
557 3110 741 3177 peremerat,
765 3098 815 3158 aad
832 3096 1015 3177 Anpatornm
1037 3096 1095 3155 mi-

137 3181 260 3241 nisterio
289 3180 326 3238 ab
354 3181 523 3261 infidelium
552 3184 691 3242 manibus
719 3180 899 3245 vindicata,
923 3181 956 3239 in
972 3179 1095 3239 Dalma-

136 3262 214 3320 tiam
231 3262 381 3337 primum,
410 3262 481 3321 inda
506 3263 540 3321 in
555 3263 677 3322 ltaliam
693 3264 844 3323 translato
865 3270 905 3321 art
934 3261 968 3320 in
983 3278 1094 3338 aprum

134 3338 345 3402 &cratonum
361 3340 469 3403 Piceni
475 3344 677 3420 provinciae:
699 3344 777 3423 qnod
788 3345 972 3421 parinaipne,
995 3360 1029 3401 aa
1042 3358 1094 3399 no·

134 3423 313 3483 bilissimnm
330 3425 484 3485 attestatio
494 3436 720 3486 monumentum
732 3436 811 3486 totas
823 3424 1003 3485 christianus
1017 3424 1097 3483 orbis

134 3513 298 3566 caneretur
322 3523 359 3565 aa
385 3507 465 3567 colit.
490 3506 655 3575 imitatur,
678 3508 757 3583 quoa
774 3524 871 3583 'saepe
893 3507 969 3566 solet
1001 3504 1096 3564 Baro·

134 3586 218 3647 nium
242 3584 439 3664 spondanus:
462 3588 575 3648 etenim
600 3588 628 3647 in
656 3588 888 3652 Continnationa
903 3586 1033 3647 Boronii
1054 3582 1095 3646 aa
