2517 4059
578 215 639 277 aab)
662 204 803 276 lr30fflr-

215 339 278 399 Ncc
301 355 353 396 nos
375 336 447 395 latet
469 333 591 396 Sanctos
612 333 763 396 israelitas
784 354 873 414 saepe
895 335 993 397 Deum
1019 338 1057 396 ad
1079 338 1180 400 ieren-
1242 354 1243 365 ¹

215 423 288 483 dum
312 417 456 479 stasilium
479 416 684 484 extimulasse,
706 417 909 484 obsecrantes,
933 423 968 478 ut
987 418 1178 480 Patriarcha·

215 521 284 563 rum
301 499 467 566 Abraham,
485 497 579 564 lsaac,
601 505 633 559 et
648 498 737 558 iacob
753 502 971 561 recordaretur.
995 499 1079 561 ldem
1095 520 1175 578 pror·
1243 556 1244 573 ,

215 581 267 645 sus'
289 583 346 642 hoc
369 581 435 641 loco
458 578 530 640 lacit
550 577 706 651 Ecclesia,
737 580 946 642 Sanctissimae
968 581 1122 659 Virginis,
1149 590 1177 642 et
1243 580 1244 653 i

216 665 394 728 Sanctorum
419 663 596 720 memoriam
620 679 782 730 renovans,
806 671 841 725 ut
855 662 953 724 Deum
969 665 1112 740 precibus
1128 683 1178 724 no·
1243 674 1244 677 ’

216 750 286 809 stris
308 745 473 822 propitium
497 742 612 803 reddat.

257 828 298 889 112
323 825 368 885 Ex
391 822 598 885 nonnullorum
621 823 789 886 Missalium
811 825 952 886 Rubricis
966 825 1117 887 Sacerdos
1130 845 1180 887 ex-

216 911 340 970 tollebat
362 908 397 967 ad
420 907 539 966 caelum
562 923 682 974 manus,
705 922 741 965 ao
756 908 863 968 deinde
884 909 991 985 sapitis
1014 908 1178 969 inclinatio·
1244 954 1245 971 2

216 1010 296 1058 nem,
321 996 372 1048 arrt
394 1005 526 1065 genuum
549 987 777 1048 submissionem
800 991 909 1051 edebat
930 991 1043 1050 dicens:
1069 987 1177 1049 Mento·
1244 980 1245 1007 l

215 1076 295 1133 riam
312 1072 500 1136 celebrantes,
523 1074 557 1128 ut
571 1069 718 1130 honorem
741 1070 932 1147 signiticaret,
955 1089 1046 1147 quern
1063 1070 1179 1130 Sanctis

216 1157 244 1214 in
266 1153 357 1214 Coelo
380 1151 575 1227 regnantibus
597 1151 771 1211 exhibebat.
794 1151 891 1212 Deum
914 1153 942 1210 in
960 1153 1017 1213 hac
1031 1150 1178 1212 Oratione

215 1235 362 1295 Sacerdos
385 1233 572 1307 adcurritur,
602 1233 630 1291 in
653 1251 749 1308 eoque
771 1235 895 1309 proinde
916 1235 1051 1310 corporis
1073 1234 1178 1294 habitu

216 1319 245 1375 in
268 1304 333 1393 qno'
349 1313 409 1391 jam
433 1319 517 1383 erat,
547 1315 708 1389 persistere
729 1313 838 1380 dehet,
862 1316 1121 1393 quemadmodum
1144 1333 1179 1374 ex

214 1397 351 1458 Romano
375 1395 488 1454 Missali
510 1400 698 1470 compertum
721 1393 766 1453 tit.
791 1395 937 1456 Sacerdos
958 1416 1067 1457 manus
1082 1395 1179 1474 jungit

216 1480 338 1560 dicens:
358 1495 417 1557 per
432 1475 565 1534 cumdem
588 1474 686 1537 Iesum
705 1477 870 1539 Christum.
893 1479 951 1552 Qui
967 1479 1096 1539 sollicite
1112 1479 1178 1538 sub-

216 1561 323 1622 sidium
341 1560 426 1634 petit,
450 1557 594 1622 extendit,
619 1557 776 1634 elevetque
792 1575 897 1619 manus
913 1559 999 1618 iacile
1014 1560 1176 1620 admodum

216 1662 250 1703 ac
274 1645 433 1719 prompte,
458 1639 541 1713 quasi
563 1638 716 1700 ducturus.
731 1638 768 1699 ad
790 1657 877 1700 suum
906 1642 999 1719 ipsius
1031 1642 1177 1703 auxilium
1246 1660 1247 1665 ¹

216 1743 268 1786 eos
289 1740 364 1800 qnos
388 1722 523 1789 invocat;
548 1719 608 1778 Eos
623 1720 724 1797 itaque
739 1720 795 1781 sibi
810 1724 925 1782 socians
946 1722 1175 1799 efflagitationes

216 1808 389 1884 ingeminat.
415 1800 558 1861 Sacerdos
573 1817 626 1877 per
643 1802 721 1862 hanc
736 1818 855 1863 omnem
872 1823 993 1881 precem
1016 1805 1106 1864 elatis
1121 1822 1176 1864 ma-

216 1890 304 1948 nibus
326 1889 459 1963 perstat,
484 1891 517 1943 ut
540 1881 592 1940 Dei
616 1884 760 1944 auxilium
783 1886 837 1944 sibi
860 1881 1037 1962 compa'ret,
1063 1903 1175 1962 easque

215 1971 245 2029 in
268 1968 404 2046 ejusdem
429 1963 488 2022 line
512 1963 635 2041 jungit,
666 1970 699 2025 ut
720 1982 752 2024 se
774 1967 967 2043 supplicantis
993 1969 1022 2026 in
1054 1968 1173 2028 modurn
1247 2024 1248 2041 1

216 2053 392 2126 componat,
416 2053 447 2111 et
468 2045 535 2104 lesu
558 2044 669 2106 Christi
692 2046 864 2107 Mediatoris
887 2067 994 2109 nomen
1017 2051 1173 2109 enuntians
1247 2064 1248 2087 ³

216 2133 312 2192 multo
335 2128 546 2187 vehementius
569 2126 724 2196 obsecrat,
748 2131 860 2205 quippe
883 2132 934 2207 qui
952 2149 1006 2206 per
1021 2149 1092 2190 eum
1110 2148 1172 2207 spe-

216 2219 264 2273 rat
285 2211 370 2274 iore,
394 2215 427 2269 ut
441 2209 618 2268 exaudiatur
633 2228 640 2276 ;
665 2217 697 2270 ut
712 2227 782 2269 curn
798 2210 975 2272 beneficium
992 2211 1113 2288 aliquod
1129 2230 1174 2288 pc·

216 2295 311 2357 titur,
336 2291 392 2351 dici
409 2291 484 2350 solet
500 2289 527 2346 id
544 2290 683 2350 manibus
695 2289 805 2367 junctis
827 2294 899 2369 peti.
923 2291 982 2351 Hic
1004 2299 1107 2353 autem
1124 2294 1172 2352 ob·

215 2374 384 2436 servatione
407 2372 512 2448 digitus
535 2376 580 2429 est
603 2372 708 2432 titulus
730 2374 816 2450 infra
837 2374 982 2433 actionem
1004 2376 1032 2432 in
1048 2375 1173 2435 Missali-

215 2459 270 2519 hus
286 2459 355 2514 ante
371 2452 632 2514 Communicantes
649 2455 810 2528 praescribi
825 2456 942 2515 solitus:
960 2455 1036 2530 quod
1053 2457 1171 2532 quidem

215 2540 294 2598 idem
318 2541 363 2596 est
389 2553 423 2593 ac
445 2536 531 2594 intro
560 2533 732 2604 Cononem,
759 2537 855 2612 posito
876 2536 962 2612 infra
991 2537 1168 2613 proiastra.

215 2620 301 2692 erod
323 2622 501 2694 usurpatum
524 2614 562 2674 ab
577 2617 667 2674 medii
683 2616 758 2676 heri
775 2617 975 2693 scriptoribus
996 2620 1087 2694 saep'e
1103 2619 1166 2678 init.

214 2699 351 2775 Namque
368 2695 455 2757 Actio
471 2699 561 2758 eliam
577 2694 678 2756 Canon
695 2699 765 2757 olim
788 2700 885 2758 dictus
905 2698 972 2760 luit.
995 2696 1057 2758 Cur
1072 2705 1170 2760 autem

215 2781 322 2842 titulus
339 2779 387 2838 ille
404 2781 432 2838 in
448 2777 598 2838 Canonem
616 2780 792 2858 irrepserit,
809 2781 898 2841 docet
913 2780 1018 2841 Petrus
1035 2780 1078 2839 Le
1093 2781 1170 2841 Brun

215 2863 301 2922 Tem.
326 2861 340 2920 l
363 2867 438 2937 part.
457 2859 499 2920 lV
522 2866 577 2920 art.
599 2859 642 2920 lV
664 2878 734 2920 eum
759 2879 865 2938 nempe
886 2864 984 2940 primo
1007 2859 1170 2937 praefixum

214 2946 307 3006 inisse
328 2960 380 3003 sex
402 2943 480 3001 illins
508 2942 686 3018 specialibus
717 2944 975 3006 Communicantes
996 2943 1169 3010 Paschatis,

215 3025 426 3092 decensionis,
449 3022 663 3091 Pentecostes,
693 3021 829 3093 Natalis,
856 3021 1062 3102 Epiphaniae,
1087 3026 1170 3101 quin-

214 3115 324 3185 taeque
347 3103 453 3165 Feriae
475 3103 596 3182 majoris
624 3104 853 3176 hebdomadae,
888 3105 930 3167 uti
953 3107 1055 3166 videre
1077 3110 1122 3165 est
1142 3108 1168 3165 in

215 3187 455 3249 sacramentario
476 3184 643 3255 Gelasiano,
667 3193 757 3264 atque
771 3185 978 3264 Gregorian03
1003 3205 1074 3247 mox
1089 3204 1169 3249 eum·

215 3271 284 3330 dem
306 3270 425 3330 titulum
449 3269 641 3329 librariorum
670 3269 785 3330 inscitia
813 3267 898 3330 velnt
917 3267 986 3345 jure
1007 3285 1063 3329 suo
1091 3284 1167 3328 com·

215 3353 299 3412 muni
322 3351 411 3411 etiam
434 3347 697 3410 Communicantes
718 3355 938 3427 praenotatum.

256 3432 312 3493 lll.
335 3430 369 3491 ln
393 3431 513 3492 Canone
527 3429 663 3490 Romano
678 3438 747 3509 post
764 3432 989 3492 Sanctissimam
1004 3428 1168 3508 Virginem,

215 3518 247 3573 et
269 3512 447 3588 Apostolos,
471 3511 622 3590 Martyres
644 3513 801 3574 duodecim
825 3515 1026 3574 nominantur.
1053 3509 1167 3572 Contes-

215 3609 318 3651 sorum
343 3592 424 3651 nulla
446 3591 481 3653 srt
503 3596 637 3663 mentio,
659 3593 707 3655 rel
729 3596 799 3673 quia
822 3597 973 3676 Martyres
992 3592 1165 3673 passionem,
