2517 4059
458 210 684 284 millii*

99 340 238 401 emissum
261 338 374 417 adjicit,
396 336 460 399 Lib.
478 339 546 400 Ide
562 349 658 419 parto
684 336 815 416 Virpinis
836 354 866 395 v.
887 335 956 397 135.
973 332 1047 393 San·

97 423 244 482 ¹nazarium
267 431 474 499 praecesserat
495 429 584 495 poeta
606 424 705 481 minus
728 420 845 488 nobilis,
870 420 922 479 sed
945 415 1045 476 Theo-

14 523 15 580 ,
95 504 174 580 logos
194 504 471 578 praestantissimus
492 502 618 570 Gerson,
642 504 714 563 duru
738 502 812 562 baec
834 500 954 577 scriptis
969 514 1046 575 pro-

14 583 15 593 ’
94 586 164 644 didit
185 588 217 643 in
239 602 331 660 opere
353 587 402 645 oui
425 587 552 646 titulus:
578 586 731 664 loseplrino
753 583 914 645 Distinetio
935 578 989 640 lV.

132 665 185 725 lll.
210 667 278 744 Age
298 683 383 735 vero,
407 666 618 728 salutationem
643 668 736 743 ipsam
748 665 922 742 Angelieam
938 678 1045 737 aggre-

93 749 232 815 diamur,
256 749 519 826 expeudamusquo
551 747 629 808 illius
657 750 879 825 prestantium,
913 762 947 803 ao
968 744 1043 801 vim.

93 830 201 889 Merito
221 838 324 890 autem
351 830 431 889 illins
452 830 610 891 exordium
633 828 765 904 Angelus
786 829 872 887 duxit
901 825 938 885 ab
960 821 1044 893 Aee,

95 918 157 971 tum
179 913 252 987 qnia
267 911 344 972 haee
367 912 609 988 frequentissima
625 916 691 970 erat
713 911 792 985 apud
806 908 963 969 Hebraeos
979 922 1045 963 eon·

93 994 228 1060 suetudo,
253 997 288 1053 ut
309 1012 326 1051 a
348 993 527 1053 salutatione
548 994 644 1055 laetus
667 992 793 1051 nuncius
808 987 1045 1051 exordiumdu·

93 1083 182 1135 eeret.
207 1073 286 1134 Tum
308 1075 418 1143 etiam,
442 1077 512 1151 qnia
533 1074 620 1135 valde
643 1075 823 1135 conveniens
846 1072 914 1139 mit,
939 1076 973 1130 ut
995 1065 1044 1143 qui

94 1157 188 1217 subito
210 1162 335 1231 aspectu
362 1174 438 1223 sno,
461 1163 552 1232 atque
573 1174 591 1214 a
614 1157 766 1224 novitate,
790 1162 820 1214 et
842 1150 1045 1229 magnitudine
1153 1212 1158 1225 ¹

93 1256 191 1297 rernm
215 1238 411 1297 dicendarum
429 1237 622 1314 praevidebat
638 1237 808 1297 terrendam
824 1235 900 1304 loro,
925 1233 1046 1293 turbau-

93 1319 219 1395 damque
236 1313 403 1396 Virginem,
428 1319 483 1379 sibi
499 1318 674 1379 benevolam
698 1319 798 1377 statim
811 1316 962 1384 redderet,
987 1322 1046 1374 ter·
1099 1360 1103 1367 ,

92 1402 228 1475 rurisque
251 1418 358 1461 causas
381 1399 544 1461 laetissima
565 1400 744 1461 salutatione
768 1405 930 1459 averteret.
954 1392 1044 1454 Asa-

94 1482 250 1548 latatione,
274 1482 392 1557 inquit,
415 1481 481 1543 sire
503 1482 701 1559 Augustinus,
726 1500 778 1540 sen
801 1480 879 1540 alius
901 1480 956 1539 sub
978 1474 1044 1552 ejus

95 1565 210 1623 nomine
235 1563 331 1622 lateus
353 1562 488 1639 Scriptor
512 1560 618 1623 Sermo
641 1561 733 1624 ll'de
747 1560 917 1622 Notioitote
938 1561 972 1619 in
986 1557 1044 1637 Ap-

88 1644 212 1721 pendiee
230 1644 378 1703 120olim
398 1643 441 1703 21
463 1644 498 1704 de
524 1641 670 1724 Tempore,
694 1644 809 1721 incipit,
834 1643 886 1720 qni
907 1640 1044 1702 saluatio-

91 1743 153 1785 nrm
184 1727 221 1784 iu
242 1726 347 1802 linquo
365 1728 513 1805 portauit.
541 1724 603 1786 Nec
625 1726 775 1786 immerito
798 1742 869 1783 saue
902 1724 938 1783 ad
962 1720 1045 1781 laeti-

14 1851 15 1856 ,
93 1808 175 1879 tiam,
200 1824 238 1865 ao
260 1807 402 1883 gandium
426 1808 563 1867 hortatus
584 1814 632 1867 est
653 1806 780 1867 lllariam
803 1804 958 1879 Angelus:
981 1807 1044 1862 ete·

89 1889 148 1947 nim
172 1898 206 1949 ut
223 1886 643 1967 Apdreaollierosolymitani
667 1888 781 1964 Angeln
804 1887 879 1945 baec
902 1882 1042 1945 tribuenti

86 1972 189 2031 verbis
205 1976 295 2030 utar:
323 1968 427 2037 Unico,
451 1971 558 2044 inquit,
584 1967 726 2028 Sermone
750 1968 785 2027 de
800 1966 1044 2027 ,innonoiotione

86 2054 121 2110 in
134 2050 327 2120 Brittomaro
339 2050 468 2110 Parrum
482 2048 579 2129 Lupi.
604 2051 639 2110 Τ.
659 2049 719 2110 Xll
737 2068 804 2126 pag.
822 2048 882 2108 679
896 2050 967 2108 baec
983 2064 1044 2109 ooo:

88 2130 189 2199 Soloe,
212 2134 331 2193 nullum
352 2132 576 2211 apodpuellom
597 2134 693 2192 metui
713 2134 810 2191 locum
832 2131 986 2209 relinquit,
1009 2146 1044 2187 oo

85 2226 215 2275 mentem
238 2218 300 2295 ejus
319 2216 408 2293 prius
423 2212 606 2274 demulcebit:
622 2215 737 2289 abipso
753 2216 816 2293 ejus
830 2212 940 2289 prandio
955 2228 1044 2270 emor·

86 2296 171 2356 dium
202 2312 345 2354 sumam:
380 2296 514 2354 loetitiae
535 2295 621 2372 sipno
642 2295 745 2354 statim
767 2294 796 2352 ei
828 2295 1043 2353 orrnuncians:

85 2377 168 2438 docet
190 2379 270 2436 enim
284 2378 371 2437 laetis
384 2377 431 2436 ito
440 2378 612 2454 praeconiis
636 2374 782 2454 Reqinam
804 2376 954 2434 solutari:
978 2372 1044 2433 Ma·

74 2460 162 2519 -riam
185 2459 280 2537 gratia
302 2457 421 2535 plenam
445 2458 597 2534 praedicat
618 2456 752 2535 Angelus
764 2456 930 2531 divinisque
953 2456 1043 2515 bene-

83 2540 163 2601 ficiis
184 2538 388 2609 cumulatam3
412 2556 541 2614 eamque
563 2537 627 2597 Deo
640 2539 781 2615 placere:
806 2536 949 2597 lnoonisti
965 2536 1043 2597 onim

83 2622 220 2701 oratio-m
243 2619 325 2697 opud
347 2618 521 2679 Dominum.
555 2618 684 2697 Spiritus
706 2618 857 2690 Sanctus,
889 2620 918 2676 in
946 2618 1047 2685 Maria

83 2708 302 2769 commorans,
329 2701 411 2762 illius
432 2709 565 2763 mentem
594 2702 681 2761 donis
708 2701 867 2765 omnibns,
899 2700 1042 2777 omniqua

85 2787 185 2861 gratia
208 2785 398 2859 impleverat.
415 2782 511 2842 illaria
533 2782 707 2843 cumulatur
729 2784 821 2859 gratia
839 2788 869 2842 et
885 2782 1038 2859 impletur.

85 2865 124 2926 Ut
147 2868 231 2925 illam
255 2865 313 2923 bae
335 2866 501 2941 dignitate,
525 2883 583 2939 qua
605 2870 794 2925 caeterorum
819 2864 977 2923 hominnm
1000 2862 1041 2921 di·

14 3001 15 3028 ἢ
84 2950 182 3025 gnitas
198 2964 288 3023 quam
306 2946 476 3022 longissime
491 2950 664 3021 superatur,
680 2948 798 3021 dignam
814 2943 958 3012 ellioeret,
976 2962 1050 3021 om·—

86 3048 149 3098 nes‚
166 3028 262 3089 ut=ita
284 3029 394 3093 diuam,
408 3028 567 3087 thesauros
588 3028 728 3087 exhausit
744 3024 835 3095 Deus,
852 3025 959 3085 divinis
974 3044 1041 3086 mu·

14 3133 15 3190 n
43 3109 45 3118 ’
87 3112 211 3172 neribus
233 3108 314 3167 illam
339 3110 468 3185 nudique
491 3114 665 3167 ornaturus.
690 3110 730 3167 nt
754 3125 847 3173 nova,
876 3124 971 3183 eaque
994 3125 1041 3167 co·

14 3193 15 3198 ’
84 3193 253 3271 piosissima
273 3191 369 3268 gratia
392 3192 421 3248 in
447 3192 510 3266 ipso
532 3188 816 3265 Angeliadvontu,
840 3194 904 3248 tum
927 3207 964 3247 ox
986 3186 1041 3248 Pa·

84 3281 166 3335 trum
182 3272 364 3341 testimonio,
387 3289 423 3331 ao
445 3271 578 3341 monitis,
601 3278 665 3330 tum
688 3288 725 3329 ex
741 3288 776 3329 eo
799 3272 889 3330 etiam
913 3276 1039 3341 constat,

86 3356 252 3433 qundtum
274 3370 312 3413 ex
334 3354 487 3414 communi
509 3358 718 3413 ereaturarum
740 3370 876 3429 genere,
901 3368 935 3411 uo
957 3359 1037 3413 statu

86 3438 159 3498 elata
176 3440 235 3503 est,
258 3440 291 3496 et
311 3435 432 3495 adeam
453 3435 627 3511 dignitatem
651 3440 799 3509 promota,
822 3451 899 3509 qirao
924 3440 956 3493 ut
972 3452 1038 3493 vor-

89 3518 131 3579 bis
147 3518 184 3579 S.
210 3516 348 3576 Tbomae
370 3519 451 3589 utar,
475 3516 567 3577 babet
582 3514 737 3593 quondam
759 3516 953 3595 infinitatem,
973 3518 1042 3591 pro·

46 3667 48 3670 ,
88 3606 151 3676 pter
172 3616 242 3660 orm
265 3597 541 3675 propinquitatem,
565 3604 655 3674 atque
677 3597 751 3657 adeo
775 3598 925 3665 nunonem,
949 3601 1041 3672 qnam

89 3679 176 3743 babet
207 3686 396 3742 maternum
419 3677 505 3751 filio,
529 3680 659 3756 ideoque
690 3694 760 3738 oum
784 3678 848 3756 ipso
883 3675 1040 3755 Unigenito
