2517 4059
510 188 714 261 ΜΨ·

125 314 241 379 Chrisli
266 315 348 379 ttae
369 335 454 378 num.
479 315 541 389 at;
569 318 802 380 continuatam
816 315 1038 385 Ballendicni‚
1056 318 1091 377 in

130 400 201 470 Vita
218 399 324 461 Sancti
338 398 525 460 Barnordini
546 399 587 459 cd
610 398 688 459 diem
709 399 752 460 21
767 397 869 479 Mnjt,
895 417 962 476 pag.
979 397 1040 461 308
1062 407 1090 459 tt

126 481 327 561 repetandam
349 481 517 552 Baisteana
536 482 612 545 Vitis
629 478 821 550 Sanctorum,
845 482 879 539 in
898 482 968 542 Vita
982 480 1088 543 Sancti

125 562 309 625 Beruardini
331 570 406 627 tom.
424 561 452 625 ll
474 582 541 643 pag.
560 562 620 625 335
643 582 727 625 num.
744 560 775 621 6:
799 563 926 639 ideoque
949 566 977 625 in
1001 564 1089 624 tertia

125 644 273 707 Lectione
294 643 393 707 Officii
416 647 539 725 proprii,
563 644 642 721 quod
659 646 688 707 iu
705 642 840 705 Ecclesia
863 646 1024 706 universali
1039 663 1089 705 re·

126 729 239 789 citatur
251 726 299 787 die
311 726 387 791 testo
400 727 535 806 ejusdem
548 726 649 787 Sancti
662 728 736 789 baec
750 726 910 789 habentur:
919 726 1087 789 Berncrdi·

125 828 184 871 aas
197 810 285 870 nrbes
300 819 388 889 atquc
410 810 519 889 oppida
534 827 716 871 cccccccccc
729 812 764 869 in
785 813 903 871 nominc
917 809 984 871 Iera
1000 828 1087 890 pacm

124 910 242 969 sempor
255 892 293 951 in
312 910 363 951 arc
387 903 413 953 ct
428 894 461 951 in
478 902 598 971 pectore
620 892 747 970 peretot,
764 893 922 971 collapsam
935 892 1086 967 pictatem,

123 992 282 1053 moresque
296 976 381 1034 acrba
397 983 423 1033 ct
438 976 572 1053 exemplo
587 992 699 1051 mcpnc
713 991 752 1033 cac
762 983 850 1051 porte
866 972 1086 1034 restituitvin·

124 1056 226 1115 dicato
249 1056 287 1115 ab
309 1054 433 1133 abjectis
448 1058 507 1118 ritu
529 1053 633 1116 Cultus
653 1074 725 1134 erga
746 1053 864 1117 Nomen
882 1054 962 1119 lesu,
979 1052 1086 1117 Frater

123 1136 332 1199 Bernardinus
346 1138 384 1198 de
399 1137 496 1201 Bustis
511 1138 725 1199 celeberrimus
737 1134 933 1199 Contionatcr
948 1136 1085 1217 Seraphi-

124 1236 182 1281 cae
197 1219 341 1279 Familiae
365 1237 483 1279 omnem
513 1237 634 1295 operam
659 1220 789 1289 navavit,
812 1226 846 1281 ut
868 1218 960 1298 hujus
981 1218 1086 1281 Nomi-

124 1302 174 1361 nis
195 1299 300 1361 Cultus
323 1302 496 1379 particulari
512 1299 617 1362 Officio
639 1303 669 1361 in
685 1299 817 1363 Ecclesia
837 1304 998 1363 coleretur,
1023 1302 1083 1363 lta⁴

124 1402 186 1459 que
216 1382 355 1443 Oilicium
390 1382 524 1444 Nominis
558 1383 624 1447 lesu
658 1386 827 1459 composuit
855 1384 944 1461 idque
974 1385 1083 1445 obtulit

124 1464 212 1526 Sixto
227 1464 270 1524 IV
292 1471 323 1525 et
343 1463 410 1543 ejus
433 1467 606 1531 immediato
622 1466 794 1526 Successori
813 1466 984 1527 Innocentio
996 1464 1079 1534 viti,

123 1552 203 1609 teste
227 1548 377 1625 Wadingo
403 1548 431 1607 in
453 1547 554 1625 Opere
585 1550 632 1609 cui
660 1548 788 1607 titulus:
812 1548 855 1608 Dc
882 1548 1083 1629 scriptoribus

129 1624 439 1708 macetranorum,
464 1631 498 1689 in
513 1628 821 1692 ccrchernocdincc
843 1629 1004 1700 delicatis,
1028 1630 1080 1691 ubl

123 1709 223 1786 inquit
237 1728 328 1789 peaes
351 1728 383 1773 se
404 1719 506 1773 extare
521 1712 661 1773 Codicem
678 1713 898 1789 autographum
921 1713 1081 1773 memorati

95 1822 99 1829 ’
123 1790 224 1853 Oilicii
244 1794 404 1869 praedictis
427 1794 557 1857 Summis
577 1792 772 1857 Pontificibus
794 1795 894 1853 oblati.
910 1793 995 1866 Quae
1016 1795 1079 1871 qui·

122 1874 194 1935 dem
218 1893 266 1937 res
286 1876 354 1937 ,etsi
382 1882 451 1937 tuuc
485 1878 592 1939 iniecta
622 1877 805 1946 mansisset,
838 1893 928 1937 suum
956 1877 1078 1937 tandem

122 1956 233 2017 habuit
250 1958 586 2032 complementumsub
600 1957 756 2020 Clemente
771 1955 827 2017 Vll
850 1959 904 2035 qui
920 1957 957 2018 ad
972 1975 1079 2038 preces

122 2038 313 2101 Franciscani
335 2038 455 2103 Ordinis
479 2059 535 2119 per
557 2040 685 2103 Litteras
711 2038 897 2116 apostolicas
925 2042 956 2099 iu
981 2038 1078 2101 iorma

123 2121 231 2181 Brevis
253 2122 406 2195 expeditas
437 2122 484 2183 die
507 2122 547 2183 25
569 2121 727 2183 Februarii
748 2140 826 2183 anno
851 2120 931 2183 1530
951 2122 1080 2185 instituit

123 2204 257 2265 solemne
272 2201 394 2266 Festum
411 2202 594 2268 Sanctissimi
612 2202 756 2273 Nominis,
780 2203 992 2267 celebrandum
1015 2211 1079 2264 tum

122 2302 180 2364 per
191 2284 293 2350 Viros,
319 2292 382 2347 tum
406 2303 460 2363 per
475 2285 618 2355 Moniales
633 2284 700 2363 ejus
716 2283 835 2345 Ordinis
851 2290 1008 2362 quotannis
1030 2287 1078 2347 die

123 2366 315 2428 1atanuarn
339 2385 407 2427 cum
430 2368 606 2428 recitatione
628 2368 772 2445 praedicti
795 2366 911 2438 Officii,
934 2368 1077 2445 quemad-

122 2448 247 2509 modum
269 2449 364 2510 ridcri
387 2454 485 2524 potest
505 2451 583 2527 apud
606 2451 791 2526 Wadingum
809 2450 843 2507 in
857 2448 1024 2511 Annalibus
1038 2449 1080 2509 cd

122 2530 342 2592 onaam1550
363 2549 446 2594 urim.
473 2529 763 2593 100r11T.vl11.
788 2532 836 2594 Ab
858 2531 972 2593 Ordine
994 2531 1078 2592 Sera·

121 2612 214 2691 pbico
235 2610 371 2689 ejusdem
392 2611 489 2673 Officii
511 2614 648 2675 recitatio
669 2614 706 2674 ad
728 2614 802 2673 alios
824 2621 926 2691 postea
946 2614 1078 2691 Religio·

121 2711 171 2754 sos
192 2693 320 2755 Ordines
343 2700 465 2756 extensa
487 2702 559 2756 est:
589 2714 607 2756 a
628 2695 787 2765 Monachis
816 2698 926 2774 quippe
947 2696 1077 2759 Cartbu·

121 2777 215 2845 sianis
237 2794 314 2837 anno
343 2772 423 2835 idid
451 2779 634 2840 recitabatur
661 2779 792 2839 secunda
821 2778 976 2840 Dominica
1008 2783 1077 2853 post

122 2854 344 2937 Epiphaniam,
369 2858 467 2921 sicuti·
479 2860 628 2938 colligitur
650 2877 688 2919 ex
703 2878 808 2920 eorum
825 2860 980 2938 Breviorio
996 2860 1076 2921 dicto

121 2956 200 3001 auno
228 2941 305 3019 typis
337 2939 585 3015 Lugdunensibus
613 2942 704 3001 edito.
734 2941 922 3003 Auctoritate
954 2960 1076 3018 quoque

121 3017 367 3101 Congregationis
393 3020 552 3083 Sacrorum
581 3022 709 3083 llituum
735 3024 764 3081 in
787 3024 896 3099 Reguis
916 3021 1077 3101 Hispania-

121 3122 217 3172 rum,
250 3104 379 3181 aliisque
402 3104 476 3165 locis
508 3112 538 3171 et
559 3105 729 3183 regionibus
755 3106 834 3166 idem
857 3104 998 3165 Officium
1024 3123 1074 3167 ce·

121 3186 272 3247 lebratum
294 3192 361 3245 est:
385 3203 516 3263 cumque
539 3186 665 3248 Carolus
686 3185 728 3247 vl
755 3188 991 3265 drrgustissimus
1012 3188 1073 3249 lm·

119 3274 242 3347 perator
263 3271 383 3328 sanctae
404 3270 569 3335 memoriae
591 3266 738 3329 Clementi
759 3267 804 3331 xl
827 3275 858 3331 et
878 3269 986 3332 deiude
1006 3289 1074 3333 sau·

120 3355 186 3411 ctae
207 3349 373 3409 momoriae
395 3348 558 3411 iunocentii
580 3348 656 3411 Xlll
681 3353 768 3412 enixe
793 3351 990 3431 supplicasset
1017 3372 1074 3430 pro

119 3432 178 3493 boc
193 3431 299 3493 eodem
322 3428 428 3493 Oilicio
443 3432 478 3493 ad
495 3433 666 3495 universam
682 3431 850 3494 Ecclesiam
872 3436 1072 3503 extendendo,

119 3532 152 3575 re
174 3516 251 3575 bene
273 3513 404 3577 discussa
431 3514 460 3573 in
482 3512 644 3575 Sacrorum
667 3516 790 3577 Rituum
812 3516 1070 3593 Congregatioue,

120 3596 166 3659 die
183 3596 304 3658 andem
326 3592 367 3657 29
388 3594 569 3667 Novembris
591 3595 862 3675 litt-responsum
880 3597 937 3658 init
951 3615 1005 3674 pro
1020 3616 1072 3659 ex·
