2517 4059
551 197 777 271 wasta*

186 326 216 385 in
238 325 370 401 Liturgia
392 324 424 384 S.
443 324 542 385 iacobi
565 331 636 385 ante
657 320 922 385 thurificationem.
939 322 1075 399 Accepto
1095 322 1146 380 Li-

185 408 241 467 bro
264 408 300 466 de
324 407 419 466 ditari
442 406 606 467 instituitur
627 406 795 473 Proceseio,
819 404 1018 481 praecedente
1040 420 1147 464 cereo·

184 506 255 547 rum
278 488 400 555 lumine,
419 494 573 565 tamquam
595 490 625 547 in
641 486 743 565 gaudii
758 487 890 563 signum,
907 483 988 560 qnod
1003 490 1145 545 sanctum

186 566 383 647 Evangelium
401 572 485 630 nobis
500 570 610 638 ailert3
636 577 666 629 et
682 574 716 629 ut
730 568 897 627 innotescat
911 565 1070 627 Christum
1085 566 1147 626 Do·

186 651 303 711 minum
325 668 398 711 vere
420 659 450 712 et
472 652 593 729 proprie
615 649 730 711 dictum
752 649 853 709 lumen
876 664 959 711 esse,
984 648 1064 724 quod
1087 666 1146 708 suo

185 749 241 792 nos
261 733 355 794 verbo
377 732 613 795 luculentissime
635 729 879 793 illustratibus
900 746 1022 805 quoque
1043 728 1145 790 deier-

185 819 237 873 tur
258 832 344 875 mone
359 822 514 882 consueto,
540 819 572 874 ut
593 831 631 873 ex
646 812 862 889 antiquissimis
876 809 1020 887 Liturgiis
1036 810 1144 889 liquet:

185 900 218 957 et
240 898 268 955 in
286 896 464 973 quibusdam
481 892 623 955 Ecclesiis
639 893 791 972 praecedit
806 894 897 953 etiam
912 890 1005 960 Crux,
1022 898 1057 953 ut
1071 892 1148 953 scri-

183 976 229 1037 bit
251 976 410 1037 Durandus
432 976 499 1037 Lib.
518 974 559 1036 lv
582 974 755 1037 Rationalis
775 972 849 1052 Cap.
866 970 918 1033 ut.
942 972 1028 1034 Thus
1050 992 1068 1033 a
1091 973 1146 1035 Sa-

185 1059 307 1121 cerdote
331 1059 538 1128 benedicitur;
563 1064 593 1117 et
615 1063 685 1117 ante
707 1054 940 1134 Evangeliorum
963 1055 1076 1116 librum
1100 1054 1145 1115 al·

183 1139 303 1205 fertur,
329 1144 362 1199 ut
383 1139 608 1215 quodemittit,
633 1136 841 1199 suffimentum
863 1137 933 1196 boni
955 1136 1080 1208 odoris,
1104 1137 1146 1197 si-

184 1239 278 1297 gnum
301 1222 340 1281 sit
357 1262 364 1287 ,
395 1237 485 1295 quem
510 1219 590 1281 Deus
620 1222 650 1279 in
664 1238 726 1279 cor
748 1217 914 1286 diffundIt,
939 1217 1013 1279 dum
1035 1237 1068 1279 se
1092 1235 1146 1295 per

185 1298 328 1361 Sanctum
346 1298 542 1379 Evangellum
560 1302 587 1359 in
603 1305 798 1378 conspectum
814 1296 924 1359 dat-In
941 1300 1036 1360 veteri
1051 1298 1147 1360 Missa

185 1382 235 1443 Du
251 1380 340 1442 Tillet
355 1383 515 1443 bleldensis
531 1382 670 1459 Episcopi
693 1383 772 1460 typis
786 1381 867 1441 edita
889 1399 959 1440 cum
975 1381 1143 1458 appendice

185 1462 416 1534 sacramentarii
432 1464 463 1523 S.
476 1463 625 1541 Gregorii,
644 1464 715 1524 thus
737 1464 775 1523 ed
790 1460 990 1539 Evangelinm
1012 1463 1043 1521 in
1058 1462 1149 1523 Thu·

186 1544 285 1605 ribnlo
309 1563 420 1620 {tenens
443 1546 589 1607 Sacerdos
611 1546 691 1605 hanc
714 1562 834 1621 precem
856 1544 996 1606 edebatz·
1012 1541 1147 1605 Odorem

186 1627 317 1687 caelestis
338 1627 548 1706 inspirationis
569 1644 640 1686 seeo
660 1624 821 1694 accendat,
847 1635 874 1684 et
896 1625 1017 1702 impleat
1041 1627 1147 1687 Demi-

180 1707 244 1769 -s'ous
267 1707 361 1767 cordo
383 1720 485 1769 nostro
507 1708 547 1767 ad
569 1706 733 1777 audiendo,
759 1717 787 1766 et
808 1707 961 1785 implenda
983 1706 1149 1786 Eceopciis'

185 1791 233 1849 sni
250 1798 421 1867 praecepta.
443 1788 505 1865 Qui
524 1790 610 1849 vicit·
629 1789 723 1849 Adest
744 1788 835 1849 etiam
858 1791 889 1848 in
904 1788 1148 1857 sacramentario

173 1870 358 1931 'Trevirensi
375 1870 492 1933 Saeculi
508 1869 540 1930 X
562 1871 788 1946 absolviturque
810 1887 948 1947 peream
963 1869 1144 1942 termulam,

189 1949 251 2027 Qui
271 1952 353 2013 eicit.
371 1951 403 2012 ln
420 1952 639 2015 Defunctorum
655 1950 753 2011 Missis
776 1969 830 2011 nec
854 1953 965 2012 lumina
989 1953 1026 2011 a‘d
1043 1949 1144 2013 Evan-

184 2030 296 2111 geliem
319 2034 486 2096 canendum
509 2034 693 2100 atteruntur,
710 2050 764 2093 nec
779 2032 883 2100 Libro,
900 2040 954 2094 aut
967 2033 1147 2097 celebranti

158 2162 162 2168 .
185 2114 428 2183 thus-adoletur,
453 2132 506 2177 nec
528 2116 660 2176 sumitur
681 2114 863 2184 benedictio,
888 2132 942 2175 nec
957 2114 1148 2177 Celebrantis

185 2212 307 2255 manum
324 2197 492 2264 osculatur,
509 2197 627 2257 omissis
650 2197 789 2256 omnibus
811 2192 1020 2265 solemnitatis,
1039 2205 1070 2259 et
1084 2199 1146 2259 lae-

186 2277 268 2337 titiae
290 2278 393 2353 signis.
410 2276 486 2339 Cum
509 2278 651 2339 Summus
666 2276 803 2338 Pontifex
818 2276 942 2339 Missam
965 2279 1145 2341 solemniter

186 2363 295 2424 cantat,
306 2394 308 2397 -
321 2365 381 2419 tam
398 2356 541 2436 Epistola,
560 2378 650 2437 quam
667 2356 863 2437 Evangelium
878 2376 985 2436 graece
1007 2368 1039 2422 et
1052 2360 1146 2421 latine

185 2438 335 2519 leguntur.
351 2440 482 2501 Diacono
505 2442 607 2509 latino,
631 2442 682 2517 qui
697 2440 862 2503 Cardinalis
877 2447 934 2508 est,
959 2444 1146 2519 praecedunt

185 2526 301 2599 septe'm
314 2520 453 2606 Acolytlri
469 2540 538 2583 cum
554 2529 670 2599 septem
681 2521 875 2594 candelabris,
888 2528 919 2582 et
932 2526 1028 2585 cereis
1042 2542 1145 2585 accen-

186 2604 237 2669 sis,
254 2602 413 2679 eidemque
431 2603 536 2683 legenti
552 2606 701 2674 assistunt,
714 2609 745 2664 et
759 2610 826 2681 post
840 2604 941 2680 ipsum
956 2605 1035 2667 idem
1047 2607 1146 2667 Evan-

187 2683 297 2763 gelium
314 2701 427 2759 graece,
444 2686 514 2763 legit
531 2684 679 2745 Diaconus
694 2703 832 2763 graecus.
849 2685 1085 2762 Antiquissimus
1100 2694 1146 2749 est

175 2766 237 2824 -lric
253 2764 328 2824 ritus
344 2766 372 2824 in
384 2767 517 2827 Ecclesia
529 2766 676 2831 Romana,
689 2765 776 2844 cujus
791 2767 961 2829 meminere
969 2770 1146 2829 Anastasius

187 2846 451 2913 Bibliothecarius,
476 2851 505 2908 in
531 2851 598 2912 Vite
618 2845 934 2920 senescerent
958 2851 1142 2919 Amalarius,

186 2927 252 2987 Lib.
270 2926 300 2987 11
322 2928 365 2987 Do
382 2928 595 2991 Ecclesiastieis
621 2926 729 3012 Officiis
750 2929 822 3003 Cap.
839 2928 871 2998 Ι;
898 2933 1062 2993 Anseimns
1082 2930 1146 2991 Ha—

187 3009 390 3085 velbergensis
405 3012 569 3089 Episcopus
585 3010 652 3073 Lib.
671 3010 712 3071 lll
730 3010 926 3087 Diatoporom
945 3012 1019 3091 Gap.
1035 3012 1075 3073 16
1090 3016 1143 3090 qui

186 3092 335 3152 rationem
350 3093 441 3153 etiam
457 3090 545 3169 hujus
560 3093 769 3154 caeremoniae
787 3091 893 3153 reddit.
911 3094 1060 3156 Eumdem
1078 3112 1142 3155 mo·

187 3190 252 3233 rem
276 3171 345 3230 olim
372 3174 400 3231 in
423 3171 746 3253 Constantinopolitana
768 3169 903 3234 Ecclesia
926 3176 1083 3253 viguisse,
1109 3184 1144 3237 nt

187 3254 302 3313 scilicet
324 3252 466 3332 Epistola,
491 3273 525 3316 ac
541 3253 738 3333 Evangelium
760 3256 850 3316 latine
874 3257 1020 3333 primum,
1036 3258 1146 3319 deinde

187 3351 296 3413 graece
319 3338 508 3407 recitaretur,
533 3341 659 3398 testatur
681 3334 850 3398 Nicolausl
874 3336 1020 3399 Summus
1042 3340 1144 3401 Ponti·

187 3414 238 3475 tex
271 3418 309 3476 in'
327 3416 458 3494 Epistola
481 3418 553 3479 Vlll
586 3419 621 3478 ad
647 3417 827 3480 Michaelem
850 3417 1079 3496 Imperatorem.
1105 3420 1140 3481 ln

188 3496 364 3570 quibusdam
388 3497 518 3561 Orientis
540 3499 682 3561 Ecclesiis
711 3498 906 3579 Evangelium
940 3519 1045 3578 graece
1078 3505 1145 3578 pri-
