2517 4059
544 221 766 293 &393de

183 359 325 418 utuntur,
349 354 418 429 quia
442 359 473 411 ut
495 354 535 412 ait
556 350 734 413 Theodorus
755 350 914 411 Balsamon
936 353 965 411 in
987 351 1072 413 Notis
1093 352 1133 411 ad

182 435 366 515 praedictum
389 432 539 495 Canonem
555 431 743 501 Trullanum,
766 434 825 493 boc
844 431 1133 530 jejuniumApraeci-

87 594 91 602 .
183 536 276 595 puum
298 526 353 587 est,
378 519 530 594 magisque
552 517 696 577 solemne.

223 600 277 661 IV.
301 600 392 661 Missa
414 600 500 661 Sicco
522 598 713 660 conlimditur
739 617 757 657 a
779 598 926 657 nonnullis
947 617 1016 659 oum
1040 598 1133 659 missa

183 679 523 763 Praesencrificotorum,
546 687 578 741 at
598 697 779 759 perperam:
803 698 871 739 nam
887 679 977 742 Missa
990 682 1134 743 Praecon-

183 766 382 846 cripta-rorum
406 766 535 843 legitima
558 765 737 825 auctoritate
760 762 892 822 instituta
913 769 982 830 est,
1006 764 1038 826 et
1059 780 1133 824 vere

184 849 212 907 in
234 866 268 907 ea
291 847 360 908 lesu
376 844 485 907 Christi
500 845 615 923 Corpus
636 846 720 907 adeat
739 850 770 905 et
790 845 929 912 sumitur,
954 846 1021 906 licet
1042 851 1131 907 antea

182 935 403 990 consecratum.
429 929 469 988 At
489 928 580 989 Missa
602 926 687 988 Sicca
716 926 753 988 ab
778 926 937 986 indiscreta
962 934 992 987 et
1013 928 1139 1003 privata·

181 1012 382 1091 quorumdam
404 1011 561 1072 devotione
584 1010 670 1071 duxit
690 1010 847 1087 originem,
865 1008 913 1067 cui
936 1010 1061 1069 nimium
1085 1010 1132 1067 in-

182 1094 337 1170 dulgentes
368 1092 489 1153 luerunt
511 1093 697 1153 Sacerdotes.
721 1091 819 1151 Larra
849 1094 953 1159 estet
978 1092 1131 1151 simulatio

182 1176 328 1249 quaedam
353 1194 442 1235 verae
465 1174 592 1246 Missae,
618 1174 702 1235 Sicca
724 1171 828 1251 procul
850 1171 939 1231 dubio
961 1180 991 1233 et
1011 1172 1129 1251 jejuna,

181 1263 284 1332 utpote
316 1276 421 1317 carens
450 1275 508 1316 non
542 1258 639 1317 solum
672 1254 922 1323 consecratione,
951 1256 1002 1314 sed
1036 1255 1130 1315 etiam

183 1340 349 1416 sumptione
365 1338 504 1417 Corporis
518 1337 643 1400 Christi.
659 1337 744 1399 llaec
767 1343 868 1396 autem
890 1336 981 1396 Missa
997 1335 1130 1397 Nautica

181 1419 289 1481 dicitur
323 1428 353 1481 ut
386 1423 428 1481 ait
450 1421 607 1481 Durandus
638 1422 705 1480 Lib.
731 1419 759 1480 ll
781 1419 815 1477 dc
839 1416 959 1479 Ritibus
983 1418 1130 1480 Ecclesiae

180 1499 253 1579 Cap.
271 1501 325 1573 lV,
350 1505 419 1579 quia
442 1506 470 1563 in
493 1505 567 1563 mari
590 1510 619 1563 et
641 1502 816 1563 {luminibus
838 1501 982 1560 celebrari
999 1501 1126 1561 solebat.

180 1583 264 1645 Nurac
290 1586 410 1661 provide
432 1584 646 1664 Episcoporum
669 1597 739 1645 cura
763 1584 876 1658 ubique
898 1585 1030 1660 gentium
1054 1582 1130 1643 obli-

181 1672 277 1728 terata
297 1710 304 1736 ,
328 1674 357 1726 et
372 1669 520 1743 ¹abrogata
542 1674 599 1729 est.
625 1667 715 1728 lllissa
740 1664 1022 1728 Catecbumenorum
1045 1666 1130 1726 dice-

181 1749 269 1809 batur
291 1768 325 1809 ea
350 1751 500 1827 liturgiae
517 1768 596 1827 pars,
614 1768 690 1826 quae
712 1747 877 1816 constabat,
897 1749 932 1807 iis
949 1754 1061 1810 tantum
1077 1748 1129 1808 lti-

180 1832 269 1897 tibus,
289 1831 338 1908 qui
363 1838 544 1909 peraguntur
566 1834 603 1891 ab
618 1832 744 1893 Introitu
768 1846 862 1905 usque
884 1830 920 1888 ad
936 1828 1128 1890 offertorium

179 1914 343 1974 exclusive.
369 1914 453 1974 lnxta
476 1921 609 1975 veterem
633 1916 743 1990 qnippe
765 1908 917 1972 Ecclesiae
940 1912 1129 1989 disciplinam

179 2003 245 2069 post
266 1992 463 2071 Evangelium
486 2002 516 2057 et
537 1994 716 2056 Concionem
740 1992 861 2053 Diaconl
883 2012 956 2068 voce
982 1995 1128 2054 admoniti

179 2079 261 2136 exire
285 2078 431 2137 debebant
452 2077 602 2146 lnfideles,
624 2086 691 2155 post
712 2078 783 2136 istos
804 2073 1031 2143 Catecbumeni,
1056 2076 1127 2137 iude

177 2160 288 2218 coeteri
312 2159 510 2221 Poenitentes.
535 2158 624 2219 Missa
648 2157 797 2220 Fidelium
819 2159 971 2218 dicebatur
1005 2160 1054 2219 illa
1077 2157 1127 2217 Li-

177 2242 295 2317 turgiac
319 2259 397 2316 pars,
420 2244 468 2301 cui
483 2241 612 2311 Fideles,
630 2247 661 2301 ct
677 2239 865 2301 Poenitenles
887 2242 937 2317 qui
957 2238 1126 2301 constsrin-

179 2331 221 2381 tar
243 2324 489 2399 appellabantur,
513 2326 687 2383 intererant.
712 2320 795 2381 llaec
817 2323 1072 2399 complectebatur
1094 2323 1125 2382 il-

177 2404 236 2463 lam
253 2404 403 2482 Liturgiae
426 2412 552 2482 partem,
576 2423 653 2482 quae
674 2408 720 2463 est
734 2404 772 2463 ab
787 2403 949 2464 Offertorio
970 2422 1065 2481 usque
1086 2405 1125 2463 ad

177 2485 244 2563 ejus
267 2484 368 2547 linem.
387 2485 465 2547 Huic
488 2488 564 2565 parti
587 2489 730 2548 interesse
753 2485 810 2546 illis
833 2492 947 2547 tantum
971 2488 1125 2565 permitte·-

176 2564 273 2637 batur,
298 2570 350 2646 qui
373 2569 439 2629 lesu
460 2569 570 2632 Christi
593 2566 697 2629 Fidem
719 2570 818 2629 verbis
840 2570 951 2639 simul,
975 2574 1006 2628 et
1027 2570 1124 2645 operi·

177 2650 231 2709 bus
254 2650 496 2728 profitebantur,
530 2652 608 2714 unde
631 2652 735 2711 Missae
758 2648 904 2711 Fidelium
926 2669 1032 2710 nomeu
1053 2668 1123 2729 pars

177 2728 225 2791 ilia
249 2735 349 2793 sortita
373 2740 427 2794 est.
452 2732 612 2811 Utriusque
634 2732 744 2795 Missae
765 2732 1056 2796 Catecbumenorum
1079 2733 1124 2791 vi-

175 2815 305 2881 delicet,
329 2825 359 2875 et
380 2814 527 2877 Fidelium
549 2818 686 2877 meminit
706 2816 760 2877 lvo
780 2814 969 2877 Carnotensis
991 2812 1124 2890 Epistola

175 2896 383 2971 eloquamur
408 2901 538 2977 priorem
561 2906 648 2959 vocat
670 2895 972 2962 Catecbumenorum,
996 2898 1123 2957 alteram

175 2996 246 3038 uero
263 2979 537 3046 Sacramentum,
556 2983 626 3058 quia
649 2982 678 3039 in
693 2981 750 3039 bac
765 2980 854 3040 Sacra
872 2979 1015 3057 Mysteria
1038 2995 1124 3054 pera-

174 3069 294 3137 guntur.
321 3060 410 3121 Missa
432 3062 623 3123 Mutatiootis
649 3080 702 3122 scu
725 3060 879 3122 Matutino
900 3064 1064 3121 vocabatur
1086 3060 1121 3119 il·

175 3144 211 3207 la,
236 3160 312 3219 quac
335 3145 542 3205 celebrabatur
564 3144 747 3214 solemniter,
772 3143 818 3203 vel
838 3150 904 3219 post
918 3142 1049 3202 Primam
1066 3140 1125 3203 Ae·

121 3224 124 3230 '
171 3228 259 3295 state;
285 3228 332 3287 val
355 3226 464 3305 bycme
488 3232 552 3302 post
574 3226 733 3288 Tertiam:
757 3226 824 3285 ideo
845 3230 944 3285 autem
966 3224 1122 3285 dicebatur

172 3304 357 3367 Matutinalis
380 3326 415 3366 eo
438 3309 513 3385 quod
536 3326 623 3369 mane
646 3308 866 3373 decantaretur,
890 3313 925 3366 ut
945 3307 1056 3383 passim
1079 3310 1121 3365 te-

170 3394 287 3448 stantur
321 3388 572 3451 lilonasteriorum
604 3388 866 3451 Benedictinorum
898 3395 963 3448 tum
996 3388 1119 3454 editae,

172 3476 237 3529 tum
261 3474 479 3549 manuscriptae·
499 3470 743 3540 Consuetudines‚
767 3470 885 3531 Statuta
902 3470 1072 3538 lanfranci,
1090 3475 1122 3528 et

171 3547 335 3612 Concordia
358 3554 514 3622 haustam,
530 3554 565 3614 ad
582 3554 781 3613 differentiam
804 3553 929 3613 alterius
943 3550 1050 3612 Missae
1066 3549 1121 3611 So-

172 3633 291 3702 lemnis,
315 3654 403 3711 quam
430 3636 664 3698 Coacontuolom
685 3635 884 3715 appellabant,
909 3640 940 3695 et
960 3650 1037 3711 quae
1061 3650 1121 3692 me·
