2517 4059
470 216 694 285 ⁸atmii'liltms·

104 347 195 409 smem
212 348 327 410 Saeculi
344 346 383 407 V.
406 346 447 407 At
461 348 590 407 nondum
614 354 800 410 contractum
823 349 914 410 luisse
936 352 1053 411 ridetur

102 430 159 490 sub
182 428 281 492 Leone
303 430 429 509 Magno,
452 430 531 505 quod
555 446 672 490 morem
695 431 788 511 hujus
809 430 917 491 Psalmi
940 434 977 493 ab
999 435 1055 493 ini·

102 512 147 571 tio
168 512 204 571 ad
221 511 312 575 finem
326 512 498 575 decantandi
521 513 583 589 ipse
601 514 705 572 innuat
726 515 754 573 in
770 512 915 575 Sermone
935 514 965 575 ll
978 516 1052 593 Cap.

102 593 116 654 1
137 592 176 654 de
191 597 394 657 anniversaria
408 592 456 654 die
471 611 543 654 suae
565 595 775 672 assumptionis
796 596 832 654 ad
848 594 963 657 Summi
980 596 1054 657 Pou-

103 674 194 736 tilicis
216 696 335 745 munus.
360 677 430 739 dum
454 675 516 735 ait:
544 673 626 735 Unde
647 686 674 733 et
689 674 870 737 Decidicum
884 676 1049 749 Perimam,

103 756 302 826 dilectissimi,
326 773 385 818 non
406 757 447 818 od
468 766 603 817 nostram
626 758 795 824 elatiorem.
810 758 861 818 sed
882 760 923 819 ad
940 760 1054 823 Cbrirti

105 840 229 902 Homini
243 842 368 924 gloriam
385 858 510 901 consone
526 858 592 900 uoce
609 841 806 901 centenimus.
824 838 958 902 Psalmus
972 844 1051 902 enim

100 922 264 983 liavidicus
285 920 356 983 ClX
389 924 417 981 in
440 922 628 982 solemnitate
650 923 882 982 consecrationis
904 924 1053 985 Pontificis

101 1006 253 1066 decantari
276 1004 398 1065 solebat.
423 1004 539 1064 Rursus
558 1002 589 1063 S.
607 1003 743 1081 Gregorii
767 1004 865 1081 Magni
890 1006 978 1067 Liber
1000 1006 1053 1067 Sa·
1093 1069 1102 1085 „

100 1092 326 1147 erameniorum
349 1085 488 1147 eumdem
508 1084 569 1162 jam
586 1086 754 1147 obsoletum
777 1085 972 1149 demonstrat.
992 1088 1053 1148 bn-

100 1168 265 1246 tiphonarii
286 1167 420 1229 blissales
441 1164 575 1243 eiusdem
598 1166 629 1227 S.
647 1167 783 1244 Gregorii
807 1169 835 1228 id
858 1172 948 1231 etiam
971 1187 1051 1230 com·
1086 1196 1095 1219 ·

99 1252 238 1328 probant,
262 1249 406 1312 Gradales
428 1248 635 1309 tantummodo
648 1248 875 1324 Responsorios‚
899 1271 955 1311 non
976 1254 1053 1314 inte·

98 1348 171 1413 gros
192 1330 334 1403 esrrmos,
358 1330 546 1392 exhibentes.
566 1330 682 1408 integer
697 1331 831 1392 Psalmo-s
844 1332 1001 1394 Gradualis
1022 1335 1051 1393 in

99 1414 254 1476 hodiernis
275 1414 444 1475 blissalibus
470 1412 568 1473 adbuc
591 1414 706 1491 legitur¹
728 1432 766 1473 ex
788 1416 887 1490 prisco
910 1418 969 1475 ritu
993 1414 1052 1477 Do·

99 1496 209 1558 mirica
231 1497 328 1572 prima
349 1495 615 1573 Quadragesimae.
631 1496 787 1555 Dominica
810 1493 994 1562 Palmarum.
1016 1505 1051 1559 et

99 1578 189 1641 Ferte
211 1576 255 1639 Vl
276 1578 466 1639 Parasceves.
491 1576 557 1637 Mos
579 1576 703 1637 cauendi
725 1576 873 1639 Graduale
897 1584 964 1657 post
984 1577 1053 1658 Epi·

98 1662 217 1729 stolam,
242 1666 316 1721 teste
334 1662 364 1719 B.
380 1658 534 1724 Rhenum,
552 1660 598 1719 cui
615 1661 763 1719 consentit
779 1656 966 1720 Venerabilis
979 1658 1058 1721 liar->

98 1738 203 1804 dinalis
226 1742 446 1809 bellarminus,
471 1742 538 1801 ideo
560 1742 743 1801 introductus
764 1748 830 1809 est,
855 1760 893 1802 ue
914 1750 1045 1820 tempus,

98 1843 162 1902 quo
178 1822 326 1887 Diaconos
348 1824 489 1885 recedens
511 1824 551 1882 ab
566 1823 668 1883 Altare
688 1823 868 1885 ascendebat
888 1825 917 1883 ln
934 1825 1048 1884 Ambo·

100 1923 183 1978 rtem,
200 1906 262 1965 sine
285 1906 383 1983 aliquo
405 1914 492 1967 cantu
511 1907 672 1965 laberetur.
689 1902 867 1983 Symbolum
890 1904 1000 1967 laberis
1013 1924 1047 1966 ac

98 1989 298 2067 poenitentiae
320 2006 384 2049 esse
399 1986 559 2053 Graduale.
584 1986 672 2045 (locet
691 1983 846 2063 Repertus
868 1989 897 2046 in
920 1986 1010 2048 Libro
1034 1988 1047 2049 l

96 2068 172 2149 Cap.
190 2068 229 2130 3b
252 2071 303 2131 ubi
325 2071 376 2140 ait,
400 2068 477 2146 qnod
504 2067 658 2130 Grcducle
680 2068 802 2147 respicit
822 2068 862 2128 od
883 2072 1048 2130 lomentum

92 2154 318 2233 poenitentiae,¹
344 2157 448 2212 cautus
470 2157 516 2209 est
535 2167 622 2226 asper
643 2155 674 2210 ct
695 2150 795 2227 gravis
815 2151 914 2220 adeo,
939 2158 973 2215 ut
994 2170 1049 2213 nec

97 2250 181 2301 usus,
206 2252 259 2293 nec
281 2235 371 2294 decus
393 2234 431 2294 sit
453 2232 524 2292 illud
547 2232 656 2293 elierre
676 2232 799 2292 vocibus
820 2234 1045 2303 excellentibus;

95 2314 242 2395 significat
263 2316 342 2375 enim
366 2336 424 2374 non
447 2315 577 2393 requiem
599 2325 874 2383 remuneratorum.
897 2314 948 2375 scd
968 2317 1048 2377 laio·

96 2416 160 2457 rem
182 2400 379 2483 operantium.
403 2396 504 2471 Quare
530 2402 665 2473 tempore
688 2392 823 2456 Pascbali
853 2403 979 2458 nonest
1003 2398 1050 2457 di-

95 2481 224 2541 centium
245 2479 331 2556 jnxta
354 2478 539 2546 Rubricam3
575 2479 633 2537 lroe
658 2479 737 2537 enim
760 2484 878 2555 tempus
898 2484 945 2538 est
965 2496 1048 2539 sum·

96 2578 166 2622 mae
188 2560 328 2629 laetitiae.
351 2565 383 2621 et
397 2566 442 2620 est
456 2560 633 2639 Symbolum
655 2560 856 2624 beatitudinis.
880 2566 911 2619 et
932 2560 1049 2635 reqrriei

96 2650 249 2705 aeternae.
275 2640 429 2719 Excipitur
452 2648 550 2701 tamen
574 2643 670 2717 prima
692 2640 879 2701 bebdomada
905 2646 970 2717 pust
991 2640 1049 2701 ea-

94 2726 186 2788 scba:
211 2726 239 2785 in
255 2742 290 2784 ea
312 2726 389 2783 enim
408 2722 563 2785 Graduule
585 2723 711 2792 dicitur;
736 2727 766 2782 et
787 2720 816 2780 id
839 2726 960 2799 propter
974 2719 1050 2783 Neo.

96 2809 224 2888 pinytus.
237 2812 268 2867 ut
290 2806 336 2866 isti
360 2822 396 2865 ex
411 2804 552 2866 Graduali
576 2803 751 2880 intelligant.
775 2819 811 2863 ac
825 2803 949 2870 discant,
967 2805 1047 2881 qued

96 2892 127 2949 in
152 2890 333 2956 vocatione,
360 2904 417 2965 qua
441 2888 653 2953 multisunt,
680 2884 809 2945 debeant
831 2885 991 2952 laborare,
1017 2893 1049 2945 et

97 2972 238 3033 continno
260 2988 292 3031 se
314 2986 469 3035 exercere,
488 2974 521 3029 ut
536 2974 618 3027 notat
641 2966 706 3027 lib.
719 2964 791 3026 Vlll
808 2964 843 3025 de
858 2965 977 3026 Divinis
996 2964 1048 3045 Op·

97 3056 172 3135 ficiis
193 3052 297 3131 Capi
320 3053 397 3113 idem
419 3050 579 3126 Repertus.
604 3049 714 3110 idcirco
735 3053 852 3109 cessant
873 3048 903 3105 in
917 3046 1046 3108 Sabbato

97 3135 274 3206 Gradualia‚
292 3140 441 3195 eteorum
459 3134 522 3192 loco
544 3133 685 3192 dicuutur
697 3130 757 3191 duo
771 3147 888 3199 versus,
907 3129 958 3206 qui
974 3129 1047 3189 nibil

97 3221 265 3286 sinistrum,
289 3223 342 3277 aut
363 3216 447 3275 triste
468 3220 585 3285 serrant,
611 3219 645 3273 ut
667 3214 709 3272 ait
730 3211 919 3273 innocentius
935 3209 989 3271 lll.
1012 3210 1046 3272 ln

96 3308 202 3363 oetam
217 3299 407 3359 Pentecostes
430 3296 500 3358 licet
522 3297 696 3373 praesentes
717 3294 896 3355 sintrecens
917 3293 1048 3371 baptiza-

95 3387 140 3452 ti,
165 3387 265 3443 lamen
287 3378 436 3441 Graduale
457 3377 620 3446 omittitur,
643 3376 713 3453 quia
735 3394 771 3437 ea
793 3374 978 3435 hebdomada
1000 3382 1047 3435 est

96 3463 267 3547 symbolum
290 3463 415 3541 gloriae.
437 3457 561 3521 Caetera
590 3476 669 3535 quae
691 3459 841 3536 pertinent
870 3456 1050 3518 adsueram

95 3540 296 3610 eruditionem
319 3543 461 3621 praedicti
485 3540 645 3602 Gradualis
665 3540 694 3598 in
717 3538 808 3600 Missa
828 3538 946 3599 dicendi
954 3564 965 3608 ‚·
985 3544 1046 3599 tra-

37 3634 40 3641 ·
97 3628 142 3691 dit
157 3626 327 3691 cardinalis
348 3625 439 3698 Bona,
465 3622 576 3686 Libii
598 3619 672 3699 Cap.
688 3619 719 3680 li.
743 3639 826 3694 uum.
849 3620 887 3692 ὃς
911 3629 1046 3685 necnon
