2517 4059
562 161 767 231 witimer·

194 286 323 359 cturno,
345 288 485 365 ideoque*
506 289 629 349 minime
651 290 751 351 risum
771 293 816 351 esi
848 286 961 347 inuno
983 286 1151 365 eodemque

194 370 299 431 Officio
314 370 456 432 eumdem
478 370 630 433 Psalmum
647 371 741 433 semol
758 378 788 431 et
808 371 918 430 iterum
934 386 1053 439 canere,
1077 387 1152 446 quas

195 470 301 513 omnes
317 454 447 522 rationes
463 452 599 514 relertet
621 456 728 531 probat
741 452 894 515 Gavantus
918 458 993 511 sect.
1001 451 1021 510 6
1036 450 1109 529 Cap
1117 452 1149 512 7

195 533 278 595 luirc
292 532 439 595 Octavam
462 551 534 594 vero
557 536 667 610 dicitur
680 536 886 597 invitatorium
909 535 1030 593 nomine
1051 534 1151 613 Mago

194 634 274 687 rum,
298 618 371 677 alios
393 618 580 678 invitantium
603 619 646 677 ad
662 618 850 679 adorandum
865 613 1030 683 Christum
1048 618 1092 677 uti
1113 634 1152 677 ex

194 696 339 758 Duraudo
359 699 425 759 Lib
450 698 491 759 Vl
514 698 586 776 Cap.
614 698 664 761 16.
694 701 728 762 lu
752 700 884 776 pluribus
907 703 1006 758 tamen
1019 686 1152 758 Ordina-

194 781 248 841 riis
269 782 442 848 Monosticis
464 780 651 857 praecipitur
673 781 893 857 lnritatorium,
917 786 948 841 et
972 780 1091 850 Vertite,
1116 785 1151 841 ut

194 862 298 923 videre
320 865 416 923 estin
438 880 515 923 novo
537 863 692 925 breviario
714 862 905 925 Cluuiacensi
920 861 1001 939 apud
1021 860 1151 923 Carthu-

193 944 316 1014 sianos;
340 946 449 1006 dicitur
471 946 562 1006 etiam
591 947 621 1004 iu
644 946 781 1008 Ecclesia
811 942 991 1005 Nanneteosi
1012 949 1044 1005 et
1064 943 1153 1005 Noto

194 1028 351 1101 megensi,
387 1028 437 1087 ubi
465 1027 502 1087 ad
525 1029 658 1121 singulos
683 1030 785 1090 Venite
804 1026 971 1085 versiculos
1002 1029 1149 1103 repetitur

197 1106 331 1169 Christus
347 1110 500 1204 apporcit,
517 1109 611 1171 oonitc
623 1109 795 1171 odoremus
814 1107 860 1169 Ad
873 1099 1053 1179 Matutinum
1068 1106 1151 1169 Psal-

192 1190 235 1247 mi
257 1195 326 1249 sunt
347 1190 483 1267 proprii,
503 1198 537 1251 ut
559 1188 625 1251 fieri
647 1190 792 1252 solebat'
784 1208 814 1247 m
837 1190 952 1267 maguis
976 1188 1150 1251 solemnita-

195 1272 283 1339 tibus,
308 1288 376 1332 cnm
399 1272 578 1350 Antiphonis
600 1292 618 1333 a
643 1272 767 1334 Psalmis
789 1272 966 1347 desumptis.
990 1271 1149 1333 Lectiones

193 1354 284 1430 primi
301 1352 445 1415 Nocturni
467 1356 504 1414 ab
520 1353 596 1413 lsaia
617 1357 794 1433 desumptae
817 1354 972 1429 designant
987 1352 1149 1416 Gentilium
1252 1381 1253 1410 ;

193 1436 380 1495 uocationem
404 1437 439 1495 ad
462 1435 575 1504 fidem,
599 1456 812 1515 progressum,
836 1436 961 1513 gloriam
983 1441 1015 1495 et
1035 1437 1148 1497 exalta·

192 1517 303 1576 tionem
319 1515 482 1589 Ecclesiae,
507 1516 766 1597 Evangeliumque
783 1529 843 1595 'per
865 1518 1039 1579 uuiversum
1062 1536 1149 1581 mun-

192 1598 265 1657 dum
288 1598 351 1659 iore
373 1599 610 1662 diliundcndum
628 1601 662 1661 ln
678 1600 867 1661 Lectionibus
881 1600 1003 1659 secundi
1018 1599 1149 1675 Noctur

192 1680 223 1739 ni
244 1680 285 1742 S
309 1681 371 1743 Leo
393 1680 517 1744 Festum
540 1681 711 1749 Natiuitatis
743 1680 872 1743 aFesto
901 1682 1057 1760 distinguit
1077 1682 1146 1758 Epi

192 1758 332 1840 phenice,
355 1764 468 1841 aitque,
493 1766 577 1824 brevi
593 1764 748 1827 intervallo
770 1782 866 1825 uuum
887 1766 925 1824 ab
940 1764 1034 1824 altero
1056 1764 1147 1824 dista·

191 1863 251 1915 re;
274 1852 439 1923 aperteque
472 1846 605 1911 declarat
634 1848 828 1925 praecipuum
851 1844 1037 1943 Epiphaniae
1065 1842 1148 1936 obje-

191 1932 271 1987 ctum
295 1930 483 1995 vocationem
505 1947 571 1991 esse
594 1928 778 2005 Magorum,
807 1932 865 1989 et
857 1947 888 1988 ιιι
911 1929 945 1987 iis
966 1933 998 1988 et
1019 1945 1072 2005 per
1094 1944 1147 1990 eos

191 2026 295 2077 omnes
316 2010 442 2086 populos
464 2016 495 2071 et
517 2010 680 2089 imperium
703 2012 891 2082 Romanum,
915 2016 946 2071 et
967 2011 1067 2070 omnia
1087 2006 1148 2069 ue-

191 2108 249 2167 gna
271 2091 308 2151 ad
324 2093 522 2171 cognitionem
547 2092 615 2155 lesu
629 2093 738 2155 Christi
754 2099 861 2153 vocata
874 2092 967 2153 luisse
981 2089 1141 2168 siguificat.

231 2172 288 2233 ΙΙΙ.
312 2173 475 2249 Singularis
491 2178 539 2234 est
558 2176 614 2235 hac
635 2176 685 2237 die
700 2176 791 2236 Missa
814 2177 843 2233 in
859 2174 1058 2245 Ambrosiauo
1073 2173 1145 2245 Mis,-

190 2255 256 2327 sali,
280 2257 393 2332 inqua
416 2262 535 2333 praeter
557 2258 741 2334 Epistulam,
765 2262 896 2333 quatuor
919 2256 1068 2315 habentur
1088 2253 1147 2316 le-

191 2337 302 2398 ctiones
323 2356 360 2400 ex
384 2337 487 2398 Veteri
510 2339 713 2404 Testameuto.
748 2337 794 2398 dd
816 2341 939 2399 Missam
963 2336 1056 2415 hujus
1084 2336 1145 2397 diei

190 2420 267 2494 qnod
291 2424 415 2495 spectat,
439 2421 469 2479 in
492 2422 612 2497 antiquo
636 2420 748 2481 Missali
771 2438 919 2498 anporum
942 2418 1145 2480 cccccccccc

189 2500 392 2563 Bibliothecae
408 2500 596 2563 Colbertrnae
618 2502 656 2563 N
672 2500 743 2569 ME,
769 2508 887 2577 praeter
902 2500 1068 2578 Epistulam
1091 2500 1146 2562 ha·

189 2581 278 2643 betur
300 2590 331 2643 et
353 2583 523 2659 Prophetis.
553 2583 626 2644 Ea
618 2602 742 2663 insuper
770 2582 827 2645 tuit
848 2586 970 2660 antiqua
992 2579 1146 2643 Ecclesiae

190 2663 361 2726 Gallicanae
377 2666 573 2735 consuetudo,
590 2674 624 2729 ut
639 2684 742 2743 parem
753 2666 925 2744 ‚Epiphania
939 2664 1058 2725 Domini
1074 2682 1147 2726 curu

189 2745 286 2807 Natali
309 2746 443 2826 ejusdcm
468 2746 592 2811 haberet
612 2749 845 2815 solemnitatem,
871 2748 949 2807 unde
971 2753 1002 2807 et
1024 2756 1144 2807 noctur·

109 2870 113 2877 ι
190 2846 244 2889 nas
259 2827 324 2904 ejus
335 2829 463 2907 Vigilias
478 2831 515 2890 ad
531 2831 630 2892 lucem
647 2849 743 2907 usque
766 2829 824 2889 diei
837 2829 1054 2925 producebant.
1079 2826 1144 2889 Na·

188 2912 246 2970 tali
259 2910 384 2971 Domini
399 2921 432 2971 ct
443 2910 624 2992 Epiphanio,
639 2910 784 3009 inquitS.
800 2909 988 2976 Caesarius
981 2930 1010 2970 m
1026 2908 1145 2988 Regula

190 2992 231 3051 cd
258 2990 402 3069 Virgines,
425 2994 465 3053 ob
475 2996 549 3055 horo
574 2996 666 3055 tortia
679 2994 776 3056 coctis
789 3013 881 3072 osque
903 2992 944 3053 od
959 2996 1054 3055 locem
1069 2990 1146 3069 cipi·

188 3073 315 3135 tondum
330 3085 390 3135 cst.
387 3073 578 3139 Nocturnae
593 3076 833 3153 Epiphaniorum
850 3074 975 3153 Vigiliae
990 3074 1069 3152 apud
1092 3092 1146 3135 ve·

187 3162 268 3223 teres
289 3134 453 3219 Monachos
475 3158 665 3235 percelebres
687 3160 809 3218 omnino
830 3161 1007 3218 extiterunt
1031 3155 1143 3219 Missae

186 3237 349 3299 solemnem
373 3240 604 3317 praemittebant
633 3241 854 3319 processionem
876 3243 905 3299 in
921 3240 1035 3317 cappis.
1052 3234 1144 3297 Fran

186 3336 292 3381 corum
319 3320 415 3401 Reges
446 3323 517 3383 olim
550 3322 688 3399 exenrplo
715 3322 873 3400 Magorum
907 3340 1042 3387 aurum,
1071 3320 1144 3383 thus

185 3405 218 3464 et
237 3404 392 3487 myrrham
416 3404 451 3463 sd
464 3405 567 3475 Altare
590 3404 756 3465 offerebant
776 3424 813 3465 ex
827 3400 932 3481 Nangii
948 3401 1061 3463 Gallico
1076 3419 1143 3463 cou-

187 3484 334 3546 tinuatore
357 3487 406 3547 ad
416 3504 527 3546 annum
553 3485 645 3551 1378.
669 3486 704 3547 ln
725 3485 893 3547 Ordinario
908 3486 1060 3547 Ecclesiae
1083 3484 1143 3545 Le·

186 3568 363 3629 morinensis
383 3568 437 3629 hic
452 3569 529 3629 ritus
541 3558 766 3647 praescribitur.
784 3568 955 3647 Aliquando
971 3568 1063 3629 etiam
1079 3572 1142 3629 tres
