2517 4059
896 133 910 166 l

441 235 500 296 a&
522 223 582 286 bib
604 232 666 294 dtas>

65 377 110 417 ac
134 329 334 422 devotionem,
359 371 436 430 quae
459 353 530 414 huic
546 351 701 412 Sacrificio
723 354 794 413 salis
816 369 979 428 nunquam,
998 360 1029 412 et

68 447 110 500 ut
126 456 182 517 par
197 444 241 497 est
261 435 477 512 producuntur.
494 433 532 495 Et
547 436 707 496 Eossuetus
721 435 863 494 Tractatu
887 436 924 496 de
940 435 1030 494 blissa

65 519 206 598 Caput
231 517 457 578 Benedictiones
479 519 575 595 inquit
596 536 674 592 qrrae
696 516 772 578 fiunt
793 534 885 592 super
913 515 1030 592 Corpus

69 610 106 662 ct
130 603 310 678 Sanguinem
327 598 438 660 Christi
460 600 496 660 ad
519 619 570 660 eos
593 601 773 677 diriguntur,
798 601 848 674 qui
863 598 979 674 Corpus
1001 606 1030 658 ct

70 683 194 745 Christi
217 681 390 759 sanguinem
414 689 483 742 sunt
504 684 664 758 sumpturi,
679 687 712 741 ut
733 682 830 758 digne,
848 697 883 740 ac
897 679 1030 739 fructuo-

69 783 109 826 so
129 808 137 833 ,
160 771 191 826 et
213 783 270 824 non
293 765 322 822 in
344 780 461 824 cassum
483 766 667 841 suscipiente
691 781 745 822 nec
767 764 824 824 alta
846 763 959 822 ratione
981 779 1032 822 su-

71 865 133 927 per
155 847 267 909 Christi
290 845 415 922 Corpus,
440 852 470 906 et
490 863 581 922 super
604 844 669 922 ejus
691 845 871 921 Sanguinem
896 844 1032 903 relaxan-

72 939 130 992 tur
151 928 398 998 benedictiones,
423 928 478 988 nisi
500 930 537 988 ad
561 925 785 1005 significandas,
809 934 840 987 et
861 928 1032 1003 exprimen-

73 1013 133 1072 das
148 1010 386 1082 Benedictiones,
410 1014 442 1070 et
457 1011 577 1088 gratias.
601 1011 708 1086 quibus
723 1008 950 1068 Sacramentum
973 1007 1030 1066 hoc

73 1093 225 1160 abundat,
249 1099 280 1153 ct
302 1092 392 1169 large,
416 1097 450 1152 ut
469 1093 510 1153 ita
532 1093 641 1158 dicam,
665 1092 728 1150 sine
750 1108 903 1162 mensura,
929 1091 957 1148 in
980 1106 1032 1148 nos

75 1195 135 1253 per
158 1174 223 1252 ejus
244 1175 445 1250 sumptionem
468 1173 708 1241 eflunderentur,
724 1174 748 1231 si
765 1173 888 1232 crimina
911 1190 967 1231 non
983 1171 1034 1230 ob·

73 1264 195 1330 starent
218 1261 328 1316 nostra.
619 1309 620 1312 ,

120 1338 160 1401 ll.
185 1337 243 1397 Per
266 1337 342 1396 hanc
366 1353 487 1412 precem
507 1336 609 1418 Supra
630 1353 707 1418 puae
725 1337 857 1414 propitio
878 1355 913 1396 ac
935 1353 1035 1396 screno

75 1423 166 1482 cultu
188 1438 205 1479 a
228 1419 291 1479 Deo
314 1419 389 1494 petit
410 1416 556 1490 Ecclesia,
581 1425 674 1479 utne
698 1425 803 1478 renuat
824 1421 934 1480 donum
957 1417 1035 1493 quod

78 1506 107 1562 ei
132 1518 224 1579 super
240 1501 337 1560 Altari
354 1499 528 1562 Sacerdotes
550 1502 692 1570 offerunt,
710 1517 807 1575 aequo
830 1501 952 1578 perinde
973 1500 1036 1558 ani-

78 1603 132 1645 mo
154 1584 304 1657 accipere,
322 1589 413 1657 atquc
428 1581 503 1644 Abel
527 1601 663 1648 munera,
680 1582 822 1643 Abrahae
838 1581 1034 1642 Sacrificium.

78 1674 112 1728 ct
128 1664 348 1728 Melchisedech
371 1664 550 1725 oblationem
573 1667 699 1743 accepit.
718 1661 757 1722 Hi
781 1664 875 1724 sancti
891 1661 1036 1723 Homines

79 1749 147 1808 Deo
176 1745 336 1824 gratissimi
363 1744 472 1816 fuere,
502 1765 630 1822 suasque
658 1745 825 1806 oblationes
847 1744 909 1804 Deo
937 1750 1037 1821 gratas

81 1830 252 1892 exhibuere
268 1828 304 1887 ob
316 1828 407 1887 animi
424 1832 683 1906 praeparationem
700 1845 757 1903 qua
774 1846 824 1886 eas
839 1826 1034 1888 exhibebant.

80 1912 202 1973 Felices
216 1909 403 1978 Sacerdotes,
427 1928 461 1968 ac
477 1909 606 1980 Fideles,
632 1909 780 1985 siquidem
804 1907 917 1969 ita'sint
938 1910 1037 1966 animo

81 1994 272 2072 comparati,
298 1997 331 2051 ut
353 1990 416 2051 Deo
434 1995 594 2070 placeant,
618 1993 689 2052 dum
712 1991 739 2062 ei
760 1989 946 2050 Sacrificium
969 1988 1039 2048 otle-

80 2081 167 2144 runt,
192 2073 446 2151 quemadmodum
470 2075 567 2135 eidem
590 2074 744 2140 Victima,
769 2092 858 2150 quam
882 2073 1036 2135 offerunt,

82 2160 182 2236 placet
205 2158 268 2233 ipsa
291 2173 345 2232 per
360 2171 402 2214 se.
421 2154 487 2216 Hoc
504 2158 569 2216 loco
590 2156 686 2238 danda
707 2163 754 2215 est
769 2173 873 2231 opera,
897 2170 1038 2233 magnum

82 2247 117 2301 ut
142 2241 320 2316 mysterium
344 2238 420 2312 quod
436 2239 618 2298 oblationum
642 2243 780 2298 veterum
798 2236 1037 2297 Patriarcharum

83 2339 155 2382 cum
179 2321 331 2380 Ecclesiae
347 2317 500 2380 Sacrificio
523 2339 581 2398 quo
603 2319 741 2380 Christus
763 2320 897 2386 offertur,
920 2334 1041 2395 compa·
1087 2376 1090 2382 ,

84 2404 163 2463 ratio
187 2403 319 2462 continet
340 2402 516 2478 explicetur.
543 2403 696 2462 Ecclesiae
720 2404 852 2462 doctrina
886 2407 932 2461 est
952 2400 1040 2461 Chri-

84 2491 165 2544 stum
182 2481 343 2542 Dominum
366 2501 485 2560 semper
508 2485 537 2543 in
553 2485 642 2544 terris
664 2484 797 2544 oblatum
815 2482 925 2553 luisse3
951 2497 1040 2542 unam

84 2571 203 2626 tantum
219 2563 418 2640 Religionem,
438 2563 629 2626 Servatorem
652 2585 743 2626 unum
767 2582 844 2634 esse,
868 2565 896 2623 in
913 2582 972 2640 quo
986 2563 1042 2622 ho·

85 2650 184 2728 mium
214 2649 243 2706 in
272 2647 396 2724 gratiam
427 2664 494 2706 cum
519 2646 581 2706 Deo
614 2647 712 2706 redire
735 2648 910 2723 potuerint3
937 2652 1041 2705 vetera

86 2727 238 2790 Sacrificio
262 2746 298 2788 eo
320 2733 437 2787 tantum
460 2747 495 2787 ex
512 2731 609 2804 capite
624 2728 687 2787 Deo
708 2734 791 2804 grata
808 2746 874 2788 esse
896 2728 1038 2804 potuisse,

86 2813 166 2889 quod
189 2812 331 2871 Divinum
355 2810 437 2869 hunc
460 2809 646 2869 salvatorem
669 2816 943 2885 repraesentarent,
969 2809 1041 2869 San-

87 2900 151 2954 ctos
173 2894 312 2970 antiquae
338 2891 424 2968 Legis
446 2890 638 2951 Patriarchas
661 2889 759 2950 Divini
781 2889 921 2951 Numinis
943 2893 1040 2968 splen-

89 2977 161 3036 dore
185 2976 345 3034 illustratos
369 2990 519 3049 nunquam
543 2974 599 3032 sibi
623 2973 761 3033 Messiam
785 2991 822 3031 ex
844 2973 940 3032 oculis
962 2972 1039 3033 elabi

88 3073 191 3136 passos
213 3073 301 3124 esse3
326 3055 451 3116 ludaeos
474 3059 502 3114 in
519 3055 651 3125 deserto,
676 3056 793 3114 tametsi
818 3057 1039 3125 rudesessent,

87 3157 192 3198 omnes
215 3143 314 3197 tamen
338 3136 471 3196 cumdem
493 3139 661 3216 spiritalem
679 3147 783 3216 potum
805 3138 907 3197 bibisse
919 3160 928 3207 ;
941 3145 1044 3213 ·'quan-

89 3220 272 3296 doquidem,
297 3225 330 3280 ut
351 3220 512 3295 Apostolus
536 3221 689 3304 loquitur,
715 3237 753 3279 cac
773 3219 917 3298 spiritalis
941 3228 1043 3299 petrae

90 3320 163 3380 quos
186 3319 229 3360 cos
248 3303 497 3380 acommodatum
521 3319 601 3378 aqua
617 3301 771 3371 biberunt;
793 3303 864 3360 hoec
879 3310 979 3360 autem
990 3319 1043 3376 po-

89 3395 139 3443 trc
158 3383 294 3446 Christus
316 3393 391 3442 erut.
409 3382 519 3442 Totum
543 3401 615 3460 ergo
631 3383 792 3442 discrimen
815 3385 893 3459 quod
910 3390 1043 3442 veterem

89 3469 169 3526 inter
192 3481 359 3540 novamque
383 3464 491 3540 legem
516 3465 649 3531 interest,
673 3465 744 3525 illud
766 3472 831 3534 est,
856 3466 933 3540 quod
958 3467 986 3522 in
1009 3481 1043 3523 ea

90 3546 227 3608 Christus
250 3547 393 3606 Dominus
416 3548 444 3604 in
468 3548 596 3622 imagine
620 3555 734 3608 tantum
765 3567 798 3607 ac
820 3545 914 3624 figura
936 3547 1045 3605 olfere-

91 3633 191 3698 batur,
210 3647 297 3707 quem
321 3647 373 3688 nos
396 3629 516 3705 quidem
533 3627 635 3709 ipsum
658 3648 763 3710 reapse
786 3630 949 3692 offerimus.
967 3628 1044 3691 Sane
