2517 4059
480 224 705 300 ἥψω·

119 373 246 432 remque
262 354 443 426 adhibuerit,
456 372 576 432 semper
588 360 689 417 tamen
704 356 868 433 peccatoris
884 360 983 417 notam
1004 358 1068 433 ipse

119 454 223 501 seorim
245 436 350 497 defert.
375 434 475 497 Primo
497 436 619 513 quidem
641 455 695 514 pro
717 455 773 505 se,
796 442 859 497 tum
882 455 936 513 pro
958 438 1068 517 populo

119 525 196 581 oret.
224 518 369 599 Confiteor
390 518 450 579 Deo
472 520 691 597 omnipotenti5
712 516 747 578 Ei
769 520 895 589 scilicet,
918 521 970 596 qui
992 539 1067 585 unus

121 610 241 679 peccato
264 601 400 670 remittit,
424 601 617 676 animumque
641 619 769 681 purgare
785 607 892 677 potest;
910 602 1005 663 tribus
1020 600 1068 662 lli-

120 684 198 744 riuis
220 681 358 743 Personis
377 684 428 743 uni
448 682 526 754 Deo,
549 679 703 755 Creatori,
725 680 929 759 Redemptori,
953 683 1066 747 Judici.

119 764 231 827 Boutae
252 763 372 826 Murice
396 782 507 846 semper
539 764 679 842 Virpini‚·
709 783 785 841 quae
808 765 897 825 Beata
926 765 1067 827 nimirum

118 848 258 910 omnibus
280 852 361 909 retro
382 845 514 911 Saeculis
536 848 636 923 agnita
657 846 729 915 luit,
752 844 878 906 Beatum
898 865 944 907 me
966 845 1067 910 dicent

118 948 219 990 omnes
249 932 471 1008 ponuntionm,
494 933 597 1007 utpote
618 946 696 1004 quae
717 928 872 991 Christum
894 928 999 989 Jesum
1022 948 1070 1006 pe·
1169 996 1172 1008 1

119 1013 244 1089 pererit,
268 1010 422 1073 Advocata
444 1016 554 1080 nostra,
566 1016 758 1089 peccatorum
773 1010 986 1088 poenitentium
1001 1030 1069 1091 asy-

119 1095 203 1162 lum;
226 1110 345 1170 semper
369 1091 483 1171 Virgo,
507 1100 676 1153 creatarum
701 1110 802 1153 rerum
825 1094 959 1155 omniurn
982 1112 1069 1169 prae·

119 1176 311 1241 stantissima,
335 1176 445 1252 quippe
467 1190 544 1249 qnae
567 1180 597 1235 et
619 1173 724 1251 Virgo,
741 1180 773 1234 et
794 1174 890 1235 Mater
911 1176 960 1235 sit.
976 1174 1070 1237 Bruto

118 1254 261 1317 Micbneb'
284 1255 483 1335 ,lrcbnnpetm
505 1257 591 1335 cujus
613 1257 777 1333 patrocinio
800 1257 854 1318 Dei
877 1259 1006 1335 populus
1028 1261 1070 1321 ni-

119 1338 204 1407 titur,
230 1341 342 1416 quique
364 1340 478 1397 animas
501 1340 536 1399 ad
560 1354 735 1415 supremum
758 1336 902 1414 judicium
925 1341 1070 1405 ducturus

118 1425 175 1480 est.
200 1418 293 1480 Beato
314 1418 429 1481 locuni
450 1418 616 1500 Baptistuc;
628 1422 657 1479 in
680 1437 740 1498 quo
756 1418 873 1481 Veteris
887 1419 1069 1486 Testamenti

121 1500 197 1569 finis,
221 1509 251 1564 et
271 1501 348 1563 Nori
369 1503 486 1564 initium
508 1503 710 1578 conspicitur,
733 1503 785 1579 qui
807 1500 968 1580 Evangelio
991 1507 1070 1567 riam

119 1585 235 1651 stravit,
249 1590 279 1643 et
291 1586 500 1663 poenitentiam
518 1587 554 1643 ad
570 1590 758 1659 peccatorum
776 1585 980 1645 remissionem
998 1608 1068 1648 nun-

120 1665 214 1726 tiavit.
239 1666 356 1728 Sanctis
378 1665 524 1747 ,lpostotie
548 1662 636 1727 Petro
658 1676 685 1727 ct
708 1666 820 1736 Pnulo;
842 1663 930 1726 Petro
952 1670 1071 1744 quidem

122 1748 275 1809 Ecclesiae
296 1746 418 1825 Capiti,
441 1750 490 1809 cui
512 1748 699 1828 potissimum
726 1746 806 1807 Deus
837 1748 988 1809 coelorum
1011 1752 1072 1812 cla·

121 1848 187 1899 ves,
205 1835 236 1891 et
257 1838 379 1908 peccata
401 1829 570 1891 remittendi
586 1834 762 1907 potestatem
786 1829 900 1900 tribuit;
916 1831 1007 1891 Panlo
1022 1852 1073 1896 ve

123 1930 166 1982 ro,
184 1912 234 1988 qui
258 1912 379 1988 perinde
394 1932 427 1974 ac
443 1911 472 1971 S.
491 1911 598 1971 Petrus
612 1910 778 1971 Romanum
794 1908 959 1972 Ecclesiam
975 1921 1072 1976 morte

118 1994 259 2065 sacravit,
276 1999 307 2055 et
321 1996 454 2055 omnium
479 1992 606 2053 maxime
628 1992 796 2071 redigendis
817 1994 854 2053 ad
871 1991 975 2057 Fidem
999 2016 1069 2076 gen·

118 2077 199 2139 tibus
221 2077 378 2137 insudavit.
408 2073 550 2135 Omnibus
571 2073 699 2136 Sanctis
724 2074 832 2135 Tribus
853 2076 890 2137 de
911 2079 1009 2140 causis
1030 2082 1066 2141 ad

118 2174 223 2219 omnes
246 2159 365 2218 omnino
386 2158 508 2219 Sanctus
531 2156 658 2217 mittitur
680 2158 854 2218 obsecratio.
878 2158 981 2220 Prima
1003 2169 1067 2226 est,

119 2241 188 2317 quia
211 2239 249 2298 ob
271 2256 405 2299 amorem
427 2255 487 2315 quo
502 2237 598 2298 Deum
623 2246 866 2316 prosequuntur,
892 2240 1070 2319 injuriarum
1143 2288 1148 2295 .

119 2340 196 2399 quae
217 2322 244 2380 ei
267 2320 436 2383 inferuntur
455 2366 462 2391 ,
487 2320 645 2397 participes
666 2320 752 2382 fiunt.
781 2324 886 2383 Altera
907 2332 977 2394 est,
1000 2327 1070 2402 quia

120 2404 284 2465 etiamnum
307 2408 425 2465 nostrae
441 2405 572 2481 ipsorum
595 2404 684 2465 saluti
705 2403 870 2481 invigilant,
887 2412 917 2466 et
930 2406 957 2464 in
973 2403 1071 2468 Coelis

120 2485 157 2545 de
180 2486 347 2560 peccatoris
362 2486 542 2561 paenitentia
555 2482 715 2546 laetantur.
732 2485 834 2545 Tertia
849 2493 905 2556 est,
922 2488 991 2563 quia
1006 2507 1070 2549 sae·

121 2584 159 2643 pc
175 2567 255 2627 Dens
278 2574 399 2646 peccata
423 2568 547 2627 remittit
569 2567 596 2625 in
613 2584 771 2628 servorum
788 2585 912 2628 suornm
928 2571 1068 2647 gratiam,

120 2650 376 2725 quemadmodum
398 2650 460 2728 ipse
482 2652 606 2709 testatur
629 2650 657 2707 in
681 2651 772 2709 sacris
794 2647 939 2710 Litteris:
968 2648 1070 2715 Orabat

120 2730 195 2791 Gen.
221 2730 294 2811 Cup.
319 2730 380 2792 XX
403 2731 469 2789 v.7
493 2749 552 2809 pro
574 2730 655 2791 nobis
676 2727 838 2800 Abrabam,
856 2741 882 2791 ct
900 2751 951 2792 uos
964 2735 1069 2795 cinctis

120 2813 165 2875 lte
186 2812 253 2877 lob.
277 2813 349 2892 Cap.
374 2811 458 2873 XLll
481 2831 512 2872 v.
535 2810 555 2871 8
577 2810 756 2873 adsensum
789 2832 886 2874 mcum
906 2812 984 2882 lob,
1008 2818 1069 2895 ipsc

118 2914 176 2975 pro
195 2897 274 2958 uobis
295 2897 404 2966 crabim
420 2913 469 2972 eqo
493 2894 679 2971 uiprantem
702 2913 764 2965 cro,
782 2912 818 2951 ne
838 2896 915 2956 uobis
930 2896 1069 2957 delictum

93 3028 95 3035 ,
120 2980 298 3057 imputetur.
324 2978 366 3039 Et
388 2978 476 3045 uobis,
492 2976 621 3054 fratrae,
646 2982 678 3037 ut
699 2976 846 3037 nascentis
868 2978 1019 3039 Ecclesiae
1032 2976 1069 3036 fi-

121 3059 202 3120 deles
224 3061 388 3124 imitemur,
404 3059 454 3134 qui
477 3076 509 3118 se
531 3057 610 3133 aprrd
632 3057 740 3119 lratres
761 3059 956 3126 accusabant,
974 3065 1007 3120 ut
1020 3079 1070 3119 eo·

121 3160 189 3201 rum
212 3158 300 3219 opem
321 3141 382 3201 suis
415 3141 444 3199 in
467 3140 606 3216 precibus
635 3139 813 3201 obtinerent.
841 3138 921 3216 Quin
949 3144 1069 3221 peccabi

120 3224 210 3284 nimis
232 3222 421 3303 copitntiono,
444 3222 540 3290 uerbo,
565 3232 592 3281 ct
615 3240 713 3301 operm
736 3223 865 3284 latemur
888 3242 940 3283 nos
961 3224 1067 3301 cogita·

122 3304 263 3374 tionibus,
286 3306 383 3375 dictis,
407 3309 439 3365 et
459 3303 545 3363 lactis
567 3306 698 3380 graviter
716 3304 886 3380 deliquisse,
904 3324 938 3366 ea
961 3306 1070 3383 triplici

121 3404 228 3465 nempe
251 3390 376 3456 ratione,
400 3404 457 3462 qua
479 3385 627 3462 quispiam
650 3386 697 3447 vel
721 3388 749 3446 in
766 3384 875 3457 Deum,
892 3389 938 3447 vel
955 3388 983 3447 in
1000 3406 1070 3464 pro-

120 3470 247 3538 ximum,
261 3472 307 3531 vel
323 3486 354 3530 se
368 3470 468 3546 ipsum
484 3474 604 3543 peccata
620 3474 780 3546 perpetrat.
795 3473 860 3530 Meu
882 3472 979 3549 culpa.
997 3470 1069 3531 Pec-

120 3556 204 3611 cator
226 3552 345 3629 quidem
368 3550 572 3610 excusationes
589 3550 739 3627 inquirere
755 3552 841 3622 solet;
859 3556 890 3611 at
912 3552 936 3611 is
952 3558 1065 3622 contra,

122 3650 210 3708 «quem
233 3652 306 3696 vere
328 3632 484 3713 poenitet,
508 3631 664 3709 culparum
686 3650 809 3695 suarum
833 3635 977 3712 gravitate
1000 3653 1068 3714 per·
