2517 4059
465 237 690 310 wlffin-

94 371 132 426 et
154 373 283 426 mortam
307 364 449 432 Domini,
475 383 553 443 quae
575 369 604 427 in
628 368 686 429 hoc
708 368 862 429 Sacrificio
884 388 1060 447 repraesen-

93 454 203 512 tatur,
227 447 323 507 elluso
345 447 487 526 sanguine
511 449 618 510 imitati
642 458 728 513 sunt:
752 451 799 511 vel
822 453 890 530 quia
906 453 1008 514 Canon
1029 471 1060 512 e·

93 531 180 591 ditus
195 536 257 595 est,
281 532 442 605 antequam
459 527 670 592 Conlessorum
687 535 833 594 memoria
847 535 1058 602 celebraretur,

93 612 135 673 de
159 611 269 688 quibus
291 608 378 671 silent
400 611 495 670 tribus
523 613 675 689 prioribus
689 613 827 676 Saeculis
851 613 1059 676 Ecclesiastica

92 697 306 754 monumenta.
324 692 513 752 Ambrosiani
531 699 596 770 post
610 693 770 772 Apostolos
783 696 897 756 addunt
910 695 1057 774 Xystum,

92 775 308 840 Laurentium,
332 771 541 852 Hyppolitum,
566 775 768 848 Vincentiom,
792 779 975 845 Cornelium,
1000 778 1057 857 Cy·

94 858 251 934 prianum,
275 854 473 923 Clementem,
498 855 739 934 Chrysogonum,
763 858 916 927 loannem,
939 866 969 920 et
984 859 1059 920 Pau·

95 941 185 1008 lum,
208 935 371 1006 Cosmam‚
396 943 427 1016 et
448 936 647 1007 Damianum,
671 942 888 1016 Apollinarem,
915 940 1056 1006 vitalem,

94 1018 271 1084 Nazarium,
296 1023 328 1078 et
348 1016 480 1081 Celsum,
504 1016 714 1089 Prothasium,
738 1029 768 1081 et
790 1020 981 1090 Gervasium,
1006 1021 1059 1080 Vi·

95 1107 227 1170 ctorem,
253 1097 395 1172 Felicem,
420 1105 450 1160 et
467 1098 661 1163 Calimerum.
685 1102 820 1175 Quorum
837 1121 945 1165 novem
961 1105 1058 1164 ultimi

94 1183 258 1244 Mediolani
284 1183 462 1258 martyrium
479 1183 610 1244 subiere.
635 1182 668 1242 ln
686 1184 775 1244 libro
790 1185 1055 1246 sacramentorum

94 1263 259 1326 Petaviano
282 1266 481 1346 poslnomina
505 1261 648 1333 Cosmae,
672 1270 702 1325 et
718 1266 852 1326 Damiani
868 1269 944 1329 haec
960 1267 1058 1327 addita

93 1352 177 1416 sunt,
202 1345 347 1421 Dionysii,
373 1343 497 1414 Rustici,
522 1351 552 1406 et
574 1344 751 1418 theotharii,
776 1347 895 1413 Hilarii,
921 1349 1055 1412 Martini.

93 1425 245 1502 Gregorii,
271 1427 460 1504 Hieronymi,
485 1426 648 1488 Benedicti.
672 1427 741 1490 Fuit
762 1437 863 1490 autem
887 1439 975 1491 retus
993 1447 1057 1488 mos

94 1512 127 1569 in
143 1508 280 1570 Ecclesia
297 1508 423 1574 Graeca,
448 1510 582 1578 cleliam
598 1507 714 1578 Latina,
739 1510 883 1571 Menardo
905 1517 981 1572 teste
998 1509 1057 1569 No·

93 1602 144 1651 tue
166 1593 201 1648 in
223 1590 500 1652 sacramentorium
523 1609 591 1668 pag.
612 1591 651 1651 15
672 1599 705 1652 ut
720 1592 779 1652 hoc
795 1594 859 1652 loeo
882 1595 1059 1653 recitaretur

95 1690 207 1733 nomen
230 1671 328 1732 Sancti
353 1673 449 1739 illins,
474 1669 559 1748 cujus
574 1689 608 1732 ea
627 1674 674 1732 die
695 1676 853 1740 memoria,
878 1693 931 1734 seu
950 1675 1057 1734 lestum

94 1755 314 1816 celebraretur.
339 1753 440 1826 Quare
457 1754 484 1810 in
502 1754 650 1813 nonnullis
671 1753 813 1815 Ecclesiis
835 1757 954 1815 nomina
970 1771 1058 1830 quae·

94 1837 166 1896 dam
190 1836 330 1905 recitari,
355 1841 474 1912 praeter
496 1836 615 1894 nomina
640 1837 876 1912 Apostolorum,
900 1843 931 1897 et
946 1836 1059 1913 Marty-

94 1935 165 1980 rum
189 1920 373 1995 coepernnt‚
404 1933 479 1992 quae
503 1915 602 1975 adhuc
626 1918 654 1976 in
678 1920 804 1978 vetustis
825 1918 986 1979 Codicibus
1007 1915 1058 1976 Sa-

96 2004 324 2061 cramenlorum
347 2003 517 2075 supersunt.
545 1995 695 2059 Paschalis
717 1999 793 2078 Papa
817 1998 830 2058 l
859 2001 887 2057 iu
911 1999 996 2058 ltulla
1018 1999 1055 2058 ad

5 2107 15 2116 ·
95 2083 268 2158 Beggonem
292 2079 439 2140 hbbatem
464 2077 670 2141 Conchensem
687 2082 821 2159 indulget
835 2080 1056 2141 Conchensibus

94 2163 274 2231 Monachis‚
299 2168 333 2221 ut
355 2161 531 2220 memoriam
555 2160 680 2222 Sanctae
695 2161 776 2223 Fidis
791 2163 900 2222 iaciant
922 2165 950 2221 in
966 2162 1058 2222 Cano·

95 2263 145 2304 ne.
169 2242 275 2305 Subdit
291 2241 463 2302 Edmundus
479 2241 614 2304 Martcne
631 2243 667 2303 de
682 2243 823 2324 Antiquia
837 2244 984 2304 Ecclesiae
1001 2243 1057 2303 m·-

96 2328 174 2386 tibus
197 2325 262 2384 lib.
285 2322 299 2382 1
321 2322 393 2401 Cap.
420 2323 438 2382 l
461 2329 517 2382 art.
543 2323 563 2383 8
586 2343 670 2386 num.
695 2326 751 2393 lli,
777 2327 851 2386 haec
873 2328 996 2386 dicens:
1021 2324 1053 2383 ln
1098 2348 1101 2352 ·

96 2407 275 2482 quibusdam
299 2403 396 2463 Libris
412 2412 477 2482 post
492 2405 669 2467 Sanctorum
687 2411 805 2467 nomina
829 2409 958 2467 additur:
984 2405 1058 2466 Nec-

96 2507 155 2546 uou
179 2498 205 2546 et
226 2489 358 2552 illorum,
382 2505 511 2563 quorum
533 2487 616 2546 hodie
633 2491 667 2546 in
682 2499 833 2567 conspectu
855 2489 970 2566 ploriue
987 2497 1056 2546 tuoe

95 2569 240 2647 pluriores
261 2568 428 2627 celebretur
450 2568 630 2646 triumphus.
654 2566 733 2630 Hinc
756 2572 868 2631 iactum
892 2575 952 2639 est,
976 2570 1053 2628 utin

96 2649 244 2712 nonnullis
266 2649 493 2709 solemnioribus
518 2649 649 2719 diebus,
675 2653 867 2711 etiamnunc
892 2650 1055 2727 peculiaria

95 2732 244 2810 quaedam
268 2729 586 2792 ad'Communiecules
608 2731 778 2791 intermixta
796 2733 943 2808 legamus,
968 2730 1004 2792 ad
1019 2731 1055 2790 il·

94 2815 154 2874 lius
177 2813 356 2874 celebritatis
378 2813 555 2871 memoriam
579 2813 792 2879 recolendam,
818 2821 851 2875 ut
865 2816 894 2872 in
917 2818 1004 2873 nocte
1020 2829 1054 2872 ac

95 2895 146 2970 dien
164 2893 280 2954 Natalis
302 2893 432 2962 Domini,
458 2894 486 2951 in
511 2893 691 2970 Epiphania,
716 2895 744 2953 in
760 2894 918 2965 Paschale‚
942 2895 1055 2954 Ascen-

95 2979 201 3048 sione,
225 2983 255 3038 et
278 2973 461 3036 Pentecoste.
486 2974 531 3034 De
553 2973 584 3034 S.
601 2974 716 3036 Mathia
739 2975 883 3053 Apostolo
899 2976 981 3035 nulla
997 2975 1054 3036 hoc

94 3058 122 3117 in
139 3059 205 3117 loco
221 3058 349 3118 habetur
366 3058 624 3125 commemoratio,
643 3057 716 3115 bene
732 3063 831 3117 tamen
847 3059 884 3117 de
899 3057 930 3117 S.
948 3053 1052 3126 Paulo,

95 3141 234 3217 quamvis
248 3138 284 3199 de
301 3139 406 3199 eodem
429 3137 493 3198 lere
517 3144 653 3216 tempore
674 3139 803 3200 similem
827 3158 897 3199 com
913 3137 972 3198 hoc
990 3155 1054 3197 sor·

96 3223 169 3282 titus
191 3222 228 3281 sit
250 3222 387 3298 gradum.
412 3220 568 3281 Rationem
591 3237 657 3279 esse
679 3221 801 3288 volunt,
827 3223 906 3298 quod
929 3219 1055 3280 Sanctus

94 3301 238 3363 Matthias
259 3321 318 3362 non
341 3303 380 3362 sit
401 3300 437 3361 de
459 3318 564 3361 eorum
588 3318 725 3368 numero,
750 3319 825 3378 quos
847 3301 982 3362 Salvator
996 3317 1052 3377 per

95 3385 225 3462 seipsum
248 3383 348 3462 elegit,
372 3387 402 3443 et
416 3383 575 3458 Apostolos
591 3383 774 3451 nominarit3
800 3402 856 3445 non
873 3385 913 3443 ita
929 3381 961 3442 S.
978 3383 1054 3442 Pau·

94 3464 149 3534 lus,
170 3466 219 3542 qui
243 3483 295 3542 per
318 3466 415 3542 ipsum
442 3464 616 3535 Dominum,
641 3463 814 3541 Apostolico
829 3465 933 3542 gradui
950 3465 1054 3524 adiun-

96 3551 161 3606 ctus
184 3547 261 3617 loil3
286 3549 334 3606 oui
356 3545 463 3606 rationi
486 3546 580 3607 altera
603 3547 742 3616 accedit,
771 3547 849 3623 quod
870 3546 902 3607 S.
926 3544 1052 3606 Paulum

94 3647 110 3686 a
128 3627 159 3689 S.
179 3625 266 3690 Petro
283 3645 434 3706 nunquam
456 3626 595 3706 sejungat
615 3625 761 3689 Ecclesia.
779 3628 812 3688 ln
835 3629 965 3705 antiquis
981 3628 1052 3689 Mis·
