2517 4059
473 198 696 276 *2⁶⁷st-

99 328 351 390 soiemnitatibus
372 328 542 393 adhibetur.
566 331 705 392 uidelicet
727 332 755 390 io
778 331 853 391 iesto
869 330 1060 393 Pentecostes

101 418 235 489 propter
256 410 355 470 Sancti
378 410 505 487 Spiritus
527 413 702 483 terrorem,
732 414 781 488 qui
816 414 843 470 in
867 414 961 473 torma
985 415 1061 489 ignis

100 493 286 562 descendit,
321 499 353 551 et
373 498 496 569 propter
517 496 672 570 potestatis
694 495 907 571 plenitudinem
941 497 970 554 in
993 498 1059 571 igne

101 572 321 651 significatam,
346 579 377 633 et
390 572 541 648 Aposioiis
561 576 673 636 daiam.
701 576 777 637 item
802 577 828 634 in
841 576 922 637 iestis
937 576 968 636 S.
985 576 1060 637 Cru-

101 659 167 721 cis,
191 674 228 716 eo
251 657 329 733 quod
352 654 501 730 Sanguine
516 654 726 733 Redemptoris
744 665 916 717 consecrata
940 658 1006 725 luit,
1029 663 1062 719 et

102 739 285 799 Passionem
303 738 383 796 illins
408 737 517 797 indicet
543 740 622 800 idem
650 739 758 799 rubens
785 741 877 799 color.
904 740 1061 815 Apostolo-

103 838 196 887 rum,
219 828 250 880 et
264 818 432 897 Martyrum
450 828 571 897 propter
586 821 765 897 Sanguinem
786 818 940 887 Passionis,
969 839 1059 896 quem

103 921 170 980 pro
185 900 341 962 Satraiore
369 899 521 961 tuterunt.
537 900 689 978 Exceptus
717 909 762 963 est
790 903 827 963 ab
850 902 912 962 istis
933 902 1058 963 Sanctus

105 984 243 1044 ioannes
264 982 474 1058 Evangeiista,
498 984 610 1059 dequo
636 992 789 1061 tamquam
813 985 850 1045 de
873 982 994 1060 Virgine
1018 982 1060 1043 le·

104 1070 196 1125 stum
224 1064 405 1125 celebratur.
437 1061 568 1142 Excepta
599 1067 711 1142 pariter
741 1070 799 1127 est'
816 1068 970 1126 corrnersio
997 1064 1063 1123 Diri

106 1146 200 1207 Pauli
215 1147 251 1207 ad
268 1144 490 1221 significandam
507 1148 637 1224 primum
659 1144 725 1223 ejus
739 1150 944 1207 sanctitatem:
959 1147 1064 1208 Cathe-

106 1229 169 1289 dra
185 1228 323 1288 similiter
334 1227 404 1286 iiivi
419 1225 511 1295 Petri,
539 1230 566 1287 in
583 1247 644 1304 quo
659 1236 692 1289 ut
707 1230 802 1305 inquit
817 1228 1006 1290 innocentius
1021 1227 1064 1289 iii

107 1327 297 1369 veneramur
311 1308 434 1369 Petrum
459 1318 611 1387 tamquam
626 1308 799 1371 Pontificem
826 1328 842 1369 a
860 1310 1065 1387 procerioribus

109 1398 319 1469 segregatum.

105 1526 109 1533 .
157 1472 241 1534 iiiii.
267 1471 426 1533 Vioiaceus
448 1473 537 1534 modo
558 1473 720 1535 adhibetur
735 1474 827 1543 color,
851 1475 879 1533 in
896 1474 998 1535 diebus
1020 1472 1063 1533 ai·

111 1554 267 1623 ilictionis,
290 1560 322 1615 et
335 1555 542 1615 abstinentiae.
566 1554 667 1627 Quare
684 1561 882 1630 congruenter
898 1558 994 1616 utitur
1010 1551 1063 1613 Ee·

110 1638 206 1699 eiesia
230 1638 363 1697 violaceo
384 1636 484 1697 colore
505 1639 542 1697 ab
558 1638 694 1697 Adventu
716 1639 753 1697 ad
769 1634 903 1697 Natalem
927 1636 1064 1701 Domini,

111 1727 150 1781 et
171 1738 190 1779 a
211 1717 436 1796 Septuagesima
458 1737 553 1795 usqne
575 1719 611 1779 ad
635 1716 760 1802 Pascha.
779 1717 920 1779 Similiter
943 1720 972 1777 in
995 1734 1067 1793 qua·

116 1810 188 1863 tuor
211 1801 281 1859 anni
297 1799 491 1876 temporibus,
517 1800 641 1877 Vigiliis,
665 1806 696 1859 et
710 1800 843 1867 Litaniis,
866 1818 943 1875 qrrae
966 1798 1066 1858 omnia

114 1901 191 1945 cura
214 1900 300 1943 sacro
323 1898 459 1941 moerore
482 1883 611 1957 quodam
635 1880 836 1943 celebrantur.
866 1880 898 1941 in
921 1881 996 1941 iesto
1022 1880 1067 1941 iti·

114 1967 189 2027 dem
212 1964 388 2025 Sanctorum
412 1962 644 2031 innocentium,
680 1964 748 2039 quia
772 1964 800 2021 in
823 1980 858 2023 eo
881 1962 927 2022 die
952 1961 1069 2040 potissi-

116 2066 206 2109 mum
227 2052 444 2106 commemorat
464 2044 598 2107 Ecclesia
621 2045 769 2120 ploratum
795 2045 895 2114 iilum,
920 2050 950 2105 et
972 2043 1068 2105 uiuit·

117 2138 198 2193 tum,
222 2129 259 2187 de
281 2146 340 2204 quo
361 2127 469 2186 dicitnr
492 2129 520 2187 in
537 2125 699 2201 Evangelio
722 2124 829 2186 Mattir.
853 2124 926 2201 Cap.
940 2123 978 2185 ii·
1007 2124 1069 2186 too

117 2213 154 2271 in
176 2208 294 2270 mama
315 2209 423 2269 audito
448 2220 488 2269 est
506 2252 513 2272 ‚
534 2213 691 2290 ploratus,
727 2217 754 2267 et
773 2208 907 2267 uiolatus
935 2208 1067 2269 mattas:

118 2291 231 2353 Rachel
243 2293 369 2371 plorans
383 2291 463 2373 filios
470 2309 549 2351 suos.
564 2288 654 2350 Color
663 2290 745 2365 niger
756 2290 977 2366 propriissimus
989 2304 1068 2349 mor·

119 2376 160 2434 tis
180 2375 261 2433 color
293 2374 371 2448 apud
394 2390 499 2432 omnes
519 2379 611 2449 atque
631 2371 670 2430 ab
692 2371 824 2433 Ecclesia
849 2369 1003 2439 Romana,
1037 2375 1068 2431 et

118 2457 193 2516 oiim
215 2456 254 2515 ab
267 2452 412 2513 Orientali
434 2454 539 2514 diebus
555 2454 732 2521 moestitiae,
755 2461 785 2513 et
800 2454 996 2512 abstinentiae
1013 2452 1067 2511 usi-

120 2544 213 2599 tatus.
239 2535 337 2596 Viridi
357 2535 456 2596 colore
479 2536 575 2597 utitur
595 2534 729 2595 Ecclesia
751 2535 780 2593 in
803 2534 908 2593 diebus
936 2531 1069 2591 Dourini·

121 2621 165 2680 cis
188 2620 285 2679 minus
306 2617 500 2686 solemnibus,
526 2622 559 2677 ut
574 2620 672 2678 vireat
693 2617 747 2677 Dei
765 2617 857 2691 gratia
874 2614 902 2671 in
919 2614 1069 2673 mentibus

122 2700 273 2766 iideiium,
299 2716 352 2759 nec
374 2704 538 2759 marcescat
559 2715 692 2773 unquam
715 2700 744 2757 in
768 2698 810 2759 eis
832 2696 959 2755 aiiectus
980 2696 1068 2757 virtu-

124 2784 162 2844 tis
183 2788 274 2857 atque
297 2781 438 2852 iustitiae,
461 2780 513 2842 sed
535 2780 635 2856 vigeat
656 2796 786 2854 semper,
803 2783 834 2837 et
855 2775 961 2839 lioreat
984 2779 1012 2837 io
1035 2777 1071 2836 iis

63 2894 68 2900 ·
127 2864 276 2941 perlectae
300 2863 437 2939 puritatis
459 2877 555 2926 amor,
581 2862 762 2935 impuritatis
785 2859 904 2927 horror,
928 2865 957 2919 et
978 2860 1072 2921 since·

126 2965 181 3015 ree
202 2946 368 3005 devotionis
390 2944 488 3004 cuitus
530 2941 720 3003 Celebriores
743 2958 832 3019 porro
854 2941 998 3002 Auctores
1019 2940 1072 3014 qui

125 3029 162 3088 de
185 3027 358 3106 hujusmodi
385 3023 601 3085 Ecclesiasticis
628 3022 777 3084 coloribus
802 3023 975 3091 disserunt,
1003 3026 1072 3085 sunt

126 3111 315 3171 Innocentius
335 3106 391 3173 iii,
415 3106 450 3165 de
478 3107 519 3164 Mt
529 3105 627 3167 statiis
642 3102 752 3167 Missae
774 3100 835 3165 Lib.
864 3100 885 3163 I
905 3104 979 3182 Cap.
1008 3101 1049 3163 67
1062 3122 1072 3169 ,·

124 3190 252 3251 ioannes
262 3190 442 3249 Burcardus.
455 3187 489 3247 in
549 3188 620 3247 dina
635 3184 755 3256 isseras,
765 3183 943 3245 Guiiieimns
954 3184 1072 3243 Duran-

126 3273 239 3335 dus,in
253 3270 407 3331 Rationoii
422 3270 603 3331 Divinarum
622 3262 792 3350 officioram
807 3263 872 3327 Lib.
889 3268 933 3323 iii
946 3265 1018 3339 Cap.
1036 3264 1073 3325 19

125 3354 191 3427 §63
208 3354 317 3431 ioseph
334 3352 519 3419 vicecomes,
533 3350 569 3409 de
584 3348 694 3410 Missae
709 3348 869 3429 Apparere
885 3344 948 3407 Lib.
964 3346 981 3406 1
997 3344 1072 3426 Cup.

129 3437 181 3507 15,·
195 3437 331 3496 Andreas
354 3434 535 3511 saussayus.
551 3433 585 3491 in
599 3450 654 3493 sua
671 3428 814 3511 Penepiia
832 3429 975 3494 clericati
986 3438 1073 3507 part.

127 3517 229 3579 Eiib.
246 3516 287 3579 iV
302 3516 375 3593 Cap.
393 3512 445 3577 et
462 3516 476 3572 1
494 3521 525 3575 et
539 3514 576 3582 ὓς
594 3512 844 3574 Bartholomaeus
865 3509 998 3573 Piazzain
1021 3527 1079 3573 suo
1106 3578 1107 3583 ἵ

127 3599 269 3661 'tractatu
294 3598 393 3659 italice
414 3602 536 3657 exarato
556 3596 613 3657 sub
635 3595 691 3655 hoo
713 3594 813 3657 titulo:
835 3588 952 3653 L'iride
973 3610 1073 3671 repro.
