2517 4059
374 209 377 213 .
476 125 755 229 ‘macerea-

157 296 207 345 ter
230 261 370 363 pruliaci
390 330 397 345 .
419 328 425 342 .
443 282 548 346 Gloria
569 288 623 346 tibi
647 287 781 356 Domine,
807 307 875 366 pars
897 290 955 349 alia
979 289 1121 352 Miserere
1241 366 1244 372 Ι

158 366 315 427 dicebant.
350 366 383 425 ln
407 368 556 426 nonnullis
579 365 724 429 Ecclesiis
758 371 995 433 Archidiacouus
1027 390 1119 451 cappa

159 450 261 509 serica
284 449 405 508 indutus
427 450 574 525 pulpitum
603 452 786 511 ascendebat
814 470 883 513 cum
907 472 1037 530 pompa,
1073 459 1119 514 in·

157 541 253 591 censo
274 536 306 591 et
327 531 490 590 luminibus
512 532 549 590 ad
573 531 639 593 lesu
656 530 767 593 Christi
790 532 981 597 Nativitatem
1004 555 1118 597 annun·

154 614 322 678 tiendum,
357 617 447 689 atqrrc
480 613 595 673 interea
627 612 725 692 major
748 613 899 693 Campana
932 616 1117 695 pulsabatur.

149 694 265 771 Hrrjus
286 692 412 770 vigiliae
434 694 523 754 Missa
546 714 583 756 eo
607 700 701 773 magis
725 698 883 773 peculiaris
904 706 961 767 est,
986 702 1064 774 qnod
1089 702 1116 759 in

151 779 260 839 tribus
279 776 359 835 Festi
380 776 551 836 Natiuitatis
572 778 671 837 Missis
693 780 816 839 minime
839 780 1114 856 comprehenditur,

148 868 269 935 estque
289 857 447 919 abOliicio
467 859 605 934 eut-blissa
629 862 722 919 noctis
736 860 848 921 Natalis
869 862 1017 941 sejuncta.
1042 862 1118 923 Lan-

149 942 286 1014 lrancus
307 940 335 999 in
356 940 484 1000 Stotntia
506 938 582 1020 Cap„
605 940 622 1011 1,
640 940 758 1011 secti
780 944 949 1019 praccipit-⁹
973 950 1007 1004 ut
1029 946 1119 1007 Missa

139 1024 241 1084 baec
261 1031 331 1082 cum
353 1023 541 1083 solemnitate
557 1031 623 1098 post
635 1022 760 1083 'Sextum
785 1026 966 1094 celebretur,
984 1032 1014 1085 et
1025 1025 1117 1103 'majo-

149 1123 213 1165 res
229 1103 395 1179 Campanae
411 1106 577 1180 pulsentur.
595 1103 628 1161 lu
645 1106 823 1180 ‹paribusdam
844 1106 982 1167 Ecclesiis
998 1124 1119 1183 genera-

147 1188 195 1247 lis
215 1184 360 1246 absolutio
374 1194 443 1245 ante
455 1186 577 1255 Missam
590 1186 727 1256 dabatur,
745 1189 1001 1263 quemadmodum
1017 1187 1050 1248 lit
1061 1187 1119 1250 Fe*

147 1272 208 1328 ria
232 1267 332 1343 qrriuta
354 1265 476 1344 majoris
498 1264 740 1345 Hebdomadas,
771 1288 840 1328 cum
865 1272 1053 1347 poenitentes·
1072 1290 1118 1331 re·

149 1351 381 1418 conciliantur
406 1352 435 1407 iu
456 1349 522 1407 aliis
544 1366 618 1408 vero
643 1351 741 1425 plures
764 1349 955 1427 Prophetiae,
979 1360 1011 1413 et
1033 1354 1119 1427 quin·
1195 1410 1198 1419 ,

146 1450 224 1509 que
244 1432 402 1508 aliquando
425 1432 611 1505 legebantur,
637 1433 677 1491 uti
696 1432 729 1491 fit
743 1431 872 1493 Sabbato
884 1440 1014 1510 quatuor
1030 1434 1118 1493 Tem·

148 1530 283 1590 porum,
306 1513 353 1572 vel
368 1512 496 1573 Sabbata
511 1511 631 1576 Sancto,
656 1521 687 1574 et
703 1512 810 1591 Vigilia
835 1513 1025 1575 Pentecostes
1049 1526 1117 1575 aute

146 1594 304 1655 Fortium
326 1594 577 1654 benedictionem.
602 1592 763 1656 Mediolani
786 1602 918 1671 quatuor
939 1597 1039 1657 adhuc
1063 1598 1118 1655 Le·

113 1704 121 1715 ‘
147 1678 278 1738 stiones
299 1693 335 1734 ex
357 1677 462 1737 Veteri
485 1676 680 1735 Testamento
702 1678 866 1747 dicuntur,
900 1696 970 1739 cum
994 1679 1117 1739 totidem

147 1757 363 1819 Gradualibus
377 1765 408 1819 et
429 1757 564 1818 Collectis
585 1763 654 1815 anta
678 1756 837 1835 Epistulam
855 1766 885 1819 et
907 1758 1116 1837 Evangeliurn.

147 1841 245 1901 luter
267 1837 571 1915 majoreslicclesiae
594 1838 803 1901 Solemuitates
825 1842 964 1917 primum¹
979 1848 1048 1902 aute
1070 1860 1118 1900 ce-

149 1931 243 1984 teras
265 1922 362 1981 locum
385 1938 505 1997 semper
527 1922 656 1981 obtinuit
677 1920 790 1983 Natalis
807 1922 937 1992 Domini,
962 1925 986 1982 si
1002 1922 1117 1983 Pascha

148 2011 192 2065 et
218 2003 410 2063 Pentecosten
432 2004 573 2080 excipias.
597 1999 712 2063 Natalis
735 2004 854 2077 dicitpr,
879 2008 948 2084 qrria
968 2000 1038 2066 ¹dies
1061 2006 1116 2064 ista

147 2086 231 2147 Iesu
252 2082 364 2146 Christi
385 2082 499 2144 Natalis
520 2091 583 2147 est.
608 2090 640 2142 et
661 2082 783 2145 Festum
807 2084 872 2162 ejus
893 2084 1048 2165 Nativitati
1071 2106 1118 2147 sa-

149 2184 260 2229 crum.
276 2166 395 2239 Quanta
417 2186 489 2227 nero
512 2185 582 2225 cum
605 2165 774 2235 devotione,
798 2172 968 2245 quantaque
991 2188 1059 2229 cum
1077 2188 1120 2229 re·

90 2300 100 2311 ,
151 2248 271 2325 ligione
292 2250 372 2309 idern
389 2246 511 2309 Festum
533 2247 721 2308 celebratum
740 2249 841 2315 luerit,
866 2252 914 2309 vel
941 2250 1007 2310 inde
1030 2269 1119 2327 appa·

151 2335 231 2395 ret.
255 2332 333 2405 quod
348 2332 459 2392 Clerici
481 2331 631 2390 olim‘sub
653 2332 767 2391 severis
790 2332 993 2408 districtisque
1015 2334 1119 2407 poenis

152 2416 285 2473 cautum
300 2416 377 2483 erat,
403 2430 438 2471 ne
460 2430 496 2472 eo
519 2414 646 2471 instante
669 2412 707 2470 ab
723 2410 865 2482 Eccleslis
887 2416 1034 2483 abessent,

205 2490 332 2555 thesti
350 2492 441 2570 hujus
452 2491 593 2553 Officium
610 2494 691 2551 omni
708 2512 783 2553 aevo
799 2496 1032 2555 celeberrimum
1051 2495 1117 2556 luit.

89 2630 93 2638 ,
151 2576 277 2643 Romae
299 2578 360 2635 duo
382 2574 528 2635 Matutina
551 2573 782 2646 recitabantur-3
807 2578 891 2653 prius
912 2578 1000 2638 initio
1023 2579 1127 2637 noctis-

155 2658 227 2717 sine
248 2658 374 2716 Domine
388 2657 479 2722 tobiae
504 2660 536 2715 et
557 2657 621 2715 siue
643 2654 819 2716 lrrvitatorio
842 2660 869 2717 in
893 2658 1047 2719 Pontificio
1070 2658 1119 2718 Sa·

155 2737 251 2804 cello:
275 2740 454 2815 initiumque
467 2736 558 2798 fiebat
580 2738 702 2814 aprimi
719 2736 1026 2818 Psalmihutiphona.
1051 2740 1123 2799 Post
1164 2788 1167 2795 .

157 2821 260 2881 nectis
282 2822 416 2881 medium
439 2821 552 2880 iterum
574 2818 682 2895 majori
706 2837 775 2878 curn
799 2820 973 2884 celebritate
995 2820 1119 2891 Matuti-

156 2919 234 2962 num
256 2903 425 2967 dicebatur¹
448 2920 517 2961 cum
541 2900 715 2960 invitatorio
738 2906 769 2961 et
791 2900 906 2961 Psalmo
927 2902 1035 2964 Venite.
1060 2897 1120 2959 Ho-

159 2983 267 3043 norius
282 2982 560 3061 Augustoduuensis
575 2982 643 3041 Lib.
659 2980 701 3040 111
724 2983 853 3042 affirmat
868 2981 1036 3043 Romanum
1061 2998 1120 3040 mo·

157 3083 229 3126 rem
252 3067 342 3127 istum
377 3065 438 3123 duo
458 3063 563 3125 Officia
595 3065 625 3122 in
656 3064 807 3141 majorum
830 3064 987 3126 Fastorum
1012 3061 1121 3139 vigiliis

162 3148 322 3215 recitandi.
345 3145 415 3205 alibi
437 3164 558 3222 quoque
580 3163 598 3204 a
620 3144 788 3205 diutissimo
811 3154 946 3223 tempore
968 3152 1122 3207 servatum

159 3228 278 3297 luisses
303 3235 394 3305 atque
417 3228 511 3303 priori
533 3246 571 3286 ex
592 3224 707 3285 Officiis
729 3228 792 3287 istis
819 3226 998 3307 Episcopum
1022 3227 1120 3287 solum

147 3327 233 3383 ‘cum
254 3310 350 3382 Ctero
370 3315 401 3370 et
422 3308 590 3384 sacellariis
611 3308 674 3367 suis
696 3307 852 3378 adluisse,
877 3311 1021 3387 populum
1047 3325 1122 3374 vero
1164 3374 1166 3377 ¹

120 3464 127 3467 ,
161 3393 199 3451 ad
220 3392 387 3453 secundum
417 3391 515 3451 media
545 3395 633 3449 nocte
655 3391 818 3450 ventitasse
846 3391 945 3470 ibique
969 3392 1120 3467 reliquum

162 3474 258 3534 noctis
274 3472 467 3549 transegisse,
484 3471 693 3532 Invitatorium
710 3472 745 3531 ad
759 3474 907 3549 posterius
924 3478 1039 3535 hatum
1056 3470 1120 3532 Ma-

162 3558 293 3617 tutiuum
316 3555 479 3615 recitatum
502 3554 616 3620 luisse;
640 3558 731 3629 atque
753 3553 819 3613 ideo
841 3572 910 3617 cum
933 3556 992 3616 duo
1014 3552 1121 3613 Officia

945 3653 957 3680 a
