2517 4059
555 189 805 263 ,essessa
892 142 893 146 Ὺ

216 338 251 380 ac
272 319 383 380 latini.
405 318 492 392 Quod
508 320 545 378 sd
560 318 627 397 ejus
641 320 801 390 materiam
825 320 952 390 attinet,
969 319 1048 377 idem
1065 321 1102 379 de
1118 316 1184 389 Pa-¹

215 404 292 463 leuis
314 402 349 461 ad
373 400 561 461 Sacrificium
584 401 722 460 adhiberi
756 402 849 459 solitis
882 401 953 460 ierri
987 401 1075 459 dehet
1094 400 1175 477 jndi-

216 485 319 552 cium,
343 484 421 557 quod
444 484 481 541 de
504 482 664 543 (laticibus.
683 480 776 542 Erant
798 488 898 543 autern
922 493 952 543 et
973 483 1102 542 Patenae
1119 482 1175 541 mi⁴

218 566 390 624 nisteriales
412 566 539 623 caeteris
560 566 742 641 ampliores,
767 580 845 637 quae
876 564 1174 641 distribuenrtaepo·

206 647 292 723 ¹pulo
306 642 517 705 Eucharistiae
532 645 753 705 deserviebant.
771 642 866 704 Erant
887 652 917 704 el
938 646 1122 706 Chrismales
1137 645 1175 703 ad

218 744 307 787 usum
332 725 546 802 Baptismatis,
571 734 603 786 et
624 723 874 785 Confirmationis.

259 808 298 866 V.
322 805 420 866 Nemo
436 815 537 867 antem
563 810 677 872 nescit,
702 809 848 883 plurimas
864 809 892 865 iu
908 807 1110 868 Ecclesiarum
1128 826 1176 885 ga-

217 890 392 968 zophilaciis
415 889 509 948 luisse
523 888 651 949 Pateuas
674 892 770 947 mirae
794 890 1016 965 magnitudinis,
1032 907 1088 948 non
1111 896 1175 949 tam

217 974 253 1031 ad
278 988 389 1037 usum,
421 988 512 1045 quam
542 971 578 1029 ad
609 976 747 1030 ornatum
779 970 902 1029 Altaris.
933 970 966 1030 lu
996 972 1175 1046 quibusdam

217 1052 373 1114 veteribus
394 1049 515 1110 Patenis
537 1069 641 1111 sacrae
674 1051 820 1126 quaedam
844 1052 992 1125 Imagines
1014 1059 1044 1110 et
1065 1050 1175 1113 Hiero·

218 1134 360 1211 glyphica
385 1134 531 1207 insculpta
556 1132 791 1210 conspiciuntur.
809 1132 926 1191 Herum
951 1151 1040 1191 unam
1065 1151 1178 1192 memo·

218 1220 270 1275 rat
291 1212 418 1272 loannes
435 1212 585 1274 Diaconus
601 1216 629 1273 in
647 1217 705 1273 vita
722 1212 752 1271 S.
771 1213 926 1272 Athanasii
945 1212 1082 1289 Episcopi
1098 1212 1178 1275 Nea·

219 1295 343 1374 politani
366 1296 516 1354 scribens:
544 1315 610 1353 ram
636 1313 674 1353 ea
696 1304 820 1371 arpenta
841 1296 939 1371 fecisse
961 1313 1103 1371 mapsam
1118 1292 1178 1355 Pa·

219 1387 319 1437 tsuam
340 1378 519 1455 scalpentem
540 1378 575 1434 iu
596 1396 631 1436 aa
657 1376 777 1437 Vallum
800 1375 983 1441 Salinatoris,
1007 1385 1032 1432 ct
1057 1379 1178 1453 Aaqelo·

219 1477 312 1527 rara,
336 1476 425 1535 qaum
450 1457 628 1516 intrinsecus
651 1474 726 1517 auro
744 1456 882 1532 pertudit.
903 1454 941 1515 Et
955 1456 1000 1515 Cl.
1020 1456 1178 1518 Boldettus

219 1541 264 1599 de’
278 1540 442 1602 cemeterii
467 1556 535 1615 pag.
561 1538 619 1600 191
645 1556 733 1597 utram
750 1539 873 1598 exhibet
890 1540 1028 1602 vitream,
1047 1539 1074 1595 iu
1091 1538 1179 1615 cujus

219 1622 321 1680 medio
344 1619 481 1678 orbiculo
503 1622 602 1697 imago
624 1626 749 1695 apparet
772 1618 823 1679 SS.
841 1619 1058 1694 Apostolorum
1082 1621 1175 1690 Petri,

219 1708 253 1762 et
274 1701 369 1761 Pauli.
394 1699 643 1775 Antiquissimum
660 1706 691 1758 et
706 1699 955 1774 elegantissimam
972 1698 1101 1763 Patenao
1117 1702 1178 1761 lor·

218 1801 324 1849 mam,
347 1799 406 1856 qua
432 1782 503 1839 otim
527 1783 670 1842 utebatur
693 1780 724 1839 S.
748 1781 854 1840 Petrus
875 1780 1080 1859 Chrysologus
1107 1802 1178 1843 eru-

218 1866 367 1923 ditissime
390 1864 563 1939 exptauavit
584 1862 711 1923 loannes
733 1859 890 1921 Pastritius
919 1864 1062 1937 peculiari
1085 1882 1179 1939 opere

219 1947 298 2005 edito
322 1962 399 2003 auno
424 1942 515 2001 1706.
534 1942 651 2003 Visitur
675 1944 703 2000 in
726 1942 792 2019 ejus
815 1943 942 2003 Pateuae
960 1945 1058 2003 niedio
1083 1962 1180 2021 agnus

221 2046 289 2087 eum
313 2023 431 2091 Crura,
455 2030 487 2082 et
509 2026 574 2083 aliis
589 2025 751 2104 Symbolis.
769 2022 926 2101 Sculptum
945 2026 973 2081 in
990 2022 1098 2085 Patena
1115 2026 1180 2087 vul·

220 2118 284 2170 turn
317 2106 481 2165 Salvatoris
510 2105 605 2167 refert
626 2105 803 2165 Anastasius
828 2108 857 2164 iu
878 2104 1099 2183 sita'Gregorii
1123 2107 1178 2166 lV.

218 2190 280 2250 Nee
303 2186 409 2263 liguris
431 2191 570 2252 teritum,
594 2194 626 2247 et
648 2187 829 2256 caelaturis,
854 2189 903 2246 sed
938 2187 1180 2263 inscriptionibus

219 2273 310 2332 etiam
327 2270 512 2326 ornabantur
524 2265 667 2328 Pateuae.
685 2266 847 2343 Utriusque
860 2276 919 2328 tam
931 2268 1073 2336 ratense,
1088 2288 1181 2345 quam

220 2352 327 2415 Calicis
343 2351 538 2408 consecrandi
556 2351 647 2409 ritum
667 2351 807 2408 unctione
823 2348 1012 2414 Chrisruatis.
1027 2354 1181 2429 certisque

218 2432 361 2512 precibus
382 2430 524 2489 adhibitis
546 2448 561 2488 a
586 2430 687 2489 Veteri
702 2430 894 2491 Testamenta
917 2432 953 2489 ad
977 2450 1088 2491 novum
1112 2450 1182 2511 pro·

218 2515 340 2575 {luxisse
355 2554 363 2580 ,
388 2512 555 2571 rectissime
569 2512 692 2588 quidam
709 2512 876 2587 Scriptores
891 2521 1023 2572 censent.
1041 2514 1112 2573 Ideo
1128 2533 1182 2577 ve·

218 2599 292 2657 titus
315 2595 475 2669 utriusque
498 2599 595 2653 tactim
629 2593 761 2667 prolenis
794 2594 973 2653 hominibus.
988 2595 1113 2656 decreto
1135 2596 1182 2657 Si·

220 2680 257 2739 sti
276 2676 292 2735 'l
317 2694 332 2731 a
356 2693 415 2749 quo
438 2676 480 2733 ait
502 2674 591 2734 Liber
613 2674 815 2743 Pontihcalis‚
840 2676 1056 2741 coustitutum.
1075 2680 1179 2739 utmi·

219 2756 342 2819 nisteria
364 2764 480 2815 sacrata
497 2774 554 2815 non
572 2764 792 2833 tangerentur,
809 2758 863 2815 nisi
881 2774 896 2815 a
912 2758 1005 2817 sacris
1021 2757 1178 2821 Ministris.

219 2839 327 2915 Neque
351 2835 395 2916 (1)
419 2839 534 2897 licitum
558 2856 689 2913 unquam
715 2839 771 2898 luit
793 2846 878 2899 extra
894 2837 1179 2919 Scevoprhplacinm,

219 2940 274 2983 sen
297 2918 502 2985 Diaconicon,
525 2921 605 2995 quod
621 2919 722 2979 Latini
737 2918 940 2981 Secretariurn
964 2923 1113 2985 dicebant.
1133 2925 1182 2985 illa

220 3007 399 3078 asportare,
423 3006 476 3059 aut
498 3000 526 3057 in
548 3000 687 3061 domibus
704 3003 826 3078 privatis
849 3018 1037 3063 conservare.
1055 3002 1133 3063 Hine
1149 3002 1180 3067 S.

224 3083 411 3146 Athanasius
432 3078 577 3158 Apoloqic
598 3082 729 3143 secunda
750 3102 769 3142 a.
789 3084 936 3143 calumnia
962 3085 1104 3144 contracti
1126 3086 1184 3148 Ca·

226 3166 291 3225 licis
305 3206 313 3228 ‚
337 3180 429 3237 quarn
452 3160 602 3223 finxerant
616 3164 762 3225 adversus
777 3166 874 3237 ipsum
890 3164 992 3225 Ariani
1009 3211 1016 3235 ,
1034 3167 1185 3229 sufficien-

225 3253 272 3308 ter
294 3263 326 3304 se
351 3250 460 3319 purgat
481 3243 583 3304 dicens
606 3246 703 3305 locum
729 3245 835 3312 illum,
860 3248 889 3304 in
912 3264 971 3322 qno
993 3248 1182 3311 contractum

221 3329 363 3408 poculum
386 3322 585 3402 jactitabant,
610 3325 773 3387 Ecclesiam
808 3344 864 3386 uon
889 3325 1000 3398 luisse,
1024 3348 1092 3389 eum
1117 3350 1184 3413 my·

221 3411 330 3471 sticum
355 3409 495 3483 poculum
520 3425 664 3484 nusquam
686 3410 741 3469 nisi
763 3410 842 3488 apud
860 3390 1009 3487 legitimos
1025 3409 1179 3475 Ecclesiae

223 3489 363 3553 Presides
385 3489 568 3549 inveniatur.
700 3490 713 3509 ‘

258 3597 299 3663 (1)
317 3603 355 3652 De
374 3597 469 3665 syride
495 3597 555 3651 ride
574 3600 734 3655 Tractatum
752 3598 784 3653 de
802 3600 1042 3655 Bencdrctionr'las
1058 3564 1115 3655 ⁴Tit.
1136 3608 1181 3657 xl.
