2517 4059
477 203 681 275 ΝΜ·

113 346 212 405 neuape
227 329 296 391 Dios
317 330 619 400 inanescamus,
644 334 715 407 qnia
737 333 767 391 in
789 330 890 393 Coena
912 330 1005 410 hujus
1020 330 1062 390 le·

113 412 171 469 riae
185 413 303 487 quintae
319 411 403 471 lesus
425 412 563 473 Christus
580 415 709 474 instituit
730 412 967 481 Eucharistiam.
993 413 1062 473 Dies

113 493 188 561 lacis,
211 492 271 552 dica
283 494 387 569 panis,
412 492 473 555 dias
489 496 693 565 absolutionis,
710 494 773 555 diss
788 494 1018 573 Palaestrionem,
1034 504 1063 553 ct

113 570 169 635 dics
188 573 339 637 Mandati.
365 572 508 635 Veterem
532 577 624 637 luisse
647 576 802 637 Romanae
826 575 977 637 Ecclesiae
998 594 1075 636 coa·-

112 658 292 718 suctudinem
314 654 443 715 FeriaV
469 659 498 717 iu
520 657 616 719 Coena
635 659 756 722 Domini
783 658 941 720 absolvere
963 664 994 716 et
1017 675 1065 719 re·

110 738 261 799 conciliare
285 738 481 814 poenitentes,
506 740 617 801 diserte
641 758 694 801 nos
728 741 819 801 docet
841 736 1065 801 innocentiusl

111 816 240 881 Pontilex
265 822 417 881 Maximus
441 822 469 881 in
485 822 686 885 celeberrima
706 823 743 882 ad
767 822 945 884 Decentium
970 823 1067 896 Euga-

109 898 206 963 blnuru
229 899 363 977 Epistola
385 899 459 978 Cap.
483 902 567 963 Vlll.
592 902 671 963 llinc
693 902 761 965 illae
783 901 834 964 SS.
861 900 982 963 Petrum
1005 900 1067 963 llo·
1104 941 1109 948 ›

108 983 203 1043 roiliae
225 984 260 1043 ad
287 981 524 1045 reconciliandos
546 986 733 1061 poenitentes
757 988 786 1043 in
800 984 899 1045 Coena
925 984 1063 1048 ttontni:

107 1066 209 1140 qualos
239 1067 378 1125 visuntur
410 1064 440 1127 S.
464 1067 553 1143 Eligii
583 1069 611 1125 in
642 1067 827 1129 Bibliotheca
858 1066 1006 1131 Petrum,
1035 1069 1066 1127 et

107 1146 238 1208 Abbonis
254 1145 395 1206 Monacbi
412 1148 440 1205 iu
457 1146 608 1225 Spicilcgii
621 1148 709 1209 Toni.
724 1148 778 1209 tx.
797 1150 896 1223 Atque
912 1150 988 1209 haec
1002 1150 1067 1207 crat

105 1228 271 1287 communis
288 1225 441 1288 Ecclesiae
464 1228 617 1291 Romanae
640 1232 752 1306 praxis,
775 1232 961 1306 aliarumque
983 1227 1067 1289 Occi·

106 1310 284 1379 donidium,
308 1325 398 1383 quam
422 1310 523 1371 videre
544 1317 591 1371 est
613 1313 642 1373 in
665 1313 805 1374 omnibns
828 1314 936 1387 passim
960 1311 1065 1371 Sacra⁶

105 1399 276 1453 mentorum
300 1389 411 1451 Libris.
436 1390 552 1453 Verum
577 1394 605 1451 io
629 1393 845 1455 Mediolanensi
869 1394 927 1452 alia
950 1393 1065 1454 obtine·

103 1471 154 1535 bat
175 1473 388 1541 corisuetudo‚
424 1474 634 1535 reconciliandi
666 1477 852 1552 poenitentes
886 1472 958 1537 laria
982 1480 1066 1535 sexta

104 1554 226 1633 majoris
250 1552 468 1620 hebdomadae.
493 1565 527 1615 ut
548 1555 647 1632 colligi
670 1562 768 1631 potest
789 1574 827 1617 ex
850 1552 984 1631 Epistola
1001 1554 1067 1615 XX

103 1636 132 1699 S.
148 1636 316 1701 Ambrosii,
342 1652 436 1699 nuvae
459 1637 609 1703 editionis,
627 1638 663 1697 ad
688 1637 894 1703 Mareellinam
915 1653 1064 1707 sororem.

103 1716 252 1779 Eumdem
277 1718 392 1792 pariter
413 1736 503 1777 usum
518 1719 660 1796 viguisse,
678 1721 708 1779 in
724 1715 870 1796 Hispania
892 1737 929 1779 ex
943 1717 1067 1778 Consilii

103 1800 240 1862 Toletani
256 1800 356 1873 quarti
372 1796 491 1859 Canope
514 1801 641 1877 septimo
656 1806 783 1861 constat.
809 1796 922 1860 Eadem
942 1817 1067 1874 quoquc

102 1884 204 1960 praxis
220 1880 316 1939 luisse
338 1879 457 1941 videtur
471 1882 501 1941 iu
518 1881 698 1956 quibusdam
728 1879 891 1943 Gallicanis
912 1880 1065 1948 Ecclesiis‚

101 1971 177 2027 teste
201 1962 351 2023 Marteue.
375 1958 498 2025 Constat
517 1980 555 2023 aa
577 1962 677 2024 Sacris
697 1960 877 2031 Canonibus,
902 1962 1067 2040 priscisque

101 2044 255 2111 Patribus,
273 2060 409 2119 quorum,
428 2043 491 2105 loca
515 2044 637 2121 longum
660 2052 741 2105 esset
763 2046 811 2107 laic
836 2060 1005 2113 recensere,
1023 2044 1068 2103 di-

101 2128 301 2205 ligentissime
324 2124 484 2187 attendisse
507 2127 610 2202 ipsos,
640 2144 678 2184 an
700 2126 888 2189 Paenitentes
908 2124 1011 2188 sedulo
1031 2143 1067 2186 ac

101 2209 222 2271 lervide
239 2206 451 2283 poeniteutiam
470 2209 526 2268 illis
549 2209 719 2283 impositam
743 2215 943 2287 peragerent3
967 2214 1000 2269 ut
1022 2208 1066 2270 ni·

101 2293 217 2354 mirum
235 2290 405 2350 discernere
428 2295 558 2364 possent.
584 2290 707 2363 (patinam
724 2300 825 2351 essent
844 2292 875 2349 iu
890 2288 989 2350 Coena
1005 2290 1065 2350 Do·

101 2374 177 2436 mini
203 2370 444 2431 reconciliatione
464 2371 555 2449 digni.
581 2370 698 2447 Proprii
714 2377 814 2433 autem
834 2370 912 2449 juris
933 2370 1066 2431 solorum

101 2453 393 2528 luitEpiscoporum
423 2456 455 2513 ct
481 2451 632 2530 publicam
661 2455 873 2527 poenitentiam
901 2454 1067 2527 imponere,

101 2554 138 2597 ac
151 2535 272 2612 publice
286 2536 472 2609 poenitentes
487 2533 696 2601 reconciliare,
710 2534 800 2609 idque
812 2532 1010 2611 Presbyteris,
1023 2536 1069 2595 at·

97 2634 165 2695 qua
187 2616 262 2676 adeo
276 2612 508 2693 Chorepiscopis
525 2621 666 2691 negatum
682 2622 757 2677 crat.
777 2616 904 2676 loannes
916 2615 1017 2676 Darlis
1039 2614 1068 2673 in

103 2697 271 2775 Opusculo:
297 2696 341 2761 Ila
364 2698 513 2763 cononica
535 2696 801 2776 disciplinatiores
824 2695 1064 2765 Poeniceum,

104 2779 179 2856 Cap.
197 2777 308 2839 XXVI
330 2779 481 2848 observat,
506 2780 640 2852 potuisse
654 2776 852 2857 Presbyteros
867 2796 904 2839 er
920 2794 1068 2840 consensu

104 2861 261 2939 Episcopi,
285 2865 336 2919 aut
359 2863 386 2919 in
403 2858 472 2938 ejus
494 2860 641 2927 absentia,
659 2860 706 2917 vel
728 2867 854 2941 urgente
877 2860 1066 2933 necessitate,

105 2946 294 3019 poenitentes
317 2942 523 3007 reconciliare,
549 2944 589 3002 uti
605 2947 712 3015 aperte
734 2948 851 3001 constat
872 2958 909 3001 ex
931 2939 1065 3001 Concilio

105 3023 252 3083 Africano
266 3023 342 3081 circa
359 3030 494 3095 tempora
510 3023 654 3085 Bonilacii
669 3021 683 3080 Ι
701 3023 812 3087 habito.
838 3024 931 3082 relato
948 3023 977 3079 in
992 3018 1065 3082 Cau.⁴
1153 3092 1157 3102 Ι

107 3103 329 3167 Paeniteatibos
341 3102 449 3165 XXVI
463 3102 646 3177 Quaestione
663 3102 797 3166 xxvtt.
822 3104 868 3163 ad
885 3104 1008 3171 Missam
1023 3104 1070 3165 ia·

107 3204 198 3263 super
221 3186 406 3260 poenitantes
428 3186 520 3245 sacris
543 3186 696 3245 altaribus
718 3186 973 3254 restituebantur3
996 3203 1069 3261 qua·

107 3286 175 3329 uam
198 3284 273 3329 vero
296 3266 404 3327 Missae
427 3274 522 3342 parte,
547 3268 699 3329 nonsatis
716 3276 849 3329 constat.
873 3267 984 3327 Saltem
1009 3285 1066 3327 non

106 3368 164 3411 una
178 3350 386 3409 luitomnium
400 3345 603 3409 Ecclesiarum
616 3349 676 3409 bac
691 3350 719 3407 in
733 3368 765 3413 re
777 3351 974 3411 consuetudo.
990 3346 1065 3407 Nam

108 3433 199 3508 aliqui
223 3438 292 3491 aute
309 3429 443 3494 Missam,
467 3430 588 3504 quidam
606 3436 674 3506 post
685 3428 882 3507 Evangelium
897 3438 969 3491 ante
980 3430 1069 3491 ouer-

98 3515 247 3575 .torium:
272 3512 366 3573 immo
390 3511 520 3570 nonnulli
544 3512 568 3569 si
591 3510 711 3573 Morino
732 3513 885 3574 oredimus
912 3519 977 3587 post
997 3528 1069 3571 coo·

108 3596 309 3658 sacrationem
338 3592 622 3656 reconciliabantur.
647 3591 724 3656 Nam
748 3596 775 3654 tu
798 3592 912 3653 Ordine
932 3592 1068 3652 llomaao
