2517 4059
497 200 722 275 emittm·

98 349 101 357 ’
167 334 227 396 lil.
254 329 506 393 Eltioacissimum
540 340 700 411 propterea
727 348 782 412 pro
804 331 1006 409 liturgiarum
1035 352 1088 395 au-

122 418 272 478 ctoritato
297 420 507 493 argumentum
530 416 679 475 sumimus
700 433 737 475 ex
760 433 853 482 cura,
878 432 968 491 qnam
985 411 1089 477 Eccle-

121 500 166 558 sia
191 498 321 576 semper
342 497 500 562 adhibuit,
525 514 562 557 ne
584 498 657 574 quid
679 497 709 555 in
731 498 797 558 illas
811 496 962 574 irreperet
976 496 1089 576 Myste-

121 582 247 643 riorum
266 580 428 644 sanctitati,
446 578 659 655 doctrinaeque
674 580 792 639 veritati
808 580 1004 639 contrarium.
1021 578 1089 653 Qua

122 664 152 721 in
171 682 207 724 re
226 680 324 739 quum
341 660 436 721 mulla
452 678 489 720 ex
505 658 655 729 Consiliis,
671 666 868 737 veterumque
890 662 1091 731 monumentis

120 745 227 821 promi
253 749 397 823 possent:
423 744 469 803 his
501 749 744 803 contentusero.
767 740 1022 817 Carthaginiensis
1044 742 1087 803 lli

108 825 271 905 synodus
294 842 407 886 canona
428 822 538 885 xxm
561 826 690 885 statuit:
719 824 820 899 Quam
844 824 942 883 attari·
969 823 1087 886 adsisti-

121 920 199 978 tar,
227 926 345 987 semper
366 906 407 965 orl
431 907 547 965 Patrem
570 905 722 983 diriaalar
747 904 864 967 Oratio.
883 904 1010 985 Insuper
1031 904 1087 968 Co-

122 991 183 1050 dex
209 990 376 1051 Africanus
399 988 472 1049 Can.
496 986 538 1048 ΙΙΙ
562 989 711 1063 legimus:
737 986 877 1057 Placuit,
900 996 935 1047 at
964 1006 1085 1067 precor.

121 1090 203 1150 qaae
222 1072 371 1152 prolalae
393 1070 509 1148 suerint
536 1072 570 1129 in
596 1071 748 1141 Concilio,
772 1071 833 1131 siac
860 1070 1087 1149 praelationes.

121 1157 183 1213 siaa
209 1150 483 1214 commendationes
503 1170 553 1212 sca
575 1169 683 1213 marrus
696 1153 913 1233 impositiones,
937 1154 973 1213 alr
994 1153 1089 1213 omui·

121 1238 176 1295 lus
202 1236 417 1302 celebrentarr
439 1252 489 1293 acc
511 1234 588 1294 aliae
611 1235 731 1293 omnino
748 1244 852 1294 contra
867 1230 969 1294 Fidem
987 1235 1087 1315 prosc-

123 1329 256 1378 rontar.
275 1316 466 1376 Bracarensis
483 1313 525 1376 lll
541 1313 664 1376 Consilii
682 1316 838 1377 Praesules
858 1312 978 1377 Canono
992 1317 1006 1378 Ι
1021 1334 1088 1377 san·

121 1407 263 1460 norunt:
286 1408 322 1458 at
339 1415 395 1475 per
416 1397 547 1475 urraalas
571 1392 715 1459 Ecclesiae
732 1397 871 1479 Episcopi
887 1418 945 1477 par
967 1398 1087 1459 Dioccc-

122 1500 166 1541 ses
190 1481 384 1541 ambulantes
406 1481 543 1557 primam
575 1478 738 1541 discutiant
769 1479 918 1549 Clericos,
942 1480 1087 1560 quomodo

124 1560 272 1623 ordinem
290 1560 441 1639 Baptismi
472 1571 609 1632 lanceat,
634 1564 679 1625 ael
704 1564 885 1628 Missurum,
909 1572 935 1623 ct
960 1563 1088 1641 qualiter

124 1662 335 1723 qaaecumque
352 1660 367 1701 o
399 1644 447 1702 aia
461 1643 495 1700 ia
511 1640 646 1705 Ecclesia
657 1655 855 1725 pararentur.
872 1640 1002 1704 Ulterius
1016 1662 1086 1721 pro·

126 1744 256 1803 gressus
280 1731 325 1786 esl
346 1725 354 1743 '
372 1724 541 1801 cadulphus
564 1727 800 1786 Aurelianensis.
817 1724 891 1784 Nam
909 1726 937 1786 in
953 1724 1086 1802 Epistola

125 1809 163 1868 ad
188 1808 425 1891 Clerumsuum
441 1802 544 1885 Capita
567 1815 674 1882 qtrarlo
697 1807 853 1875 decrerit,
878 1808 969 1868 ulad
991 1807 1087 1884 Syno-
1112 1861 1115 1870 .

126 1891 202 1951 dnm
226 1888 330 1957 Libri,
356 1889 552 1955 vestimenta,
578 1895 607 1949 el
630 1909 701 1951 rasa
722 1906 806 1948 sacra
829 1888 1029 1957 deterrentur,
1053 1895 1087 1950 ul

127 1974 279 2046 probetur
301 1988 390 2047 quam
414 1968 590 2047 diligenter,
615 1979 647 2031 et
669 1990 760 2050 qnam
782 1972 914 2032 studiose
928 1971 1085 2032 servitium

126 2052 183 2114 Dei
209 2058 383 2133 peragatur.
408 2049 490 2110 idern
515 2050 542 2108 in
566 2062 627 2111 suo·
644 2053 806 2133 Capitulari
822 2055 974 2134 praecepit
987 2052 1109 2125 Ricul·⁴

128 2137 211 2213 phas
236 2134 401 2215 Episcopus
423 2132 653 2195 Suessionensis.
