2517 4059
449 210 672 286 wilk·

90 338 147 397 duo
162 343 275 399 tanturn
296 337 386 401 Festa
408 338 520 402 fiebant
542 340 571 399 in
587 337 743 401 Paschate.
768 338 886 399 Parisiis
897 336 1038 403 officinm

91 416 192 479 Ferine
213 426 340 497 quartae
361 423 497 503 signatur
518 421 628 499 duplex
654 428 713 481 tam
737 420 767 479 in
783 418 972 483 bebdomada
985 416 1040 481 Pa·

89 500 205 568 enatis,
229 520 323 577 quam
338 499 538 575 Pentecosten,
561 508 594 563 ut
608 520 675 565 eom
692 502 772 566 diem
796 502 933 567 [estivam
956 508 1040 564 anto·

88 583 142 642 bac
163 581 256 643 luisse
278 584 513 647 demonstretur.
536 580 727 648 Cartltusiani
750 601 870 661 quoqne
893 590 953 646 trcs
975 582 1039 653 dies

87 661 188 725 Festos
210 664 375 736 celebrant,
399 683 453 726 nec
477 666 621 727 celebrari
641 665 817 743 permittunt
831 662 953 726 Festum
976 666 1039 730 An·

89 746 289 816 nuntiationis,
312 753 365 809 aut
379 748 582 809 Dedicationis
596 744 760 817 Ecclesiae,
778 752 830 807 aut
845 743 969 809 Festum
986 747 1039 813 Pe·

17 843 18 886 }
89 828 173 896 troni,
191 828 248 887 nisi
265 829 361 890 tribus
376 829 535 907 postremis
551 828 633 889 leriis
648 828 853 890 hebdomadae
870 826 1035 895 Pascbetis.

129 906 349 970 lV.-Otlrcium
384 913 413 971 in
436 912 625 973 bebdomada
647 908 802 977 Paschatis
835 909 1039 977 idemeston

17 1011 18 1058 ἦ
88 990 114 1048 in
129 990 175 1049 die
197 994 259 1051 tam
282 1009 338 1067 pro
353 989 527 1063 Nocturnis,
551 1010 641 1069 quam
665 989 883 1071 proVesperis.
909 990 1038 1065 Videtur

17 1069 18 1096 l
88 1072 258 1149 epluribus
291 1071 433 1134 Romanis
454 1072 619 1135 Ordinibus
651 1072 802 1149 quaelibet
834 1071 1038 1139 hebdomadae

86 1152 145 1212 dies
176 1158 240 1213 tres
271 1153 411 1215 babuisse
444 1157 575 1232 psalmos
606 1154 743 1231 proprios
778 1153 814 1213 ad
843 1153 1033 1223 bletutinurn.

16 1229 17 1260 n
87 1230 192 1293 Psalmi
213 1235 392 1296 dicebantur
413 1237 477 1297 sine
493 1234 674 1313 Antiphonis
696 1252 765 1295 cum
783 1234 877 1299 tribus
893 1234 1035 1317 Alleluia,

87 1311 161 1376 Haec
189 1315 265 1386 dies,
291 1317 386 1377 tribus
405 1316 597 1379 lectionibus
618 1323 650 1377 et
673 1313 795 1376 totidem
818 1318 1035 1394 Responsoriie.

16 1431 17 1446 .
86 1392 229 1478 Neopbyti
245 1398 506 1461 communicabant
520 1398 612 1462 etism
626 1395 752 1477 singulis
766 1395 872 1457 diebus
896 1416 948 1475 per
964 1399 1038 1463 beb-

86 1476 239 1539 domadam
264 1477 428 1541 Paschetis.
453 1479 615 1542 Sabbatum
643 1478 798 1539 dicebatur
819 1478 905 1555 infre
927 1481 1035 1553 albos,

86 1575 132 1622 seu
143 1561 177 1619 in
191 1560 266 1622 albis
281 1560 551 1638 censeatisque
567 1578 604 1621 eo
618 1560 666 1625 die
682 1558 825 1635 Baptizati
842 1566 939 1626 vestes
955 1562 1038 1627 albas

85 1638 281 1718 deponebant,
299 1643 379 1720 quod
402 1650 469 1719 post
478 1642 617 1706 Officium
641 1641 845 1717 vespertinum
863 1640 964 1703 siebat.
976 1640 1037 1705 Ex-

15 1773 16 1800 ,
83 1726 157 1782 stant
177 1718 340 1783 Sermones
362 1722 439 1799 apud
462 1723 494 1785 S.
509 1724 722 1801 Augustinnm,
740 1722 789 1797 qui
812 1741 830 1782 a
847 1721 976 1783 Possidio
992 1724 1037 1783 in·

83 1804 264 1867 scribuntur:
282 1803 325 1866 De
345 1802 463 1865 Oetacis
477 1805 658 1884 insontium,
679 1800 836 1863 Troctotos
851 1802 921 1875 due·
936 1808 1036 1869 erant-

83 1902 138 1961 que
153 1905 209 1963 pro
221 1883 335 1951 Octava
348 1882 514 1954 Paschatis,
531 1904 608 1963 quae
623 1904 640 1945 a
658 1885 742 1945 nobis
756 1883 864 1945 dicitur
877 1884 1037 1949 Dominico

14 2001 15 2010 κ
83 1967 114 2027 in
126 1967 217 2034 Albis,
233 1985 332 2045 eoque
347 1969 468 2027 nomine
483 1973 589 2029 vocata
603 1974 661 2033 est,
678 1966 749 2042 quia
760 1964 902 2042 baptizati
920 1972 1036 2031 restem

14 2047 15 2054 ’
83 2047 292 2127 deposuerant,
305 2066 396 2125 quam
408 2055 469 2111 tota
480 2048 669 2111 hebdomada
681 2052 871 2128 gestaverant
883 2052 1036 2125 tamqnam

14 2157 15 2204 3
82 2130 197 2207 signum
214 2130 410 2200 innocentiae,
427 2130 611 2210 etspir'italis
623 2128 764 2189 infantiae
781 2145 835 2208 per
847 2129 1036 2207 Baptismum

14 2235 15 2286 l
82 2217 254 2275 renovatae.
278 2210 314 2273 ln
327 2211 566 2275 sacramentario
588 2211 619 2275 S.
637 2209 774 2289 Gregorii
790 2209 957 2287 appellatur
979 2212 1036 2281 iste

14 2289 15 2350 l
82 2293 156 2365 dies,
170 2292 330 2354 Dominica
349 2290 462 2355 Octavo
477 2292 619 2357 Posclsoc.
638 2290 725 2369 Apud
738 2288 898 2353 llatoldum
913 2292 1033 2368 legitur:

14 2401 15 2430 n
54 2372 136 2442 „Die
159 2373 311 2435 dominico
330 2385 398 2451 post
424 2376 517 2437 albos.
546 2373 579 2434 ln
600 2372 796 2436 Ambrosiano
820 2374 978 2434 Dominicis
1002 2373 1036 2437 io

14 2468 15 2504 l
82 2458 153 2520 olbis
169 2456 312 2533 depositis
325 2456 401 2515 idest
412 2463 567 2533 postquem
580 2454 723 2532 baptizati
738 2452 837 2513 albam
853 2460 968 2517 vestem
984 2452 1036 2515 dc·

83 2545 252 2613 posuerant.
277 2537 311 2599 lo
334 2536 445 2597 blissali
467 2534 595 2597 Gothico
620 2536 765 2602 Clausum
792 2534 932 2603 Poeclroe,
962 2540 1035 2601 tam

75 2636 172 2697 'quam
196 2621 281 2681 istius
315 2616 448 2679 Oetaeae
469 2616 632 2689 conclusio.
657 2616 833 2695 appellatur
861 2617 953 2680 etiem
976 2614 1036 2681 Do·

14 2701 15 2764 Τ
83 2690 196 2761 minino
220 2701 254 2760 in
282 2698 378 2777 Queri
402 2698 508 2768 modo,
540 2698 612 2776 quie
633 2697 775 2762 Introitus
797 2714 852 2777 per
874 2696 921 2759 illa
944 2696 1036 2767 verba

84 2782 252 2844 inchoatur.
276 2781 310 2843 ln
333 2780 484 2859 plerisque
507 2778 649 2842 Romanis
671 2776 833 2841 Ordinibus
855 2778 1036 2849 hodiernum
1104 2826 1111 2837 .

14 2906 15 2912 κ
84 2863 221 2925 Officium
245 2870 306 2923 tros
329 2863 420 2923 habet
440 2858 611 2925 Nocturnos
632 2861 668 2924 de
686 2858 841 2921 llominica
863 2867 1033 2937 consuetott
1083 2871 1085 2876 '

14 2953 15 2956 ’
84 2946 299 3023 incipiebantur
320 2945 356 3004 ad
374 2946 505 3021 primum
521 2942 708 3004 Nocturnum
726 2940 781 3018 legi
799 2941 891 3003 Actus
908 2941 1036 3019 Aposto-

85 3027 193 3097 lorum,
217 3027 267 3103 qui
283 3035 418 3103 tempore
440 3024 577 3089 Pesclrsli
598 3022 848 3083 continuabantur
868 3020 955 3098 juxta
976 3020 1036 3083 Or·

85 3109 183 3169 dinem
203 3109 394 3174 Romanum,
419 3110 453 3166 ut
475 3111 601 3167 testatur
622 3102 823 3181 Micrologus:
847 3101 886 3162 In
906 3104 963 3163 ltac
985 3122 1037 3163 no·

86 3201 126 3251 cto
142 3190 304 3252 Dominico
325 3197 481 3257 nmrurno,
498 3199 524 3250 et
538 3204 642 3248 nonem
658 3182 803 3247 Lectiones
814 3185 910 3269 jueta
929 3182 1036 3246 Romo·

86 3292 154 3333 nom
177 3269 338 3340 ordinem3
359 3270 553 3348 declaratque
574 3264 677 3346 Capite
698 3264 767 3327 Ltv
788 3282 851 3335 eos,
876 3266 926 3342 qui
949 3263 1036 3326 aPa·

85 3355 185 3417 scbste
206 3370 304 3431 usqne
336 3351 374 3411 sd
396 3348 591 3415 Pentecosten
623 3355 685 3413 tres
709 3352 826 3411 tentum
848 3344 984 3415 Psalmos
1004 3353 1036 3409 et

87 3444 145 3503 tres
159 3436 318 3497 Lectiones
333 3432 462 3496 recitare
475 3432 591 3501 volunt,
607 3449 623 3492 a
638 3429 715 3508 Papa
728 3428 942 3503 dispensandos
956 3446 1034 3499 esse,

86 3519 233 3580 Memorat
253 3522 358 3577 autem
374 3516 532 3579 decretum
553 3510 584 3571 S.
604 3510 743 3591 Gregorii
765 3508 822 3572 Vll
845 3529 904 3587 uuo
927 3510 1039 3593 praeci

86 3603 174 3680 pitnr,
189 3606 223 3661 ut
238 3596 381 3662 Oiliciom
404 3594 525 3679 incipiat
538 3591 711 3674 aVesperis
726 3591 848 3661 Sabbati
870 3593 900 3658 in
914 3610 1039 3661 consue·
