2517 4059
562 114 788 187 miliia&

195 251 309 311 riorum
333 248 363 305 in
386 264 423 305 eo
446 242 479 307 iit
501 245 627 306 urentia.
651 244 685 304 lu
707 244 948 306 solemnitatibus
969 245 1005 304 B.
1021 243 1066 304 Μ.
1086 243 1157 303 Vir-

140 399 148 405 *
193 332 292 409 ginis,
315 327 403 406 cujus
425 327 455 387 in
477 344 514 387 eo
535 328 607 387 item
629 324 664 386 fit
685 330 810 388 mentio.
833 326 866 387 lu
883 327 990 388 diebus
1012 322 1099 387 iestis
1114 324 1157 385 A·

194 410 403 488 pustularum,
427 410 497 485 quia
521 409 613 485 ipsius
636 406 770 486 Symboli
793 408 917 470 luerunt
936 414 1091 468 auctores.
1122 406 1157 466 lu

194 493 277 553 iestis
300 490 330 550 S.
356 490 481 561 Crucis,
507 492 577 567 quia
600 490 629 548 in
652 491 687 549 iis
710 497 850 552 narratur
872 491 991 567 passio,
1015 494 1048 548 ct
1070 505 1155 549 mors

195 573 315 634 Domini
339 574 431 633 nostri
454 571 523 632 lesu
546 571 671 633 Christi.
696 571 851 633 Recitatur
872 578 904 633 et
919 573 948 631 iu
970 568 1068 630 Festis
1082 570 1158 631 Sau-

194 662 313 717 cterum
335 654 544 731 Angelorum,
574 654 647 729 quia
667 658 699 713 ct
719 653 828 713 horum
857 652 1023 730 Spirituum
1046 651 1156 713 Beato·

194 756 264 798 rum
294 736 322 795 in
345 735 488 813 Symbola
517 733 551 795 iit
572 734 706 802 mentio,
736 752 807 795 cum
836 734 946 795 dieitur
978 733 1156 796 Creatorem

195 819 286 885 caeli,
312 826 339 876 et
362 827 476 888 terrae,
501 816 665 877 visibilium
686 816 820 875 omnium
843 827 869 876 et
889 816 1103 883 invisibilium,
1126 819 1156 875 et

194 899 321 967 Sanctae
343 898 458 959 Mariae
481 896 694 974 Magdaleuae,
718 898 789 972 quia
812 896 884 966 luit,
910 904 943 957 ut
962 896 1048 973 juxta
1065 895 1154 957 Iuno·

194 983 327 1043 centium
351 979 519 1055 praelatum
534 978 750 1053 Apostolorum
766 978 921 1054 Apostola,
940 996 999 1055 pro
1020 996 1053 1035 eo
1077 975 1155 1057 quod

193 1063 260 1143 ipse
276 1062 411 1140 proprie,
436 1064 480 1122 uel
496 1060 601 1139 prime
623 1058 863 1119 Resurrectionis
884 1058 1061 1119 Dominicee
1082 1076 1156 1137 pes·

194 1144 280 1205 diurn
296 1144 438 1222 Apostolis
459 1140 624 1202 nuntiauit.
649 1140 785 1217 Denique
798 1139 964 1218 Gregorius
978 1140 1055 1201 xttl
1071 1142 1154 1221 Sym-

195 1225 256 1285 boli
272 1224 477 1284 recitationem
494 1222 690 1300 praescripsit
705 1222 733 1281 in
749 1223 831 1283 iestis
848 1228 977 1300 quatuor
999 1220 1154 1283 Ecclesiae

83 1376 87 1381 ,
196 1305 318 1367 Latinae
342 1302 518 1372 Doctorum,
542 1303 654 1380 quibus
674 1302 743 1364 Pius
768 1302 794 1364 V
817 1304 930 1365 addidit
952 1308 1085 1381 quatuor
1099 1304 1156 1365 Ec-

99 1408 104 1417 ·
195 1388 305 1448 clesiae
327 1384 465 1453 (imeae,
489 1390 520 1445 ct
540 1385 651 1445 Divum
673 1384 844 1456 Thomam,
875 1386 987 1462 quibus
1008 1402 1156 1447 annume-

195 1475 278 1529 ratus
299 1474 346 1529 est
367 1485 384 1527 a
406 1466 531 1528 SixloV
553 1465 650 1527 Divus
671 1466 893 1529 ffluaventura.
917 1465 1033 1529 Causae
1048 1472 1153 1529 autem

194 1568 250 1613 cur
265 1551 354 1610 certis
369 1550 399 1610 in
415 1549 519 1611 diebus
540 1546 624 1608 iestis
638 1565 712 1624 prae
734 1548 796 1610 aliis
811 1548 988 1626 Symbolum
1009 1552 1156 1612 recitetur

195 1632 233 1693 ad
255 1632 377 1692 Missam
402 1636 464 1691 tres
485 1636 575 1696 sunt,
604 1632 649 1688 uti
674 1632 814 1691 observat
835 1628 973 1708 Guyetus
995 1628 1154 1691 Heortolo·

196 1716 263 1793 piae
284 1712 350 1772 Lib.
376 1711 421 1772 lll
441 1711 514 1787 Cap.
538 1708 580 1769 28
601 1718 719 1787 quaest.
743 1711 925 1772 evanescet
950 1711 1152 1789 Mysterium‚

197 1794 362 1864 Doctrina,
397 1799 427 1854 et
456 1791 634 1853 Celebrilas.
665 1790 790 1853 Ratione
817 1794 956 1872 Mysterii
983 1794 1097 1855 dicitur
1130 1792 1156 1851 iu

196 1875 335 1937 omnibus
357 1874 441 1935 lestis
463 1872 574 1934 Christi
597 1874 741 1944 Domini,
769 1880 800 1935 et
820 1876 1016 1935 Beatissimae
1039 1874 1155 1936 Mariae

197 1956 341 2035 Virginis,
365 1958 476 2034 quippe
499 1973 629 2031 quorum
654 1957 798 2035 mysteria
820 1958 850 2015 in
871 1975 908 2017 eo
931 1957 1083 2033 explicite,
1107 1952 1155 2016 rel

197 2038 342 2116 implicite
364 2038 563 2098 continentur.
587 2035 715 2103 Ratione
729 2038 884 2099 doctrinae
898 2035 995 2109 Fidei,
1019 2056 1079 2098 uon
1096 2042 1156 2097 tam

198 2124 367 2195 susceptae,
390 2136 423 2178 ac
446 2121 663 2194 propugnatae,
687 2116 778 2195 quani
793 2120 887 2180 verbo
901 2119 951 2181 vel
965 2120 1080 2196 scripto
1097 2123 1157 2179 tra·

197 2200 287 2265 ditae,
311 2205 402 2276 atque
424 2200 630 2270 annunciatae,
655 2200 764 2261 dicitur
780 2201 809 2259 in
826 2201 910 2261 iestis
927 2200 1153 2278 Apostolorum,

197 2287 229 2345 cl
249 2281 426 2341 Doctorum.
454 2279 587 2357 Denique
605 2284 720 2343 ratione
736 2282 918 2344 celebritatis
939 2282 1050 2344 dicitur
1067 2283 1097 2341 in
1114 2280 1155 2341 ie.-

196 2366 251 2425 stis
274 2360 490 2433 Patronorum,
513 2368 545 2421 ct
564 2362 631 2422 aliis
652 2365 788 2425 locorum
812 2365 953 2440 propriis,
975 2382 1030 2428 seu
1052 2360 1156 2424 Eccle-

195 2447 324 2511 siarum,
349 2444 386 2504 ad
402 2460 477 2521 quas
493 2444 590 2518 inquit
609 2442 777 2515 Garautus,
802 2444 836 2506 lit
853 2446 954 2523 populi
977 2462 1153 2507 concursus.

197 2526 303 2600 Quoad
326 2526 401 2587 iesta
425 2524 544 2602 propria
566 2527 693 2597 attinet,
716 2528 876 2604 specialius
897 2525 1079 2594 delinienda,
1104 2524 1155 2603 qui

199 2609 403 2677 nosse‚uelits
431 2606 529 2685 ipsum
551 2605 738 2684 Liturgicum
761 2607 946 2686 Scriptorem
968 2609 1076 2675 adeat,
1106 2605 1155 2687 ubi

198 2688 285 2767 plura
308 2690 336 2748 in
358 2688 436 2749 hanc
458 2705 524 2747 rem
546 2688 664 2749 erudite
685 2689 816 2750 disserit.
841 2688 960 2751 Dicitur
975 2696 1078 2751 autem
1099 2687 1156 2749 alta

199 2788 298 2839 voce,
323 2776 355 2830 ut
375 2787 480 2831 omnes
510 2770 552 2830 uti
580 2770 722 2831 observat
744 2769 904 2833 Durandus
925 2770 993 2831 Lib.
1019 2767 1062 2831 IV
1084 2769 1153 2845 Cap.

199 2851 293 2915 XXV
315 2850 387 2912 illud
410 2851 509 2911 dicant
530 2857 561 2912 et
582 2851 757 2923 addiscant3
787 2854 816 2912 in
839 2841 930 2915 Missa
953 2854 1092 2930 patenter
1112 2850 1153 2911 di-

199 2936 299 3001 citur,
323 2932 360 2995 ad
384 2933 547 2993 notandum
568 2934 649 3010 quod
673 2934 762 2995 hodie
783 2931 873 2995 Fides
894 2933 1050 2996 Catholiea
1064 2932 1154 2995 libere

199 3016 391 3094 praedicatur
412 3020 442 3075 et
464 3013 602 3093 docetur3
628 3017 657 3077 in
678 3014 779 3077 Prima
802 3033 875 3077 vero
896 3016 953 3080 sub
975 3016 1094 3077 silentio
1113 3013 1154 3075 di-

198 3100 298 3173 citur,
323 3098 360 3157 ad
383 3096 546 3157 notandum
568 3098 649 3172 quod
672 3098 702 3155 in
724 3098 879 3175 primitiva
900 3096 1048 3167 Ecclesia,
1071 3112 1154 3175 prae·
1245 3143 1246 3172 ,

198 3180 301 3242 sertim
326 3184 462 3255 tempore
484 3176 630 3241 Passionis
652 3177 777 3249 Christi,
802 3180 1024 3257 praedicatores
1039 3182 1070 3239 et
1085 3176 1154 3239 lide
1245 3199 1246 3204 ¹

200 3262 242 3323 les
264 3262 431 3328 siluerunt3
460 3265 492 3320 et
514 3260 542 3319 in
567 3255 789 3337 Complctorio,
817 3261 855 3321 ad
884 3261 1049 3321 notandum
1077 3259 1154 3337 quod
1245 3319 1246 3328 ,

199 3343 337 3413 similiter
360 3344 387 3401 in
410 3339 468 3401 fine
490 3338 691 3412 sacculorum,
715 3341 903 3404 Antichiristi
926 3360 1036 3419 nempe
1057 3358 1154 3418 perse·

199 3424 322 3483 cutione
342 3423 558 3492 invalescente,
582 3422 704 3482 illorum
720 3441 775 3484 ora
789 3424 983 3486 claudentur:
1004 3422 1153 3487 Romanus

200 3502 283 3563 Ordo
305 3503 482 3583 Symbolum
499 3504 536 3563 ab
552 3503 692 3566 universo
706 3502 818 3575 Chore,
842 3506 932 3569 ducto
954 3506 1068 3568 initioa
1083 3520 1153 3566 voce
