2517 4059
552 189 777 260 ‹wiriwa-

196 320 300 382 ctum,
325 321 358 376 ut
380 317 501 386 veniat,
531 323 562 378 et
585 325 795 394 praeparatum
818 313 1003 378 Sacrificium
1027 313 1153 375 bencdi-

196 403 264 456 cat:
296 393 340 455 Ex
364 400 527 458 muitarum
553 383 716 460 blissaiinm
739 401 868 458 editione
890 399 1000 457 dicitnr
1024 414 1152 473 prorsus

196 478 360 555 integrum,
388 480 461 539 Veni
482 480 586 541 Sancta
609 481 752 558 Spiritus,
777 485 865 561 rapte,
890 488 942 539 aot
970 475 1041 538 Veni
1060 477 1154 541 Creo-

197 569 255 617 tor.
285 558 405 620 Missam
427 559 619 624 Narbonense
649 564 866 623 invocationem
896 562 973 620 banc
1003 558 1151 618 retinuit:

194 639 383 711 Descendat,
411 660 589 719 qrioasamoa
612 644 755 710 Domine,
779 643 913 722 Spiritus
935 641 1065 702 Sanctus
1081 649 1153 700 toas

194 741 282 801 saper
304 725 356 781 boc
378 721 506 792 ditare,
535 727 588 804 qni
609 727 680 784 baec
701 743 829 784 manera
850 736 918 785 tuac
940 720 1098 803 Maiestati
1120 741 1153 778 o-

194 803 277 864 blata
291 803 498 872 benedicendo,
524 819 550 867 ot
566 805 778 886 sanctificando
791 805 967 885 sanctificet,
992 814 1017 862 at
1033 821 1153 864 samen-

195 888 271 945 tiam
295 885 386 946 cordo
409 885 571 963 dignanter
596 887 744 946 emundet.
778 889 831 947 Per
854 885 1028 945 Dominam.
1058 886 1097 945 Et
1120 883 1150 943 in

193 965 306 1026 Missaii
329 966 517 1028 Mozarabico
545 988 664 1046 semper
691 971 804 1028 dictum
828 977 895 1026 est:
934 968 1008 1028 Veni
1042 963 1151 1028 Sancte

195 1045 327 1125 Spiritus
343 1049 565 1128 sanctificator.
584 1050 649 1110 Mos
665 1050 822 1112 invocandi
841 1049 985 1126 Spiritum
1003 1047 1149 1108 Sanctum

193 1131 230 1190 ad
253 1129 495 1194 sanctificandam
519 1134 701 1193 oblationem
725 1132 780 1192 tuit
801 1131 1028 1207 antiquissimus
1044 1131 1073 1188 in
1090 1125 1150 1189 Ec-

193 1211 283 1271 clesia
301 1211 452 1279 Africana,
478 1220 510 1274 nt
524 1220 640 1274 constat
654 1232 690 1273 ax
707 1213 815 1274 Sancto
830 1211 999 1289 Fuigentio.
1016 1209 1150 1273 Veteres

193 1309 298 1352 omnes
321 1299 383 1352 turn
406 1291 551 1360 Graecae,
576 1302 640 1356 tum
660 1295 783 1356 Latinae
800 1293 952 1354 Ecciesiae
975 1292 1144 1371 Liturgiae,

194 1373 224 1432 in
247 1375 388 1434 eumdem
413 1377 536 1436 modum
560 1377 735 1453 ioqtruutur.
763 1377 892 1454 Spiritus
913 1376 1041 1436 Sanctus
1064 1376 1149 1434 invo-

193 1459 301 1525 catur,
325 1465 358 1517 ut
378 1456 564 1518 Sacrificium
588 1459 766 1529 benedicat,
791 1460 905 1518 scilicet
927 1463 960 1517 nt
981 1456 1148 1518 oblationes

191 1537 371 1606 sanctificet,
396 1555 468 1599 suae
486 1542 697 1614 omnipotentis
719 1543 834 1616 gratiae
855 1539 1001 1598 effusione
1024 1539 1147 1598 easdem

192 1619 366 1680 immutans.
391 1617 506 1680 Cotitnr
523 1627 555 1681 ut
568 1622 779 1697 Omnipotens,
803 1639 873 1680 cum
897 1620 926 1680 id
943 1638 999 1679 non
1016 1621 1147 1680 obtineri

193 1719 250 1760 non
274 1702 393 1764 aliunde
417 1721 507 1778 quam
530 1723 567 1763 ex
590 1706 805 1779 omnipotentia
827 1703 930 1779 possit,
954 1720 1032 1778 quae
1048 1719 1145 1780 aeque

191 1780 316 1860 Spiritui
338 1784 469 1853 Sancto,
493 1804 527 1844 ac
552 1783 652 1854 Patri,
676 1793 708 1845 et
729 1784 804 1844 Filio
826 1782 977 1845 convenit.
1084 1837 1088 1842 .

234 1863 273 1924 ll.
292 1865 438 1926 Sacerdos
451 1865 563 1942 junctis
579 1869 716 1927 manibus
734 1861 921 1945 progreditur
937 1865 973 1924 ad
991 1861 1145 1940 Epistulae

192 1946 282 2009 latus,
307 1954 341 2008 ut
363 1966 469 2008 manus
491 1949 589 2019 iavet,
612 1950 648 2008 ad
672 1950 769 2010 toenm
794 1948 919 2009 scilicet.
945 1947 973 2004 in
989 1965 1050 2022 quo
1067 1964 1146 2022 aqua

192 2035 355 2098 servatur,
384 2037 415 2090 et
437 2031 487 2090 ubi
510 2031 580 2090 oiim
605 2032 757 2090 lavacrum
779 2034 867 2100 erat,
895 2028 952 2088 boc
974 2033 1020 2086 est
1041 2045 1146 2087 exsca-

191 2115 280 2168 ratus
303 2109 375 2186 lapis
396 2113 433 2170 ad
457 2113 642 2172 retinendam
665 2130 802 2187 aquam,
825 2117 856 2171 et
877 2109 1071 2170 emittendam
1094 2126 1144 2169 ae·

191 2191 377 2252 comodatus.
396 2191 548 2253 Romanus
563 2193 647 2254 Ordo
663 2193 705 2254 Vl
722 2211 788 2270 pag.
805 2190 847 2251 ‘ib
863 2199 945 2251 notat
959 2188 1143 2268 Episcopum

135 2300 138 2306 ·
192 2271 310 2342 sedere,
335 2279 364 2335 ct
379 2275 544 2352 Acoiytbos
567 2276 642 2335 duos
664 2273 749 2334 flexis
764 2275 888 2350 genibus
901 2278 1055 2332 extentum
1074 2289 1146 2346 pan·

193 2371 264 2411 num
288 2354 399 2414 tineam
422 2357 459 2415 ad
482 2354 547 2432 ejus
569 2359 717 2433 gremium
742 2363 866 2422 tenero,
892 2373 928 2415 ne
949 2372 1027 2429 aqua
1049 2351 1143 2414 Casu-

193 2433 252 2492 lam
277 2445 427 2513 aspergat,
453 2439 646 2514 mediumque
665 2438 856 2517 ,acontium
878 2436 970 2496 atium
993 2433 1078 2494 flexis
1100 2435 1147 2495 iti·

189 2515 257 2575 dem
281 2518 406 2590 genibus
428 2537 536 2594 aetram
559 2519 726 2580 effundere.
755 2520 877 2579 Abtutio
901 2517 976 2578 baec
998 2534 1056 2573 non
1079 2516 1172 2588 sine,

190 2599 336 2674 mysterio
359 2600 477 2660 inducta
501 2600 567 2664 tuit,
592 2599 714 2662 Abtntio
735 2602 805 2660 baec
828 2600 924 2675 iniquit
946 2598 1061 2658 Auctor
1088 2595 1144 2658 Ec-

189 2680 367 2740 clesiasticus
391 2680 589 2742 Hicrarobiee
611 2679 684 2758 Cap.
708 2681 749 2742 73
771 2701 831 2740 non
853 2681 918 2742 idco
938 2679 993 2760 pr,
1021 2689 1054 2739 at
1077 2698 1143 2739 cor·

185 2759 270 2835 poris
289 2753 390 2822 bordes
413 2764 572 2832 tollantur,
596 2783 673 2842 quac
690 2766 758 2844 jam
780 2764 912 2824 sublatae
932 2768 1013 2826 sant,
1036 2758 1087 2819 sed
1108 2771 1142 2822 ut

184 2841 291 2920 potam
311 2841 388 2920 fiat,
413 2845 550 2904 animum
572 2862 592 2903 a
612 2845 763 2904 lenissima
785 2863 902 2923 quoquo
925 2842 1046 2902 inarato
1065 2860 1141 2920 par«

188 2921 322 2998 pandam
344 2943 423 2996 ecse5
444 2925 574 3004 adroqoa
596 2925 740 2988 Sacerdos
762 2940 929 2987 extremam
950 2927 1047 3002 ipsam
1063 2922 1141 2999 dipi-

186 3010 287 3062 torom
306 3018 441 3081 partam,
466 3027 530 3066 oon
547 3011 666 3068 omnino
687 3026 795 3068 manos
817 3009 910 3067 taret.
935 3002 1061 3065 Sanctus
1082 3000 1140 3084 cp-

188 3083 275 3146 rittns
297 3084 592 3166 Hierosolymitanus
617 3089 771 3152 Catacbcri
786 3087 986 3166 Mystepopica
1000 3085 1078 3146 banc
1093 3102 1143 3145 ra-

188 3165 299 3226 tionem
322 3168 422 3228 affert:
448 3168 566 3247 Aquam
580 3187 600 3228 a
619 3171 751 3230 Dicendo
771 3169 901 3228 attotam
918 3167 1052 3235 uidistis,
1077 3184 1140 3246 pao

189 3242 333 3308 Sacerdos
344 3253 397 3328 qai
411 3248 503 3331 officio
517 3251 711 3328 tangebatur,
721 3262 748 3312 et
766 3247 940 3310 Sacerdotes
955 3247 1142 3328 coeteriqai

186 3325 290 3388 Atrorn
312 3332 427 3391 circum
450 3333 589 3395 stabant,
613 3333 791 3393 sibimenias
812 3333 990 3399 antonine·
1010 3327 1083 3388 idne
1098 3326 1140 3388 ad

186 3412 320 3487 corporis
341 3412 527 3473 munditiam
549 3413 660 3491 sectum
691 3415 817 3494 patetis.
843 3409 970 3472 Minimo
998 3429 1086 3482 vero,·
1107 3418 1140 3470 ot

186 3489 256 3548 baec
278 3508 422 3554 manuum
446 3495 559 3554 abi-otio
581 3496 663 3555 nobis
685 3497 787 3556 innuit
809 3502 953 3574 oportere,
978 3501 1012 3552 at
1034 3491 1138 3552 nesab

187 3571 270 3628 omni
286 3581 408 3649 peceato
426 3593 521 3653 paror
544 3577 754 3647 arbitrariam·
776 3595 845 3636 cem
866 3575 946 3644 enim
955 3592 1014 3654 per
1029 3591 1137 3634 manas
