2517 4059
563 215 786 285 ussilim-

201 355 280 414 nitus
301 358 386 412 extra
409 367 497 410 usum
515 356 570 417 est;
594 347 673 424 quod
691 346 830 407 ultimum
854 346 975 414 indicat,
999 364 1067 407 eam
1083 347 1157 406 Sae-

199 435 267 496 culo
290 431 335 493 xt
358 431 387 489 ln
410 429 544 490 Ecclesia
566 428 856 504 Gratianopolitana,
881 429 960 488 unde
976 428 1055 487 idem
1072 425 1159 487 Ordo

198 511 318 576 blissale
340 514 465 590 accepit,
490 512 616 570 necdum
641 510 732 570 luisse
754 511 934 571 adhibitam.
958 509 1038 570 Olim
1061 508 1155 570 Galli·

199 614 272 658 caua
289 592 422 654 Ecclesia
440 611 496 652 non
512 593 659 653 olierebat
674 589 846 669 disjunctim
865 610 972 669 panem
988 597 1020 651 et
1034 593 1154 656 vinum,

197 680 248 740 sed
272 686 435 752 utrumque
457 676 544 734 simul
567 674 603 732 ad
619 673 802 734 Orationem.
820 672 940 754 Suscipc
954 673 1067 735 Sancta
1088 670 1158 731 Tri-

199 763 288 828 rn'tcs,
312 759 390 834 qrrod
407 759 496 817 etiarn
521 773 598 815 nunc
621 755 699 831 apud
716 753 840 816 Fratres
859 754 1098 823 Praedicatores,
1122 759 1157 815 et

198 840 374 903 Carmelitas
397 840 523 898 obtinet.
552 835 728 896 Hodiernus
757 842 859 898 tamen
889 839 963 898 ritus
985 837 1158 913 antiquissi-

197 941 267 984 mus
289 929 345 989 est,
370 928 403 981 ut
418 939 455 980 ex
471 920 604 995 Liturgia
622 919 819 980 Ambrosiaua
837 926 928 996 patet.
952 917 1083 992 Quidam
1100 920 1155 978 de-

200 1007 290 1081 nique
311 1003 496 1072 existimant,
521 1001 599 1060 hanc
615 999 790 1061 Orationem
814 999 978 1078 antiquitus
994 1019 1012 1059 a
1028 1001 1154 1077 populo,

199 1105 268 1148 cum
294 1101 400 1161 panem
424 1083 660 1142 consecrandum
684 1081 831 1154 offerret,
855 1084 1011 1142 recitatam
1036 1080 1155 1150 luisse3

198 1175 230 1229 et
252 1168 308 1226 hoc
332 1183 415 1225 more
445 1166 561 1224 subiato
592 1162 785 1224 Sacerdotem
815 1183 881 1224 eam
906 1165 1027 1224 nomine
1051 1163 1157 1239 populi

198 1251 312 1308 dicere.
338 1248 370 1307 ln
393 1246 497 1306 eadem
513 1244 658 1306 Oratione
682 1249 794 1306 mentio
809 1246 845 1306 iit
857 1247 895 1306 de
910 1246 1071 1312 Passionc,
1096 1244 1157 1304 tte-

197 1331 408 1397 surrectione,
433 1335 463 1388 et
485 1327 668 1387 Asceusione
682 1329 750 1388 lesu
766 1328 901 1398 Christi,
926 1332 960 1387 ut
976 1329 1071 1387 totum
1089 1326 1157 1405 ejus

198 1413 387 1490 exprimatur
409 1407 608 1470 Sacrificium.
632 1408 727 1469 Porro
743 1409 948 1470 in'Sacrificiis
962 1409 1093 1470 Iudaicis
1108 1410 1156 1468 vi·

198 1495 289 1554 clima
311 1493 500 1570 eligebatur3
525 1491 733 1561 offerebatur3
757 1490 984 1552 sacrificabatur
1007 1490 1156 1568 sanguine

197 1577 312 1637 circum
336 1574 440 1634 hilare
462 1589 585 1650 sparso;
611 1573 843 1644 incendebatur,
867 1581 901 1634 ut
922 1573 1066 1650 quidquid
1088 1572 1156 1632 uitii

197 1658 224 1718 ei
248 1659 377 1720 inesset,
412 1655 647 1724 absumeretur3
682 1674 716 1715 ac
738 1656 861 1716 demum
883 1654 1012 1732 populus
1035 1660 1155 1732 partem

196 1740 336 1799 victimae
360 1737 547 1797 comedebat.
572 1736 610 1796 lit
631 1737 662 1794 in
684 1737 765 1816 Lege
784 1735 869 1796 Nova
891 1737 920 1795 in
944 1735 1154 1798 incarnatione

194 1820 347 1887 Victima,
370 1819 447 1879 idest
469 1819 599 1878 humana
622 1817 735 1878 Christi
759 1825 886 1886 natura,
909 1819 1028 1880 electa:
1050 1821 1081 1879 in
1095 1815 1155 1878 Na·

195 1902 311 1962 tivitate
334 1902 451 1970 oblata3
478 1903 505 1960 in
528 1897 637 1961 Cruce.
661 1901 756 1962 eiiuso
778 1902 942 1979 sanguine,
967 1899 1149 1970 sacrificata3

193 1986 222 2043 in
244 1982 497 2052 Resurrectione,
528 1982 609 2041 onuri
633 1983 885 2062 corruptibilitate
909 1982 1049 2052 sublata,
1080 2000 1153 2043 con-

193 2071 312 2141 sumpta
337 2067 365 2122 in
387 2063 569 2124 Asoeusione
592 2065 715 2125 victima
738 2065 896 2143 absumpta
917 2066 947 2123 in
969 2061 1108 2131 Coelum.
1131 2083 1150 2124 a

94 2149 98 2156 '
193 2147 258 2206 lleo
279 2152 415 2222 suscepta
438 2151 484 2205 est
506 2145 533 2202 in
560 2146 683 2206 odorem
706 2147 873 2212 suavitatis,
890 2152 921 2206 et
941 2146 977 2205 ad
993 2147 1152 2207 dexteram

193 2225 248 2286 Dei
264 2227 420 2289 collocata.
435 2225 563 2286 llemum
587 2229 820 2288 communicavit
842 2227 969 2304 populus
993 2229 1149 2298 victimae,

193 2308 380 2385 aliquatenus
402 2310 466 2384 ipso
488 2308 678 2369 Pentecostes
700 2311 756 2369 die.
782 2308 866 2370 Ttrnc
883 2309 961 2368 euim
979 2308 1045 2370 lesu
1061 2308 1151 2371 Chri-

192 2391 228 2450 sti
251 2389 394 2464 Discipuli
423 2390 601 2464 incorporati
634 2397 704 2451 suut
724 2390 869 2458 Christo,
894 2390 963 2450 iacti
989 2392 1152 2468 participes

192 2471 270 2532 illius
293 2471 440 2548 Spiritus,
465 2469 645 2548 Christoque
668 2472 872 2532 adhaeserunt
901 2473 985 2532 velut
1012 2474 1151 2533 membra

192 2554 298 2630 capiti,
324 2561 357 2614 ut
377 2554 489 2613 centies
511 2553 598 2613 docet
622 2554 783 2631 Apostolus
805 2554 834 2612 iu
857 2554 919 2613 suis
935 2550 1086 2629 Epistolis.
1112 2551 1155 2614 Ut

192 2635 304 2696 isthaec
335 2635 434 2694 omnia
465 2633 583 2693 facilius
605 2635 840 2696 obversarentur
861 2635 983 2700 animo,
1010 2637 1039 2694 in
1065 2637 1149 2696 huuc

192 2716 314 2775 modum
329 2719 399 2776 olim
416 2721 560 2793 concepta
576 2722 641 2776 erat
657 2718 806 2794 plerisque
824 2716 851 2774 in
865 2713 1031 2780 Galliarum
1043 2715 1149 2778 Eccle-

191 2797 242 2854 siis
264 2815 354 2876 quam
379 2815 455 2857 nunc
474 2796 655 2872 explicamus
676 2800 854 2858 orationem:
874 2794 1006 2878 Suscipe,
1024 2798 1147 2867 Sancto,

195 2867 347 2947 Triniius,
371 2879 446 2937 bone
464 2879 648 2942 oblationem,
673 2899 763 2960 quom
786 2879 838 2940 tibi
859 2876 1010 2958 offerimus
1034 2882 1067 2939 ob
1089 2901 1149 2939 me-

189 2963 320 3020 moriam
342 2960 590 3028 incarnationis,
614 2958 815 3024 Natiuitatis,
840 2957 1008 3029 Passionis,
1034 2961 1148 3024 nesor-

190 3043 348 3106 rcctionis,
380 3041 560 3101 rlsccnsionis
593 3041 660 3102 lesu
685 3041 800 3104 Christi
825 3039 951 3102 Domini
975 3045 1097 3107 nostri,
1123 3055 1149 3104 ct

189 3121 332 3183 adventus
355 3121 487 3203 Spiritus
505 3119 610 3183 Sancti
624 3131 684 3187 etc.
703 3123 801 3183 Etiam
824 3123 956 3183 Ecclesia
979 3121 1096 3183 Graeca
1119 3126 1148 3185 in

189 3205 246 3264 bac
260 3203 402 3264 Oratione
425 3203 690 3272 incarnationem,
714 3199 921 3267 Nativitatem.
945 3201 1145 3273 Passionem,

187 3285 462 3353 Resurrectionem,
482 3285 713 3356 discensionem,
731 3292 763 3346 et
773 3285 901 3362 Spiritus
918 3286 1017 3350 Sancti
1039 3289 1148 3348 adren-

188 3373 252 3426 tum
281 3373 451 3437 mcmorat3
486 3365 620 3426 Romana
644 3385 716 3428 vero
739 3363 873 3427 Ecclesia
910 3369 1006 3428 solum
1031 3366 1147 3430 Passio·

187 3465 267 3517 nem,
293 3445 569 3520 Resurrectionem,
593 3455 624 3509 et
645 3447 870 3519 Asceutionem3
895 3449 973 3524 qtrod
997 3451 1025 3508 in
1049 3451 1147 3514 tribus

188 3529 270 3587 hisce
292 3527 466 3606 Mysteriis,
491 3537 552 3588 tam
570 3529 748 3602 immolatio,
773 3548 863 3607 quam
885 3532 1074 3610 consumptio
1092 3531 1145 3590 Vi-

188 3608 296 3668 ctimae
312 3609 425 3686 optime
440 3615 695 3687 repraesentetur.
