2517 4059
10 3 18 365 t

10 1467 12 1508 t

10 1509 16 1826 t

451 219 676 292 *5⁸83st

91 354 210 412 stitutae
233 355 311 418 sunt,
336 347 457 424 quando
472 365 588 417 omnes,
611 348 659 409 vei
677 349 822 425 plerique,
846 351 897 426 qui
915 349 1041 413 aderant

87 430 252 500 Sacrificio,
277 429 547 490 communicabant.
564 429 711 503 Quamvis
727 438 828 491 aetem
843 449 910 492 mos
926 433 975 493 itte
989 433 1042 492 de·

91 517 195 584 sterit,
221 510 293 571 nihii
316 518 417 572 tameo
433 513 461 572 in
477 511 670 572 Orationibus
692 513 966 583 immutatumestr
988 515 1042 575 sed

88 600 154 662 ideo
177 599 314 656 retentae
335 599 424 660 sunt,
448 599 481 654 ut
502 595 632 654 sciamus
654 594 725 670 qnid
747 593 818 653 otim
841 593 954 655 iactum
978 596 1039 662 sit,

85 688 118 744 et
141 695 182 742 ex
204 677 268 753 ipso
291 675 495 751 precationum
521 681 623 736 tenore
646 676 683 734 ad
706 677 865 753 pristinum
890 676 1042 738 terrorem

90 764 268 825 excitemur.
292 755 474 834 Huiusmodi
497 755 693 827 Orationem,
722 756 963 820 Benedictionem
988 775 1043 818 rn-

88 851 156 906 eant
178 837 331 908 Rubenius,
355 843 386 899 et
407 837 596 900 Watairidue
618 838 735 900 Strabo.
758 837 861 918 Hujus
881 846 983 901 autem
998 839 1043 899 O-

87 925 212 989 rationis
233 919 415 980 conclusioni
436 935 452 978 a
477 921 596 996 poputo,
622 922 727 988 Amen,
751 919 820 981 oiim
845 923 1043 999 respondeba-

89 1019 148 1071 tur.
175 1002 255 1062 Num
278 1016 352 1062 vero
375 1000 445 1061 olim
470 1016 527 1060 una
551 1007 668 1063 tentum
690 1000 796 1062 Oratio
817 1009 884 1079 post
899 1005 1042 1066 Commu-

88 1090 209 1150 nionem
232 1083 393 1153 diceretur,
419 1099 475 1142 nen
491 1086 538 1142 est
553 1082 628 1144 adeo
644 1084 845 1160 exploratum.
869 1083 923 1146 Est
937 1092 970 1145 et
983 1085 1042 1146 atia

87 1168 204 1232 Oratio,
229 1182 306 1242 quae
328 1165 437 1225 dicitnr
458 1181 549 1240 super
573 1165 731 1242 poputum,
755 1184 845 1243 quarn
869 1167 1043 1228 Amaiarins

87 1253 153 1312 Lib.
178 1246 224 1312 111
245 1245 318 1322 Cap.
336 1246 376 1305 37
397 1245 536 1304 ultimam
559 1246 797 1308 benedictionem
820 1255 919 1317 vocat,
943 1256 974 1310 et
988 1265 1043 1326 pn·

88 1336 239 1395 tissimum
264 1330 291 1386 in
313 1326 549 1405 Ouedrageeima
564 1326 785 1405 frequentatur,
810 1329 940 1390 Diacono
956 1347 1061 1408 prae-.

87 1418 207 1480 cineute
229 1408 395 1470 Humiiiete
417 1409 518 1488 capite
537 1420 638 1470 nestro
660 1399 733 1468 Dee.
757 1408 881 1470 Certum
903 1419 950 1473 est
974 1429 1043 1472 eam

86 1498 145 1558 dici
170 1491 375 1568 antiquissimo
391 1489 462 1558 ritu,
488 1507 558 1550 nam
577 1491 607 1549 in
624 1491 863 1552 Sacramentario
884 1492 1044 1553 Getasiano

85 1583 182 1640 extet.
206 1573 334 1648 Quidam
359 1577 465 1647 putant
486 1589 552 1633 eam
574 1570 749 1634 Orationem
771 1575 880 1633 dictam
904 1575 997 1635 inisse
1011 1575 1042 1633 in

85 1661 216 1738 gretiam
238 1671 343 1716 eornm
367 1655 418 1730 qui
442 1673 497 1714 non
520 1656 805 1740 communicabant,
831 1673 866 1716 ac
881 1661 1043 1734 propterea

85 1742 240 1803 omittitur
261 1736 289 1796 in
311 1735 488 1802 Dominica,
517 1737 587 1813 quia
610 1737 661 1796 tati
683 1737 732 1796 ete
755 1737 883 1815 populus
905 1755 1044 1798 commu·

86 1822 239 1912 nicabatg
258 1817 399 1877 videlicet
420 1834 490 1876 oum
514 1820 642 1896 populus
662 1817 733 1878 olim
757 1820 879 1897 singuiis
904 1819 1042 1894 Quadra·

86 1905 220 1984 gesimae
243 1898 347 1962 diebus
369 1899 616 1966 communicaret,
641 1898 818 1976 frigescente
836 1901 958 1977 pietate,
983 1919 1042 1962 non

85 1982 323 2047 communicavit
337 1981 392 2040 nisi
408 1981 436 2038 in
453 1977 626 2046 Dominicis,
651 1983 717 2041 aliis
733 1989 835 2042 autem
849 1982 955 2044 diebus
971 1999 1043 2060 sup·
1113 2007 1116 2012 ·

85 2062 344 2146 plebatAEceiesia
366 2079 420 2139 per
442 2063 626 2138 peculiarem
648 2061 837 2134 Orationem,
862 2067 899 2125 ab
922 2067 982 2142 ipsa
1000 2065 1042 2125 ia·

87 2155 167 2210 ctam
197 2163 287 2223 super
309 2143 451 2220 poputum
480 2161 537 2203 non
560 2147 845 2206 communicantem.
876 2146 935 2207 Atii
962 2149 1042 2208 banc

85 2231 245 2290 recitatam
269 2227 361 2287 inisse
383 2225 554 2287 existimant
576 2245 630 2303 pro
646 2230 877 2300 poenitentibus.
902 2228 1044 2290 Microio·

89 2329 146 2390 gos
167 2308 238 2387 Cap.
263 2306 301 2368 51
326 2305 360 2365 cte
383 2307 602 2368 Ecclesiastico}
631 2307 901 2371 observationibus:
920 2309 1042 2370 Oretic-

87 2409 167 2458 nem‚
191 2391 296 2467 inquit,
319 2405 409 2466 super
426 2390 571 2468 poputum
586 2388 881 2469 in·Qecdrepesime
902 2391 970 2451 iiico
984 2391 1047 2468 sre-

90 2481 286 2554 quictamus,
316 2471 388 2548 quio
411 2489 478 2528 cem
500 2473 646 2556 mojorem
669 2473 840 2552 conflictum
865 2475 900 2532 in
916 2475 1047 2553 jejuniis

10 2555 11 2560 ’
90 2554 317 2614 iterationibus
338 2561 442 2610 contre
463 2553 636 2630 spirituales
651 2554 800 2630 nequitias
814 2555 968 2623 sumimus,
993 2573 1045 2614 ec·

89 2637 220 2696 cessario
241 2653 293 2696 eoa
315 2633 478 2694 instantius
492 2631 555 2692 Deo
569 2633 777 2694 commendare
793 2634 939 2696 debemus.
960 2634 1046 2696 quta

10 2739 11 2764 t
89 2717 249 2780 nonnullos
272 2715 440 2792 Scriptores
465 2712 634 2794 Liturgicos
654 2713 760 2776 Oratio
788 2717 865 2776 haec
886 2731 959 2778 vera
985 2717 1045 2778 tuit

89 2797 355 2866 Postcommunio,
385 2799 416 2856 et
437 2800 520 2856 certe
543 2797 797 2874 quemadmodum
828 2818 884 2859 non
907 2817 968 2859 una
989 2799 1043 2860 sed

89 2881 192 2957 piures
213 2877 561 2942 Collectaenieehantur
584 2883 653 2939 ante
673 2877 848 2941 Lectionem
870 2878 1040 2959 Epistotac,

90 2964 122 3022 et
143 2978 234 3037 super
255 2960 383 3029 Oblata,
414 2960 455 3018 ita
478 2957 591 3021 multae
622 2961 798 3022 dicebantur
826 2960 986 3022 Orationes
1011 2963 1043 3022 in

90 3044 254 3122 gratiarnm
271 3043 420 3103 actionem
436 3045 578 3116 acceptae
592 3039 829 3102 communionis:
850 3043 887 3101 ad
904 3041 1045 3104 ultimam
1104 3089 1107 3092 .

91 3128 193 3186 autem
215 3141 328 3186 earum
343 3123 508 3203 jubebatur
530 3123 659 3202 populus
681 3123 842 3185 humiliare
868 3125 967 3200 capita
989 3142 1045 3187 sna

89 3204 167 3275 Deo,
183 3213 225 3267 ‘nt
243 3205 305 3284 jam
327 3205 390 3284 jam
414 3205 608 3267 dimittendus
630 3205 771 3266 orationis
787 3205 938 3267 terrorem
955 3214 986 3269 et
1002 3201 1045 3266 in·

90 3287 231 3354 stantiam
258 3293 392 3365 angeret.
421 3285 520 3347 Atiam
548 3287 696 3347 rationem
722 3287 809 3349 affert
829 3285 983 3348 Honorius
1012 3291 1044 3349 in

93 3366 217 3432 Gemma
234 3368 353 3429 animae
368 3365 439 3443 Cep.
457 3367 497 3427 ot
519 3368 630 3444 dicens:
658 3365 813 3430 Stetutem
836 3377 886 3439 est,
909 3377 945 3428 ct
956 3371 1047 3449 pertis

87 3460 156 3528 poet
176 3451 297 3510 Missam
322 3448 561 3518 benediceretur,
593 3459 620 3510 et
639 3452 749 3529 popule
765 3457 825 3532 pio
841 3451 1046 3512 ·berreiiictinee

95 3531 320 3594 Commeeionia
337 3531 524 3611 partiretur:
545 3531 595 3591 aed
617 3535 691 3611 quie
712 3534 765 3592 troc
784 3534 819 3592 in
837 3530 1045 3612 'Quodrcpcsi

92 3631 142 3674 me
162 3612 232 3693 fieri
252 3614 415 3680 concitauit
432 3622 559 3693 propter
575 3614 739 3694 jejunieot,
767 3613 941 3676 Orationem
959 3633 1047 3694 cuper

531 3721 539 3738 ι
863 3714 877 3742 ⁴
