2517 4059
607 227 667 288 ἢ)
688 216 829 288 1ι3ῐιω·

242 345 398 417 Basilicae,
422 347 450 406 in
465 344 693 408 Consecratioua
715 364 818 411 sacrae
839 345 970 424 Virginis
993 332 1182 425 variisquea-

243 428 290 489 liis
312 428 539 489 occasionibus:
567 428 712 489 lormulas
738 430 868 507 singulas
897 431 960 506 ipso
982 437 1120 492 recenset
1138 430 1183 490 de-

243 517 395 588 promptas
411 528 448 570 ex
463 511 667 572 vetustissimo
682 509 772 570 Libro
787 511 1052 573 sacramentorum
1062 510 1184 592 Reginae

242 591 377 654 Sueciae.
395 592 473 653 Dum
489 591 636 654 Sacerdos
649 593 728 654 hanc
742 590 918 654 Orationem
932 594 1015 666 dicit,
1035 599 1115 655 tenet
1128 613 1184 654 ma·

242 693 299 735 nus
319 682 457 737 extensas
479 692 570 752 super
591 673 728 736 Hostiam
751 682 782 735 el
802 674 954 744 Calicem,
978 677 1076 737 donec
1091 676 1127 742 ad
1140 677 1185 737 illa

241 757 333 818 verba
357 758 528 836 pervenerit
545 774 603 836 per
621 756 774 819 Christum
788 757 951 817 Dominam
965 769 1115 826 nostrum,
1138 759 1183 832 ulai

240 857 346 902 manus
366 838 472 917 jungit.
497 839 649 915 Rupertus
671 837 737 897 Lib.
757 837 785 899 ll
807 838 899 906 dicit,
924 858 1031 900 manus
1053 840 1183 916 expandi,

240 926 275 981 ut
298 923 521 998 intelligamus,
552 921 627 982 haec
650 921 794 999 Myslaria
817 939 874 980 nou
896 921 991 982 solum
1017 922 1183 983 hominihus

241 1005 291 1064 sed
308 1007 397 1064 etiam
414 1001 536 1080 Angelis
552 1005 622 1082 tegi.
645 1003 773 1063 loannes
794 1002 939 1062 Serranus
961 1005 1013 1073 ait,
1039 1005 1184 1082 perillam

240 1103 383 1146 manuum
406 1084 617 1161 expansionem
642 1074 763 1145 indica‘ri
784 1081 924 1144 Divinam
948 1089 1182 1162 protectionem,

239 1186 292 1228 seu
321 1167 482 1227 efficaciam
507 1169 646 1242 gratiae,
678 1183 755 1242 quae
781 1167 810 1224 in
832 1164 976 1227 Oratione
1002 1170 1181 1244 postulatur.

239 1249 354 1327 Pouget
375 1249 514 1308 observat
537 1251 629 1309 moris
650 1246 742 1308 luisse
765 1249 792 1306 in
815 1246 894 1325 Lege
916 1247 1032 1320 Veteri,
1051 1256 1085 1310 ut
1100 1267 1185 1325 super

238 1333 390 1391 victimam
414 1330 584 1406 imponemr
607 1347 732 1396 manus,
756 1336 787 1390 et
809 1329 867 1388 hoc
890 1330 1033 1394 indicium
1058 1329 1183 1392 eralSa·

238 1413 392 1472 cerdotem
413 1409 551 1488 conjungi
574 1430 644 1472 cum
666 1413 805 1476 victima,
829 1417 950 1472 etcum
972 1432 1009 1474 ea
1033 1413 1099 1474 Deo
1121 1429 1184 1471 con·

236 1495 360 1555 secrari.
384 1490 486 1570 liujus
507 1494 544 1554 ad
569 1497 644 1554 ritus
665 1495 861 1554 imitationem
885 1495 914 1553 in
937 1493 1021 1555 Nova
1045 1495 1128 1573 Lege
1141 1493 1182 1554 Sa-

236 1577 340 1638 cerdos
363 1574 495 1634 lecturus
515 1575 641 1655 jamjam
670 1577 827 1654 mysticam
855 1577 1094 1638 immolationem
1118 1576 1183 1639 Cor·

236 1659 318 1738 poris
340 1655 450 1717 Christi
480 1665 541 1716 tam
562 1677 639 1726 suo,
668 1675 758 1732 quam
781 1659 882 1735 populi
908 1659 997 1719 simul
1024 1660 1183 1720 offerentes

236 1741 378 1804 nomine,
403 1739 485 1814 pouit
507 1758 613 1800 manus
636 1757 727 1814 super
748 1740 848 1800 oblata
870 1741 898 1798 in
921 1740 1037 1817 Corpus
1063 1746 1096 1802 et
1118 1739 1182 1800 Sau-

236 1824 356 1902 guiuem
372 1818 482 1880 Christi
500 1841 569 1881 mox
585 1822 796 1881 convertenda.
821 1819 924 1899 quue
938 1824 997 1882 ritu
1014 1825 1110 1885 offert
1124 1823 1182 1882 Deo

236 1924 289 1967 se.
313 1903 519 1982 populumque
542 1903 745 1989 Christianum
762 1921 830 1964 cum
846 1901 966 1964 Christo
984 1906 1107 1967 iamiam
1123 1921 1181 1981 my-

134 2039 137 2045 .
235 1989 308 2047 stice
331 1984 532 2057 immoland03
564 1991 596 2046 ul
617 1985 682 2064 ejus
704 1986 814 2045 virtute
836 1984 980 2045 Sacrificii
1003 1988 1180 2068 impetrata

234 2069 298 2130 Deo
321 2068 525 2128 remissionem
549 2074 767 2145 peccatorum,
790 2069 869 2128 ritae
885 2072 1051 2144 praesentis
1069 2083 1177 2147 pacem,

236 2158 266 2211 et
286 2143 433 2210 aeternae
450 2151 587 2227 gloriam.
614 2149 700 2222 Quae
722 2149 843 2226 quidem
865 2152 965 2210 omnia
991 2169 1026 2212 ea
1051 2151 1179 2212 oratione

235 2250 327 2309 quam
349 2233 451 2308 positis
473 2250 563 2309 super
578 2231 686 2292 Oblata
709 2232 846 2291 manibus
862 2235 987 2303 recitat,
1010 2236 1178 2311 exprimun-

235 2319 307 2374 tur.
332 2319 365 2373 ut
387 2318 467 2388 patet
490 2332 527 2374 ex
550 2313 674 2390 singulis
695 2311 789 2390 hujus
810 2315 952 2375 orationis
973 2307 1102 2387 verbis?

276 2394 316 2456 ll.
341 2394 409 2454 Scio
432 2395 515 2472 plura
531 2413 548 2453 a
563 2394 799 2455 Protestantibus
821 2396 912 2474 olljici
927 2397 1074 2458 adversus
1094 2397 1176 2457 hanc,

235 2479 369 2554 aliasque
392 2474 538 2554 ejusmodi
561 2478 712 2553 piissimas
734 2473 817 2536 Sacri
840 2477 951 2538 Missae
968 2476 1098 2540 Canonis
1118 2490 1177 2555 pre·

235 2561 384 2638 cationum
411 2559 576 2630 lormulas3
612 2564 644 2618 at
664 2558 783 2624 iutilia,
816 2560 1036 2638 stramineaque
1064 2561 1176 2620 illorum

131 2693 136 2708 ,
235 2648 413 2719 argumenta
435 2641 560 2700 viriliter
576 2640 692 2701 diluunt
707 2639 868 2701 doctissimi
884 2642 1049 2720 Theologi‚
1076 2641 1177 2702 adeoul

235 2725 383 2783 dictorum
405 2722 639 2783 Protestantium
660 2721 792 2781 nonnulli
815 2741 852 2782 ex
875 2725 938 2801 ipsa
954 2727 997 2786 rei
1021 2721 1175 2785 evidentia,

235 2823 270 2865 ac
291 2802 374 2864 Fidei
391 2802 561 2865 Catholicae
584 2805 712 2865 veritate
735 2802 791 2863 hac
807 2805 836 2864 iu
852 2810 937 2882 parte
960 2809 1086 2866 convicti
1103 2804 1177 2867 ultro

234 2887 322 2948 lateri
343 2887 489 2963 compulsi
512 2884 624 2946 luerint
642 2884 836 2957 Lutherum,
870 2895 901 2949 et
921 2888 1077 2950 Calvinum
1101 2890 1127 2946 in
1148 2899 1175 2941 a·

234 2970 386 3046 hrogando
410 2966 617 3031 Eucharistiae
639 2964 791 3028 Sacrificio
819 2969 928 3030 nedum
958 2971 1127 3031 immaniter
1149 2967 1176 3022 ei

235 3052 327 3126 impie
358 3051 522 3118 delirasse,
557 3067 665 3110 verum
693 3051 782 3107 etiam
810 3053 1010 3114 sanctissimas
1039 3049 1175 3112 formulas

234 3132 412 3210 Liturgicas‚
436 3133 545 3210 quibus
567 3133 681 3192 dictum
704 3129 889 3194 Sacrificium
907 3132 969 3196 Deo
984 3135 1120 3203 offertur,
1142 3127 1175 3189 ab

236 3214 292 3274 illis
314 3216 443 3292 pessima
465 3233 481 3275 e
504 3216 565 3276 suis
588 3214 722 3274 coetibus
745 3217 948 3292 proscriptas,
972 3217 1001 3275 in
1024 3233 1111 3276 usum
1133 3228 1174 3272 re·

233 3297 381 3358 vocandas
403 3314 485 3364 esse,
510 3302 541 3356 et
555 3297 635 3357 hunc
651 3311 805 3354 summum
820 3295 939 3359 divinae
961 3297 1110 3376 majestati
1125 3295 1173 3354 ho

235 3397 339 3438 norem
361 3378 461 3438 debite
484 3378 671 3439 reddendum
694 3375 779 3443 lore,
810 3378 959 3441 affirmare
986 3399 1042 3440 uon
1065 3379 1172 3440 dubila-

233 3461 342 3519 verint.
371 3457 411 3518 Hi
434 3466 502 3519 sunt
523 3459 669 3520 Ernestus
695 3457 825 3525 Grabbe,
850 3462 877 3522 in
904 3462 1019 3524 irenaei
1047 3457 1110 3520 iit.
1133 3452 1175 3517 ll'

234 3539 376 3599 odoarsnr
398 3541 527 3601 haereses
548 3541 619 3619 Cap.
649 3540 699 3609 17;
722 3539 854 3601 Thomas
879 3545 983 3614 Brett,
1007 3550 1039 3606 et
1061 3533 1172 3603 Samuel

234 3617 331 3696 labb,
356 3620 465 3701 aliique
489 3623 600 3683 similes
620 3621 801 3699 ,anglicanae
823 3623 1025 3690 heterodorae
1046 3637 1170 3688 commu-
