2517 4059
120 295 317 359 Menardum.
343 295 489 357 Sacerdos
503 315 571 358 eam
587 301 694 360 recitat
707 305 846 368 secret03
869 306 915 361 eat
929 299 1010 360 enim
1025 316 1081 376 pro

120 381 191 456 ipso
214 377 374 456 peculiaris
396 376 513 449 Oratim
537 397 666 456 eamque
687 381 761 448 dicit
783 380 952 451 inclinatus,
978 386 1012 441 ut
1032 398 1081 457 ae·

118 467 307 536 onomast,
334 460 520 520 adAltare·
545 460 1080 540 siquidemadSanctissimamTri·

120 543 250 602 nitatem
273 543 385 618 dirigit.
414 539 574 604 Profitatur
598 541 646 602 1.⁰
666 543 812 605 Sacerdos
833 561 865 604 se
888 561 962 606 suae
982 545 1078 604 servi·

118 625 198 684 tutis
222 641 257 683 ao
284 623 480 702 subjectionis
507 624 657 702 singulare
684 627 837 702 specimen
866 625 1077 686 Sacrosanctae

119 702 260 766 Trinitati
282 705 427 768 exhibere
449 707 592 769 vobaisse.
617 705 667 765 2⁰
689 707 723 768 ln
746 726 782 768 ea
804 714 881 777 orat,
906 713 939 768 ut
960 703 1076 767 sacrit-

7 783 8 788 ’
118 787 229 856 cium,
260 789 340 884 quod
362 786 490 857 obtulit,
522 789 560 847 sit
582 805 640 846 non
662 788 760 848 solum
786 788 844 848 sibi
866 787 1076 864 propitiabile,

116 868 175 929 sed
199 871 320 932 etiam'
312 871 348 930 ris
369 870 524 936 omnibus,
543 886 597 947 pro
618 869 726 945 quibus
749 869 821 928 illud
836 868 955 930 obtulit.
978 867 1081 930 Etiam

118 952 153 1010 in
178 950 293 1030 Lilurg'
286 970 312 1012 ra
333 951 542 1030 Chrysostomi
571 949 719 1014 Sacerdos
747 955 815 1010 orat
840 967 893 1034 pro
915 951 1077 1020 omnibus,

118 1049 179 1109 pro
201 1033 310 1109 quibus
333 1032 405 1093 illud
428 1031 535 1091 obtulit
549 1030 747 1092 Sacrificium.
772 1019 919 1093 Absoluta
933 1032 1076 1095 Oratione

120 1113 241 1176 Placeat
263 1115 317 1174 tibi
338 1114 449 1176 Βαιιιιι
475 1109 620 1182 Trinitas,
645 1113 798 1174 osculatur
820 1111 936 1185 hilare,
960 1116 1079 1192 erigens

118 1207 179 1263 se,
203 1199 302 1259 elevat
323 1197 360 1256 ad
382 1194 508 1268 Caelum
530 1194 656 1261 oculos,
681 1200 713 1256 et
734 1211 862 1269 manus,
886 1203 1079 1272 qnasexten-

121 1277 188 1346 dit,
214 1287 244 1340 et
265 1278 382 1353 iungit,
407 1279 558 1353 caputque
578 1273 667 1336 Cruci
690 1274 860 1344 inclinans,
878 1278 950 1337 dicit
972 1268 1079 1338 intelli·

116 1359 202 1438 gibili
224 1379 301 1422 voce
315 1357 478 1420 Badcdicat
492 1375 543 1418 uos
562 1355 754 1436 Omnipotens
776 1359 877 1426 Deus,
902 1377 996 1420 unum
1011 1367 1077 1421 tan·

121 1447 190 1502 tum
213 1443 274 1503 edit
293 1441 398 1503 Crucis
419 1441 538 1517 signum
560 1439 597 1500 ad
619 1438 843 1518 significandam
866 1439 978 1502 Christi
1000 1439 1079 1504 Cius

122 1539 201 1585 cem.
225 1523 475 1585 Benedictionem
491 1522 569 1582 bane
592 1521 732 1581 omittit
724 1537 754 1578 ιιι
775 1519 874 1580 Missis
891 1540 947 1600 pro
962 1520 1077 1583 Desun-

119 1606 202 1676 olis3
227 1605 395 1667 benedictio
418 1603 529 1680 qnippe
551 1595 774 1663 solemnitatem
795 1602 909 1674 habet,
938 1608 971 1666 ut
992 1607 1075 1664 notat

122 1683 284 1758 liprandus
306 1685 372 1746 Lib.
397 1682 439 1744 lV
460 1681 534 1761 Cap.
555 1683 619 1756 51,
643 1685 725 1745 nulla
747 1690 848 1744 autern
871 1690 923 1744 ιιι
937 1683 1084 1745 solemni«
1126 1698 1143 1759 j

120 1769 222 1830 tatis
215 1787 243 1829 ιι
266 1769 364 1834 Missis
385 1749 614 1828 Deiunclorum.
641 1765 675 1826 ln
696 1765 849 1826 celeribus
870 1763 1077 1828 sacramenta·-

121 1851 198 1918 riis‚
222 1851 252 1910 in
273 1851 383 1928 quibus
404 1845 598 1924 Episcopatus
621 1845 849 1908 benedictiones
871 1847 947 1908 bene
963 1848 1077 1909 multae

121 1937 210 2001 sunt,
233 1949 288 2010 pro
309 1929 409 1991 Missis
431 1928 468 1990 de
491 1920 671 2006 Repetam
654 1945 696 1988 ne
713 1945 771 1990 una
786 1927 906 2005 quidem
928 1929 1075 1990 occurrit.

121 2011 364 2074 Nihilominus
356 2029 385 2070 m
408 2007 543 2072 Dioecesi
566 2007 790 2069 Clarimontii'
782 2028 812 2070 iu
838 2011 976 2072 omuibus
1001 2010 1079 2072 indi·

120 2094 326 2156 scrimanatim
354 2092 454 2155 Missis
476 2091 650 2151 Benedictio
679 2091 843 2162 tribuitur;
872 2094 935 2152 et
928 2111 957 2151 rn
984 2093 1076 2152 variis

120 2176 252 2252 antiquis
264 2173 434 2235 Missalibus
449 2174 554 2233 aderat
567 2172 740 2234 benedictio
755 2173 986 2250 peculiarispro
998 2185 1077 2234 mor·-

6 2291 7 2296 κ
117 2258 203 2328 tuis,
232 2261 263 2317 et
285 2273 318 2316 re
341 2255 463 2333 quidem
491 2271 565 2314 vera
588 2255 616 2312 iu
639 2255 751 2316 Missali
778 2253 917 2314 {lornano
939 2253 1076 2316 Venetiis

121 2339 270 2415 impresso
292 2355 341 2398 au.
368 2335 448 2397 1560
471 2337 546 2396 baec
575 2336 735 2412 leguntur:
763 2334 803 2395 In
824 2335 914 2397 Miasc
938 2355 995 2416 pro
1017 2336 1075 2400 Da·
1178 2392 1180 2396 .

6 2455 8 2476 r
121 2419 234 2500 functis
256 2418 399 2480 Sacerdos
420 2418 500 2477 dicct
522 2415 722 2495 Rapaicacaat
741 2417 777 2474 ιἰι
791 2417 876 2485 Ραιι,
892 2417 1001 2476 deinde
1023 2417 1074 2478 be.-

121 2496 234 2561 nedicit
249 2501 413 2596 populum,
436 2504 619 2576 quapropter
642 2499 791 2559 evincitur
806 2498 874 2576 talis
889 2498 1076 2558 Benedictio·

121 2582 168 2640 nis
185 2583 417 2659 suspensionem
446 2582 488 2640 uti
510 2581 652 2639 observat
679 2578 787 2640 Merati
815 2597 873 2639 uon
894 2579 987 2639 luisse
1010 2580 1075 2640 uni·

120 2663 278 2723 sersallter
302 2663 510 2729 introductam,
529 2662 583 2720 uisi
599 2667 666 2738 post
687 2657 814 2719 Romani
837 2661 965 2721 Missalis
991 2677 1075 2721 reco·
1090 2698 1099 2713 .

6 2751 8 2754 ’
121 2745 295 2840 guidonem,
313 2751 343 2804 et
359 2744 616 2806 reformationem.
630 2742 802 2802 Benedictio
824 2759 878 2801 seu
901 2760 954 2818 per
969 2740 1076 2803 Crucis

6 2853 7 2858 ¹
123 2827 220 2902 signa
218 2827 307 2892 tria,
332 2843 385 2892 seu
410 2842 463 2902 par
486 2841 579 2885 unum
602 2823 710 2883 collata
732 2822 842 2888 inerit,
866 2841 985 2900 semper
1007 2835 1074 2883 cunt

6 2963 7 2966 ,
118 2907 315 2968 ueneratione
336 2905 524 2983 suscipienda
540 2912 586 2966 est
599 2922 616 2964 e
631 2904 801 2965 Sacerdotis
818 2921 908 2963 manu
924 2906 975 2980 qui
990 2901 1077 2965 Chri-

121 2993 201 3050 stum
223 2987 388 3048 Dominum
411 2995 441 3048 et
460 2987 601 3063 sumpsit,
626 2991 658 3047 et
679 2986 813 3047 exbibet.
837 2983 969 3046 Missalia
990 2985 1074 3046 Pari·-

6 3095 7 3100 ’
121 3069 230 3130 siensia
251 3067 327 3129 XIV
351 3075 382 3130 et
402 3066 463 3128 XV
486 3067 617 3128 Saeculis
639 3069 751 3144 scripta
766 3111 774 3139 ,
788 3077 827 3142 ¹et
850 3085 941 3126 unum
964 3067 1075 3128 Bituri-

120 3165 209 3211 cansa
232 3166 281 3210 an.
300 3148 382 3210 alte
403 3150 622 3228 praescr-ibunt,
647 3152 727 3210 utin
743 3149 840 3208 danda
863 3148 1074 3210 benedictione

121 3230 218 3296 Calix‚
243 3249 296 3292 seu
320 3229 428 3292 Pateua
451 3249 542 3292 manu
567 3237 716 3293 teneatur.
739 3230 917 3292 Parisiensia
939 3230 1020 3291 edila
1034 3231 1073 3301 ab

6 3313 7 3316 ’
124 3329 175 3372 ιι.
196 3311 275 3372 leel
291 3313 327 3373 ad
346 3311 435 3374 1615
448 3313 590 3372 Palenam
613 3319 733 3373 tantum
742 3316 879 3389 ponunl;
903 3317 934 3370 et
950 3309 1085 3373 Missale.

120 3390 282 3454 Gothicum
305 3393 437 3454 Calicem
461 3395 566 3462 innuit,
585 3393 651 3453 aliis
672 3396 740 3455 usui
761 3398 827 3452 erat
848 3389 1023 3468 Corporale,
1042 3395 1075 3453 11

113 3475 225 3536 beuter
245 3475 384 3536 omnibus
406 3476 517 3552 aliquid
533 3473 755 3543 adhibentibus,
779 3474 856 3551 quod
872 3471 985 3536 Christi
999 3473 1073 3548 Cor-

122 3559 176 3634 'pus
197 3558 352 3672 tetigisset.
425 3599 426 3603 ,
1109 3601 1112 3604 ,
