2517 4059
468 184 610 298 *¹105
630 214 691 297 tte?

109 352 173 415 dit.
190 352 231 414 ΙΙ.
245 312 323 415 sem
340 338 571 415 bPreeludiurn
591 310 632 417 ll:
650 356 761 419 Cereus
779 357 889 433 'inquit
917 358 1064 438 sianifirot

104 435 289 507 Christum,
312 438 348 495 in
366 454 422 496 eoa
447 439 665 497 resurrect-ione
687 457 761 498 nona
783 441 925 499 claritate
945 440 1064 517 inlpen·
1125 442 1126 449 ’

100 527 175 577 tem.
208 516 267 577 Per
287 536 386 577 ceram
412 520 493 577 enim
515 520 579 598 ejas
608 539 701 587 caro,
728 538 784 597 per
812 522 913 580 lumen
941 532 1061 592 aotam,

102 598 199 679 ipsine
214 599 372 659 divinitae.
394 598 590 660 Benedicitur
604 612 703 661 antem
717 601 814 665 leodio.
839 602 879 661 ad
893 620 1066 680 repraesen-

51 691 55 695 ’
104 679 237 741 tandum
258 682 434 759 mysterium
454 682 550 759 ipsius
566 681 816 749 Resurrectionis,
843 686 986 761 qnoniam
1002 684 1065 744 oir-

103 772 166 823 tate
186 760 353 822 diuinitatis
374 760 728 843 amortuis'reeurpene„
746 780 855 825 nonum
883 767 984 825 lumen
1007 765 1065 825 ine·

97 843 244 903 'noceatis
258 845 336 903 oitoe
349 845 470 923 recepit.
498 843 652 907 Cantator
669 842 792 906 Eeultet
814 844 855 905 ad
871 846 1065 907 excitandam

102 925 249 1002 populum
265 924 306 982 ad
320 934 405 987 actae
418 922 535 1001 pandii,
553 936 579 985 et
595 928 714 989 amoris
730 944 801 1005 erpo
819 924 1059 1007 Redemptorem,

104 1006 360 1085 triumphatorem
381 1007 497 1075 martie,
521 1016 550 1067 et
565 1006 690 1075 Diaboli
697 1030 705 1078 ;
724 1020 755 1073 ⁴et
777 1006 818 1067 ad
841 1019 926 1067 actas
949 1010 1064 1087 pratia·

105 1095 178 1148 enm
189 1090 335 1153 aetionis,
350 1088 384 1146 ob
399 1091 562 1147 innumera
577 1090 725 1171 beneficio,
740 1108 815 1169 qnae
825 1090 911 1150 mobis
927 1097 1064 1151 extante

103 1168 249 1248 mysterio
261 1171 458 1245 protentum,
474 1169 551 1229 daut
573 1188 614 1231 eca-
625 1166 874 1248 ipsis'Praeronii
888 1172 981 1233 verbis
995 1188 1064 1229 con·

69 1288 72 1293 -
102 1259 177 1311 etat.
207 1247 318 1309 Tbaris
343 1250 629 1329 pronatipnificant
655 1263 808 1318 aromata,
836 1272 912 1331 puae
927 1254 1064 1313 mulieres

104 1340 254 1393 emeram,
278 1340 313 1390 nt
328 1341 474 1410 eriperent
494 1330 698 1412 Crucifixnm.
725 1331 864 1412 Quinque
879 1344 947 1394 sont
962 1351 1065 1393 nnme-
1182 1368 1185 1373 -

104 1426 153 1481 ro,
181 1414 216 1471 in
230 1413 404 1473 memoriam
430 1415 734 1491 quimoeptapamm
763 1414 886 1476 Clim'sti.
912 1414 950 1473 ln
968 1414 1063 1477 Cereo

103 1495 293 1575 inflectimur,-
313 1496 385 1572 quia
397 1497 503 1573 plcans
517 1496 551 1553 in
565 1511 620 1555 eno
638 1495 769 1575 Corpore
788 1499 897 1575 recepit
915 1491 1062 1566 Christos,

104 1576 140 1634 in
159 1577 250 1639 Cerea
263 1575 437 1655 fipnratas(
450 1576 585 1655 Denique
596 1580 633 1638 in
651 1576 756 1642 Crucis
771 1576 890 1654 modom
906 1576 1065 1657 disponan-
1106 1592 1114 1605 ·
1130 1646 1132 1651 .

102 1668 165 1725 tier,
179 1656 221 1716 ad
230 1656 463 1796 demigrandum
474 1658 708 1717 immolationem
724 1656 850 1730 Christi,
864 1658 898 1717 in
912 1677 967 1719 ara
985 1653 1065 1721 Cro·
1130 1708 1133 1713 i

105 1739 149 1800 eie
168 1741 293 1816 [actam.
339 1758 357 1798 e
378 1738 474 1799 Cerco
495 1740 686 1799 accendendo
707 1740 736 1799 in
759 1739 907 1817 Tempore
928 1738 1065 1800 Puscbali

99 1820 181 1881 nibil
205 1820 335 1889 liabetur
357 1822 435 1897 opud
458 1823 607 1898 antiquos,
633 1821 687 1881 nisi
710 1823 790 1898 quod
813 1838 850 1881 es
872 1820 984 1882 Ordine
1006 1819 1062 1902 Ro·

100 1909 209 1971 meno,
233 1907 265 1961 et
286 1902 453 1977 Micrologo
474 1900 606 1977 uanos
629 1903 657 1961 in
673 1900 795 1977 Oetaeis
817 1902 949 1962 Paeobie
966 1901 1063 1961 distri·

103 1982 156 2045 bui
179 1983 285 2044 solitus
307 1979 370 2046 tuit
383 1979 498 2056 Cereus
519 1982 705 2053 benedictus.
730 1983 820 2045 Sucro
843 1982 967 2059 Rituum
984 1980 1063 2043 Con·-

103 2066 240 2144 gre'gutio
262 2064 304 2140 ν19
319 2062 492 2145 Maii-1607
513 2057 781 2132 censuit,·sccendi
806 2064 917 2127 debere
939 2065 975 2125 ud
993 2064 1065 2124 blis-¹
1170 2110 1195 2159 '.

103 2164 164 2218 sss,
189 2153 221 2206 et
243 2145 395 2222 Vesperies
414 2145 569 2207 solemnes
585 2148 615 2207 in
634 2146 732 2206 triduo
755 2146 920 2217 Pescliutis,
945 2148 973 2205 in
989 2145 1064 2207 Sab-

104 2230 175 2288 beto
197 2228 228 2286 in
243 2226 340 2291 Albis,
363 2232 394 2288 et
416 2225 582 2288 Dominicis
604 2246 700 2304 usque
722 2229 757 2291 ad
782 2229 1007 2297 decensionem,
1032 2228 1061 2287 in

102 2306 366 2371 aliisservundom
383 2324 449 2368 esse
463 2308 710 2370 consuetudinem
727 2311 874 2371 locorum.
898 2307 981 2370 Ultra
999 2310 1062 2369 dies

103 2391 290 2467 descriptos,
314 2391 343 2449 in
365 2390 473 2465 quibus
491 2391 616 2460 ,accendi
640 2390 730 2450 debet
751 2390 863 2453 Cereus
885 2390 1062 2458 Pasebelis,

103 2475 206 2552 placet
219 2472 324 2542 etiam,
347 2467 536 2554 immojuxtei
559 2471 668 2533 tolerati
685 2473 807 2533 videtur
828 2474 969 2533 conviens
992 2487 1071 2531 usus·

103 2554 286 2616 accendendi
310 2554 424 2613 dictum
439 2553 569 2615 Coccum
594 2555 624 2613 in
639 2552 737 2613 Festis
758 2553 983 2631 Apostolorum,
1007 2551 1064 2611 Pu·

104 2637 197 2707 moni,
221 2651 256 2694 nc
271 2634 425 2701 Titularis‚
448 2642 481 2696 et
495 2636 697 2695 Dedicetionis
714 2636 878 2707 Ecclesiae,
901 2642 932 2695 et
954 2636 982 2695 in
997 2652 1064 2696 om·

103 2719 192 2780 nibus
213 2715 310 2777 Festis
325 2715 504 2777 Sanctorum
527 2717 564 2777 de
585 2722 768 2795 praeceptos
791 2718 886 2778 immo
900 2724 932 2779 et
953 2720 982 2777 in
998 2717 1063 2778 die·

102 2800 161 2860 bus
175 2796 274 2859 Festis
289 2797 467 2859 Sanctorum
484 2816 541 2858 non
563 2798 601 2859 de
615 2804 789 2875 praecepto,
813 2800 864 2861 sed
887 2799 1063 2861 solemniter

104 2884 134 2943 in
150 2878 253 2941 Chora
276 2879 445 2939 celebratis.
470 2880 545 2941 ltem
569 2882 597 2939 in
621 2879 721 2939 Missis
744 2878 861 2941 Votivis
880 2880 1065 2941 solemnibus

103 2980 161 3044 pro
175 2980 209 3022 re
230 2962 314 3039 gravi
338 2962 501 3021 dummodo
523 2979 580 3020 non
596 2962 778 3023 adhibeatur
800 2963 881 3021 color
897 2960 1061 3020 violaceus.

59 3091 62 3095 Δ
145 3041 202 3103 vt.
227 3043 311 3103 Cerei
327 3042 479 3103 Puscbalis
494 3043 732 3103 benedictionem
756 3049 923 3119 sequuntur
946 3040 1065 3101 Lectio·

104 3143 157 3187 nos
179 3125 217 3185 ad
241 3121 536 3188 Cutecltumenorum
559 3124 787 3185 instructionem
810 3125 879 3183 olim
897 3124 1061 3191 recitatae,
1088 3190 1090 3195 ,

103 3224 183 3284 quse
217 3212 318 3265 tumen
340 3207 504 3282 antiquitus
531 3207 728 3282 praecessisse
750 3204 901 3265 videntur.
937 3204 969 3264 ld
992 3219 1063 3263 sane
1138 3262 1140 3268 ,

101 3293 240 3350 emolere
253 3286 362 3347 innuit·
374 3286 514 3363 antiquus
528 3284 611 3347 Ordo
626 3288 779 3347 Roinenns
792 3286 830 3346 nd
847 3304 935 3348 usum
951 3282 1065 3347 Corbu·

101 3369 195 3449 jensis
217 3368 391 3437 Monesterii
413 3373 483 3428 unte
504 3385 597 3428 annos
617 3366 687 3429 800,
701 3368 922 3430 accomodatus.
947 3368 991 3427 De
1008 3364 1065 3426 Le·

103 3454 239 3513 cinnum
263 3466 390 3510 numero
412 3451 451 3508 ita
476 3450 580 3510 scribit
600 3448 726 3509 loannes
747 3450 893 3511 Belethus
914 3449 943 3507 in
960 3446 1064 3527 Expli-

104 3535 220 3595 catione
244 3531 426 3611 Divinarum
445 3527 618 3612 officioram
638 3528 713 3607 Cep.
732 3528 816 3590 106:
844 3528 974 3591 Tandem
994 3546 1064 3591 oero

105 3615 350 3696 niaintipoatoor
370 3613 404 3671 in
425 3610 604 3692 quibasdam
624 3610 765 3673 Ecclesiis
789 3614 930 3690 iepnntnr
950 3611 1064 3672 Lectio·
