2517 4059
589 211 650 271 aas>
671 200 813 269 3826&-

226 330 364 389 Azorius.
388 329 503 389 Auctor
522 326 696 395 Tractatum.
719 328 766 389 vel
789 329 985 393 Caelestinus,
1011 329 1052 389 uti
1075 330 1169 389 Berua
1226 343 1231 351 ·

227 410 262 469 ile
288 410 394 493 Officiis
416 408 545 480 Missae,
569 412 617 472 vel
638 411 791 478 Gelasius,
815 410 858 470 nti
880 408 1032 487 Rupertus
1053 411 1118 471 Lib.
1142 414 1170 475 ll

225 492 260 551 eie
283 494 401 555 Divinis
427 491 535 575 Officiis
557 492 630 571 Cap.
653 493 715 561 21,
739 495 786 553 vel
810 491 1022 569 Telesphorus,
1044 496 1088 553 uti
1111 494 1170 555 Du-

226 576 336 637 randus
360 576 423 634 Lib.
449 574 491 633 tv
513 574 586 652 Cep.
609 574 648 633 at
672 580 798 653 putant,
825 576 870 634 vel
893 574 924 633 hi
947 592 1053 635 omnes
1075 576 1168 652 perle-

225 675 311 728 cerc,
336 661 377 717 uti
400 654 550 717 Garnntus
572 658 739 717 authumat.
762 657 790 715 Α
812 655 1038 733 septuagesima
1059 660 1096 718 ad
1120 656 1170 718 Pa·

225 742 296 801 seba
320 742 416 799 locum
433 739 525 797 babet
538 736 675 806 Tractus,
692 742 761 815 quia
777 743 846 798 tunc
863 745 990 797 mortem
1015 740 1098 801 iuxta
1112 738 1169 800 Ru-

223 831 341 902 pertum
365 821 429 880 Lib.
448 820 475 879 V
498 816 569 898 Cap.
586 820 635 890 13,
659 839 735 897 quae
758 822 878 880 intravit
899 820 928 879 iu
952 822 1097 882 mundum
1119 841 1168 899 per

224 906 365 964 iuvidiam
387 902 507 968 diaboli,
526 903 677 979 lugemus,
694 902 742 963 vel
757 903 909 961 miseriam
932 904 1010 962 ritae
1033 922 1169 979 praesen-

226 988 263 1048 tis
285 986 327 1047 uti
350 1003 387 1047 ex
404 984 581 1045 Innocentio
602 983 646 1043 lll
669 984 735 1044 Lib.
759 983 787 1044 Il
808 981 880 1062 Cap.
905 982 955 1043 32.
983 982 1109 1046 Tractus
1129 986 1165 1045 ei-

224 1070 347 1129 cebatur
377 1066 414 1125 ab
442 1085 501 1126 uno
523 1067 586 1126 solo
607 1064 735 1128 Caulone
758 1073 860 1135 totus,
889 1068 940 1141 qui
961 1066 1070 1127 Cantor
1093 1070 1165 1130 alius

223 1156 290 1211 erat
310 1168 328 1209 a
349 1148 478 1209 Centore
500 1149 688 1225 Responsorii
710 1148 857 1209 Gradalis.
881 1148 991 1208 Prosae
1013 1149 1094 1219 illae,
1118 1169 1168 1211 seu

221 1231 402 1311 Rythmicae
426 1230 663 1299 modulationes,
687 1249 764 1307 qnae
786 1232 884 1291 rarius
905 1230 935 1287 in
957 1228 1093 1291 Romana
1114 1230 1166 1293 Ec·

222 1314 322 1379 alesia,
340 1315 367 1371 in
384 1312 449 1370 aliis
464 1312 642 1389 quibusdam
664 1313 849 1389 frequentius
871 1317 938 1388 post
953 1312 1082 1393 atteteje
1103 1332 1169 1375 can·

223 1401 334 1464 tantur,
356 1391 530 1472 Sequentiae
552 1395 650 1455 dictae
671 1402 752 1456 sunt.
775 1394 820 1454 lle
842 1389 1025 1455 Auctoribus
1039 1397 1166 1474 Sequen-

221 1479 335 1537 tiararn
357 1476 464 1535 dilluse
487 1480 594 1536 tractat
609 1476 814 1553 Schultiugius
827 1474 946 1535 Tomul
967 1476 1075 1553 pag.2
1095 1476 1166 1555 Cap.

224 1557 243 1617 6
264 1564 294 1619 et
314 1560 334 1618 7
356 1556 554 1617 Bibliothecae
585 1556 829 1625 Ecclesiasticus,
864 1557 953 1618 etde
975 1559 1101 1635 singulis
1120 1560 1166 1638 ju·

223 1640 333 1702 dicium
357 1659 445 1700 suum
468 1641 591 1714 profert,
616 1642 667 1700 sed
689 1659 746 1699 non
768 1659 888 1717 semper
910 1645 1070 1701 exactum:
1095 1641 1168 1702 mul·

222 1727 268 1781 tas
290 1722 368 1781 euim
392 1739 550 1798 perperam
578 1723 683 1783 tribuit
707 1721 821 1783 Sanctis
842 1720 1033 1783 Pontificibus
1054 1720 1168 1785 Gelasio

224 1809 255 1864 et
269 1802 414 1882 Gregorio
435 1804 560 1880 aliisque
576 1803 725 1873 Patribus,
743 1823 817 1880 quas
838 1806 933 1883 stylus
955 1806 1065 1865 evincit
1086 1822 1104 1864 a
1125 1823 1168 1866 rc

224 1887 406 1947 cautioribus
428 1886 536 1962 scripta
554 1904 629 1947 esse.
645 1885 818 1946 Communis
838 1894 938 1947 autem
960 1888 1106 1947 sententia
1127 1893 1170 1949 est

223 1969 355 2045 primum
379 1984 484 2027 earum
501 1968 665 2028 Auctorem
687 1969 779 2029 luisse
792 1967 955 2045 Notgerum
974 1968 1122 2030 Abbatem
1137 1969 1167 2031 S.

223 2048 313 2117 Galli,
337 2051 387 2126 qui
409 2067 515 2109 earum
537 2051 679 2111 volumen
696 2050 858 2111 Lituvardo
874 2050 1082 2111 Vercellarum
1102 2052 1171 2129 Epi·

224 2148 316 2207 scopo
338 2132 455 2194 obtulit,
472 2136 507 2191 ut
520 2130 729 2193 Eccherardus
743 2132 887 2193 Monacus
901 2136 931 2192 in
946 2134 1015 2194 Vita
1036 2132 1170 2212 ejusdem

222 2212 342 2288 Notgeri
365 2213 467 2271 scribit
488 2210 619 2291 Capiti
641 2219 673 2274 et
693 2214 884 2291 sequentibus
905 2216 983 2293 apud
998 2213 1172 2277 Goldastum

224 2293 311 2354 Tom.
328 2294 357 2355 ΙΙ
380 2293 494 2355 Rerum
510 2297 788 2357 alamannicarum.
812 2296 914 2358 Plures
935 2299 1024 2357 etiem
1046 2298 1173 2360 Saeculo

224 2375 285 2438 Xll
308 2378 511 2455 composuisse
544 2377 640 2439 fertur
662 2377 758 2438 Adam
791 2378 827 2439 de
859 2378 890 2439 S.
915 2378 1048 2439 Victore.
1070 2377 1174 2441 Crevit

224 2459 331 2520 deinde
353 2476 458 2519 earum
485 2478 640 2520 numerus.
657 2460 876 2538 lugdunenses
904 2464 1038 2539 proprias
1058 2462 1173 2524 babent

223 2542 252 2599 in
275 2541 398 2617 siugulis
421 2540 485 2600 lere
501 2540 609 2612 Missis,
629 2546 767 2621 propriae
792 2544 862 2604 item
885 2551 986 2605 extant
1008 2546 1036 2604 in
1058 2546 1174 2608 blissali

222 2620 400 2700 Norvegiae‚
425 2627 456 2683 et
476 2624 506 2681 in
521 2623 586 2683 aliis
608 2624 796 2685 diversarum
811 2624 1026 2698 Ecclesiarum,
1043 2644 1173 2703 quamm

221 2705 384 2764 maximam
410 2710 525 2781 partem
547 2705 822 2783 explicat-lodocus
836 2707 1023 2770 Clictoraeus
1044 2707 1111 2770 Lib.
1127 2708 1173 2769 lv

224 2787 271 2847 sui
286 2784 498 2847 Etaciclatorie'.
523 2786 555 2847 ln
579 2788 715 2866 pluribus
729 2789 901 2851 Missalibus
921 2796 985 2851 tum
1008 2795 1173 2852 manuscri-

224 2868 293 2943 ptis,
319 2874 383 2928 tum
407 2868 493 2929 editis
515 2868 662 2930 habentur
678 2869 853 2949 Sequentiae
875 2890 929 2950 pro
951 2872 1089 2933 omuibus
1110 2874 1172 2935 die·

225 2949 285 3009 bus-
302 2949 474 3020 Dominicis,
499 2957 529 3011 et
550 2952 631 3011 lestis
654 2969 707 3027 per
729 2970 851 3023 annum,
874 2956 1006 3031 exceptis
1027 2956 1172 3017 diebusa

225 3028 448 3110 Septuagesima
471 3050 565 3110 usque
596 3033 634 3093 ad
656 3031 780 3094 Pascha.
804 3035 845 3096 At
865 3036 894 3094 in
915 3034 1050 3097 Romana
1072 3035 1171 3099 Eccle-

224 3113 267 3172 sla
282 3120 411 3189 quatuor
424 3114 581 3176 dumtaxat
601 3116 714 3175 cantari
729 3117 834 3184 solent,
851 3115 1002 3179 Pascbalis
1016 3120 1169 3186 nimirum,

225 3211 302 3270 quae
335 3196 437 3273 incipit
463 3196 604 3257 Victimae
626 3195 790 3268 Paeeboli,
823 3198 908 3277 cujus
928 3206 1084 3263 auctorem
1106 3218 1170 3263 esse

223 3274 401 3351 Notgerum.
419 3276 550 3339 Herrera
564 3280 674 3339 asserit
687 3280 752 3341 Lib.
766 3279 794 3341 ll
810 3278 845 3342 de
860 3284 974 3362 ariciae
995 3294 1023 3343 et
1034 3302 1169 3365 propres-

223 3376 258 3417 sa
274 3360 389 3419 rituam
412 3357 519 3420 Missae
540 3358 612 3438 Cap.
631 3360 682 3421 ta.
698 3362 803 3423 Altera
823 3371 869 3424 est
889 3366 946 3426 diei
968 3364 1166 3431 Pentecosles

206 3478 209 3484 -
227 3438 300 3498 Veni
315 3439 418 3501 Sancte
435 3438 579 3520 Spiritus,
603 3460 681 3519 quae
695 3442 826 3505 llo'berto
841 3444 1006 3507 Galliarum
1018 3447 1098 3525 ‚Regi
1118 3448 1168 3508 nd·

224 3519 315 3579 scribi
334 3522 422 3588 solet,
445 3523 550 3583 licata
568 3524 716 3586 nonnullis
738 3526 888 3589 tribuatur
904 3528 1079 3591 Hermanno
1092 3528 1166 3593 Con·

226 3605 330 3660 tracto.
348 3601 455 3663 Tertia
480 3610 527 3665 est
549 3602 683 3668 Thomas
708 3606 882 3686 bequinstis
906 3630 961 3691 pro
987 3609 1075 3675 Festo
1096 3610 1166 3674 Cor·
