2517 4059
213 256 217 261 ,
387 142 402 240 s
515 180 814 253 mium.
879 213 915 245 -,
998 150 1051 234 ;Ι

99 328 102 334 ’
176 300 263 364 Hanc
279 278 459 385 ipsissimam
472 267 597 379 'precem
613 308 772 372 <exhibent
784 265 1140 378 Bremenium-Cardine·
1188 308 1190 313 '

175 382 218 445 lis'
234 384 395 461 Quignonii
410 427 418 455 ,
436 384 561 462 'otiaque
580 381 796 465 nauum-quae
809 388 988 465 ¹singiliatim
1012 404 1141 463 enumc÷
1225 442 1226 449 ,

174 484 333 542 raranon¹
350 473 449 527 vacat.
486 468 525 528 Et
542 469 620 531 hanc
637 468 765 548 'quidem
787 465 1133 548 opinionem'ptaouisse
1156 518 1159 521 ,

174 548 249 607 viris
271 549 520 622 praeclarissimis
541 551 631 613 Petro
652 553 791 620 Canusio,
816 559 848 612 ct
867 549 1017 625 Cardinati
1040 549 1143 608 Baro-·

176 630 225 689 nio
248 646 355 688 eorum
378 632 488 706 scrinia
511 628 621 709 cuique
645 635 798 695 notissima
821 633 984 693 dec'tarant.
1091 670 1097 679 ·

216 708 271 770 tv.
295 710 604 796 Mariagsanctissima
628 714 808 793 uirginitatis
830 721 934 775 votum
969 718 1133 787 antequam

175 792 390 852 lnoarnationis
414 796 555 855 nuncium
579 796 616 854 ab
639 797 755 873 Angeto
776 797 905 871 accepit,
930 812 1036 855 revera
1059 793 1138 853 enri-

174 874 223 934 sit.
248 870 428 951 Evangetico
454 876 594 940 historia,
619 884 736 944 votum,
760 878 798 937 de
820 895 880 953 qno
902 876 1091 943 disserimus,
1117 891 1136 933 a

169 973 214 1015 so·
229 957 372 1035 emissum
396 954 490 1018 inisse
514 958 591 1018 haud
615 959 902 1020 obscuroiudioat:
932 954 1036 1017 Patres
1058 972 1134 1015 vero

174 1037 363 1112 apertissime
396 1037 424 1094 id
449 1040 579 1106 tradunt.
609 1038 645 1099 ὓ.
670 1040 856 1103 Ambrosius·
884 1039 919 1097 ds
943 1036 1142 1099 Institutione
1184 1062 1188 1067 ·

176 1119 310 1195 Virginis
331 1116 403 1194 Cap.
422 1117 448 1177 V
471 1128 490 1193 u
511 1120 562 1179 35:
587 1117 722 1199 Egregia
746 1122 850 1197 inquit,
868 1118 976 1181 Mario
998 1136 1074 1198 quoe
1095 1118 1136 1177 si·

173 1218 266 1276 gnum
288 1217 393 1257 sacrae
407 1203 593 1279 uirginitatis
607 1204 728 1272 eontulit,
743 1214 769 1275 ot
790 1203 987 1262 immoratae
1007 1198 1136 1276 intecti-

122 1298 129 1309 ·
174 1281 242 1346 tati,
262 1282 349 1359 pium
376 1280 495 1342 Christo
514 1285 664 1364 ¹rossilione
688 1286 795 1345 creuit.
819 1281 1011 1342 Praeclarum
1025 1277 1134 1348 eadem

104 1397 108 1403 -
173 1362 265 1419 dere
298 1359 328 1421 S.
354 1361 511 1439 Augustini
535 1366 740 1426 testimonium
766 1360 893 1441 tegimus
925 1365 954 1421 in
977 1359 1065 1423 Libro
1097 1360 1154 1423 do„

114 1454 121 1467 ·
174 1441 288 1504 Sancto
314 1443 496 1520 Virginitote
518 1445 590 1523 Cap.
615 1445 670 1507 Ν.
710 1445 891 1522 Quomodo,
926 1446 1046 1520 inquit,
1080 1441 1133 1521 fist

173 1523 267 1591 istud,
284 1528 540 1599 quoniam.virum
558 1545 618 1587 non
630 1527 799 1606 cognosco?
826 1526 914 1603 Quod
926 1527 1059 1605 profecto
1074 1540 1136 1581 nou

173 1603 309 1671 diceros,
335 1606 396 1665 nisi
417 1608 477 1666 Deo
502 1609 657 1686 Virginem
679 1630 708 1670 so
730 1620 801 1689 outo
823 1609 956 1670 uouisset.
981 1605 1038 1667 Sed
1061 1605 1135 1683 quie

170 1688 222 1745 troc
243 1685 455 1747 israelitorum
476 1707 573 1747 moros
595 1690 693 1750 odius
717 1690 915 1757 recusabant,
951 1686 1131 1765 desponsata

175 1779 216 1828 ost
238 1771 303 1829 niro
321 1770 415 1847 justo.
442 1769 627 1850 Venerabilis
650 1772 731 1833 Beda
753 1773 780 1831 id
804 1772 904 1851 ipsum
927 1770 1045 1828 innuit:
1068 1772 1132 1827 ete-

174 1851 236 1908 nim
259 1854 482 1911 commentariis
505 1851 656 1911 ittustrans
674 1854 775 1925 ¹hirec,
800 1852 968 1927 dequibus
991 1851 1131 1925 agimus,

172 1929 288 1991 Mariae
311 1932 420 1991 verba:
445 1932 586 2011 quomodo
606 1934 657 2014 fiet
671 1934 763 2002 istud,
788 1934 931 2013 quonium
946 1932 1047 1993 airum
1070 1948 1132 2005 nou

173 2014 340 2089 cognosco?
356 2011 452 2073 'haec
468 2015 559 2074 tradit
581 2017 622 2074 ‘in
635 2002 680 2075 vI.¹
697 2014 795 2088 Lucos
819 2015 939 2094 Caput,
955 2014 1005 2071 -ad
1039 2010 1135 2071 verba
1241 2047 1244 2052 ·

172 2092 270 2154 haec:
295 2092 483 2174 Propositum
505 2113 577 2154 suae
599 2099 704 2157 mentis
726 2108 897 2169 reuerentes
919 2096 1070 2173 conposuit,
1087 2092 1134 2151 oi-

96 2243 100 2250 ·
161 2178 235 2233 'tom
257 2175 364 2235 'sciticot
384 2171 563 2252 virginatem
585 2178 733 2240 seducere
757 2177 929 2238 decreuisse.
958 2172 1145 2251 Quos-quia·

166 2255 273 2333 primo
294 2256 599 2333 seminarumtoutoo
622 2278 651 2318 so
673 2260 783 2320 uirtuti
802 2260 976 2336 mancipare
999 2254 1133 2324 curauit,

168 2338 240 2417 juro
263 2339 413 2415 singulari
422 2357 499 2418 pros
521 2340 627 2399 ceteris
646 2341 768 2419 [ominis
789 2342 927 2400 beatitate
947 2338 1059 2397 meruit
1081 2352 1135 2395 eso-

174 2420 290 2479 cottoro.
315 2419 401 2492 Quod
428 2422 465 2480 de
487 2419 566 2480 Beda
589 2422 673 2491 dixi,
708 2428 739 2484 tn
761 2424 800 2483 de
821 2421 1006 2481 Damascena
1028 2417 1132 2476 dicere

171 2505 279 2578 potes:
303 2501 379 2561 haec
404 2503 483 2561 enim
506 2502 596 2561 docet
615 2500 759 2566 Oratione
782 2504 807 2564 Ι.
831 2504 860 2562 in
884 2499 1070 2562 Dormitiouo
1091 2498 1128 2558 B.

171 2580 216 2641 M.
241 2581 280 2641 V.
300 2603 328 2643 n.
346 2584 377 2643 7:
401 2583 464 2645 Isto
485 2581 591 2643 Morio
612 2585 647 2641 ot
670 2604 832 2646 sermonem
855 2587 918 2664 ejus
939 2581 1061 2642 turbato
1075 2586 1127 2648 ost,
1193 2651 1197 2657 Ι

171 2672 206 2721 ut
230 2683 306 2741 quae
328 2684 396 2724 oum
419 2666 493 2726 uiris
515 2665 645 2743 cotioqui
666 2667 789 2726 minime
816 2670 1039 2730 consueuerat,
1063 2677 1132 2719 eam

171 2745 376 2823 uirginitatem
398 2747 500 2806 sedulo
515 2764 633 2806 servaro
648 2747 833 2809 instituisset.
851 2745 883 2806 S.
900 2742 1059 2804 Ansetmus
1070 2741 1131 2801 hac

170 2826 202 2885 in
226 2845 258 2886 re
281 2828 404 2899 minime
426 2830 521 2889 deest.
545 2825 664 2886 Etenim
688 2830 717 2889 in
739 2830 935 2889 meditatione
958 2824 1029 2895 lX,
1054 2839 1134 2899 quaa

172 2905 208 2964 de
233 2909 346 2971 carisii
366 2910 555 2970 humanitate
577 2909 763 2981 inscribitur,
789 2911 830 2970 sic
852 2908 1008 2971 Christum
1030 2906 1134 2982 ipsum

170 2988 348 3065 alloquitor:
366 2990 550 3052 Descendisti
564 3008 582 3049 u
598 2992 696 3066 reguli
706 2993 777 3054 sotio
791 2991 926 3052 sublimis
936 2989 1048 3067 gloriae
1059 2995 1132 3044 tuus

170 3071 206 3128 in
221 3072 360 3131 iumitoiu
376 3076 410 3134 in
425 3074 519 3133 oeulis
532 3070 595 3131 suis
604 3073 750 3150 puottom,
769 3075 872 3151 primo
888 3067 1048 3148 virginatis
1062 3084 1135 3125 oon·

171 3150 319 3213 tinentiae
340 3165 407 3215 uoto
428 3156 606 3233 sigillatam.
630 3149 687 3213 Sed
712 3157 826 3216 statius
846 3151 1018 3229 expressius
1039 3148 1135 3225 virgi·

128 3231 132 3241 '
172 3232 272 3293 nitatis
294 3239 400 3295 uotum
431 3254 449 3296 a
472 3235 646 3297 Beatissimo
669 3234 794 3315 Virgine
816 3236 911 3297 Maria
939 3233 1054 3291 editum
1077 3246 1133 3291 ou·

171 3315 231 3391 pis,
255 3334 307 3375 eos
328 3319 428 3377 statim
451 3317 559 3377 aiiero.
574 3314 726 3377 Arrrotdus
747 3319 866 3385 Abbas,
890 3318 924 3377 iu
945 3310 1135 3371 laudatione

172 3392 318 3467 Moriuo,·
338 3396 499 3458 Futbertus
521 3394 735 3468 casiniensis,
765 3400 905 3461 Sermone
927 3394 964 3455 11
983 3392 1018 3451 de
1040 3388 1131 3452 Nati·
1179 3452 1188 3469 .

172 3477 264 3537 uitato
285 3477 396 3538 Bootae
410 3478 529 3540 Mariae
551 3474 708 3554 Virginis:
732 3480 827 3541 Adam
853 3475 1133 3539 Prasmonstraten·

171 3556 223 3629 sis,
247 3560 282 3618 ia
308 3560 449 3622 &renone
470 3558 548 3621 xit
570 3575 668 3628 num.;
691 3560 855 3640 Rupertus,
873 3560 909 3622 ds
935 3552 1134 3636 Virginitate-
