2517 4059
566 215 628 277 asu
651 201 794 274 tedam

203 323 293 394 licem
317 333 384 394 lieri
409 333 519 392 debent
541 333 577 393 ad
600 335 694 395 verba
717 343 758 394 est
779 332 1012 395 vitiosorum·
1032 335 1184 415 onms‘po

202 417 281 476 tenti
302 417 335 473 in
358 419 478 475 unitate
500 415 635 495 Spiritus
650 417 764 478 Sancti.
788 415 926 491 Denique
948 417 1182 492 posseteliam

206 497 265 556 diei
289 499 457 574 praedictas
490 497 563 557 duas
584 497 696 560 Cruces
724 505 811 558 extra
831 495 963 559 Calicem
993 497 1181 573 significare

104 600 112 618 .
205 578 282 638 duas
304 585 428 640 naturas
450 578 562 639 Christi
584 579 727 649 Domini,
750 579 924 648 Humanam
946 586 978 639 et
998 578 1178 639 Divinam:

204 659 239 720 lo
262 679 391 740 quarum
416 663 514 738 prima
542 663 689 737 passionis
710 663 830 721 dolores
858 663 1030 736 persensit;
1066 663 1097 719 iu
1121 678 1182 720 se·

204 743 300 803 sunda
318 758 402 810 vero,
417 743 554 818 quamvis
577 745 721 819 passionis
736 743 857 803 dolores
878 760 936 801 non
952 743 1082 803 senserit
1096 760 1173 818 pro

203 831 273 904 pter
295 843 380 884 suam
404 825 593 884 essentialem
617 825 857 896 beatitudinem
884 823 1033 884 Passionis
1061 831 1176 884 tamen

205 905 357 984 injurias,
382 911 416 967 ut
443 908 484 965 ait
508 905 635 982 vigilius
657 905 819 982 Tapsensis
840 907 904 966 Lib.
923 905 950 966 ll
972 911 1079 966 contra
1101 903 1174 967 Eu-

206 988 372 1067 tychetem‚
391 986 566 1065 etiamejns
578 987 724 1048 Divinitas
739 987 880 1066 pertulit3
903 987 1076 1047 Passionem
1090 1005 1179 1048 vero

206 1071 270 1130 sola
292 1071 360 1148 ejus
382 1087 454 1129 earo
478 1069 637 1148 persensit.
662 1070 906 1130 Dum·dienotur
929 1087 964 1128 ea
985 1069 1079 1129 rerba
1101 1087 1172 1128 om-

203 1155 254 1212 nis
276 1151 370 1210 donor
399 1162 425 1212 et
453 1152 553 1230 ptorto
574 1151 659 1212 Calin
687 1157 719 1210 et
738 1149 844 1212 Hostia
873 1151 938 1212 tolli
966 1153 1102 1215 debent,
1137 1158 1171 1210 et

205 1233 318 1295 elevari
342 1235 377 1292 ad
401 1233 591 1294 altitudinem
614 1239 744 1308 quatuor
766 1232 958 1311 digitorum,
981 1240 1015 1294 ut
1034 1239 1170 1294 monent

206 1315 370 1392 Sacrorum
403 1316 518 1374 rituum
541 1313 722 1391 Scriptores.
753 1313 787 1373 lu
816 1315 996 1391 quibusdam
1020 1313 1171 1376 Ecclesiis

206 1397 244 1458 ad
268 1395 344 1455 hano
367 1397 565 1457 elevationem
589 1397 726 1474 pulsatur
747 1399 936 1474 campanula.
959 1394 1044 1456 llaeo
1066 1395 1172 1457 eleva-

206 1480 248 1539 tio
270 1479 416 1538 veluslior
439 1483 483 1536 est
505 1479 566 1546 illa,
590 1483 669 1554 quad
690 1475 725 1537 fit
745 1482 905 1554 separatim
929 1484 995 1556 post
1010 1495 1170 1538 conseera-

206 1561 331 1622 tionem.
357 1563 434 1619 Ante
450 1557 609 1618 Saeculum
626 1557 687 1620 Xll
709 1559 746 1618 ad
768 1560 844 1620 haee
867 1560 929 1620 sola
952 1562 1045 1621 verba
1067 1560 1171 1620 omnis

205 1643 300 1703 donor
322 1650 348 1701 et
370 1642 467 1719 ptoria
495 1639 587 1702 fiebat
613 1642 754 1703 elevatio.
779 1641 824 1702 lle
851 1643 908 1702 ista
929 1645 1043 1703 mentio
1072 1641 1107 1702 fit
1135 1643 1168 1700 in

204 1723 349 1802 Litorgiis
372 1722 498 1790 Basilii,
522 1728 554 1782 et
573 1720 793 1802 Chrysostomi.
818 1722 1019 1802 Perspieimus
1041 1725 1170 1800 iusuper

206 1824 244 1868 ex
267 1805 411 1864 Romanis
426 1802 589 1866 Ordinibus
611 1804 626 1865 l
648 1801 677 1866 ll
698 1808 729 1865 et
750 1802 815 1870 ΙΙΙ,
840 1823 909 1865 eum
925 1804 1060 1866 Pontifex
1083 1804 1168 1866 dioe-

177 1891 269 1949 ‘rett
295 1887 354 1948 Par
369 1903 455 1964 qoem
478 1895 505 1946 et
529 1905 596 1946 oum
617 1886 701 1962 ipso5
723 1901 776 1962 per
793 1886 1048 1949 Arohidlaeonum
1071 1885 1166 1948 luisse

205 1969 359 2030 elevatum
376 1965 518 2035 Calicem,
543 1985 577 2027 ao
590 1965 678 2046 juxta
693 1965 867 2028 Pontificem
883 1970 1061 2030 exaltatum.
1077 1968 1165 2029 Idem

207 2052 304 2113 rolant
324 2049 510 2126 Micrologus
531 2045 604 2128 Cap.
630 2048 693 2118 15,
717 2049 769 2126 qui
791 2050 904 2110 nullam
925 2052 963 2110 de
985 2051 1085 2128 prima
1106 2051 1167 2112 ele·

205 2135 326 2194 vatione
351 2131 449 2210 (idest
471 2131 572 2190 statim
595 2134 663 2208 post
684 2131 959 2211 consecrationem)
980 2134 1166 2194 mentionem

206 2215 287 2276 iacit.
313 2213 400 2273 Ritus
429 2213 506 2271 hane
533 2212 732 2274 elevationem
754 2212 882 2274 leniendi
906 2216 984 2275 bene
1006 2214 1170 2274 coneordat

207 2313 277 2358 eum
299 2296 401 2356 verbis
426 2295 522 2353 omnis
536 2295 630 2354 donor
651 2295 817 2372 optarim
839 2296 914 2357 haee
935 2297 1016 2355 enlm
1039 2299 1069 2354 in
1085 2297 1165 2356 exal·

206 2379 319 2440 tatione
342 2375 449 2436 Calicis
476 2380 514 2435 et
529 2373 655 2436 Hostiae
685 2376 924 2442 manilestantur.
947 2377 1065 2438 Sensim
1093 2395 1166 2438 vero

207 2459 283 2520 haec
307 2459 446 2525 elevatio,
470 2473 547 2532 quae
571 2454 667 2534 major
689 2457 774 2523 olim,
798 2465 829 2519 et
842 2461 986 2520 solemnis
1006 2467 1083 2526 erat,
1107 2461 1163 2545 mi·

207 2559 273 2610 nor,
297 2558 332 2600 uo
350 2539 560 2600 minima'esse
583 2538 693 2614 coepit,
710 2545 880 2616 postquam,
904 2550 938 2600 ut
954 2541 1164 2603 animadvertit
1233 2549 1240 2560 ⁰

207 2623 388 2686 Benedictus
409 2619 484 2680 XIV
506 2621 634 2682 elevatio
663 2621 794 2683 maxima
821 2628 888 2699 post
908 2625 1161 2685 consecrationem

210 2707 347 2765 tumore
371 2703 466 2780 posita
490 2702 558 2762 tuit.
1068 2703 1076 2718 '

557 2861 686 2925 CAPUT
707 2861 816 2924 XXX.

480 3045 523 3088 ue
545 3028 705 3088 onsrrouu
727 3043 892 3088 nouimus.
992 3024 1000 3041 “

249 3195 277 3256 l.
290 3190 457 3254 ‘Dominiea
480 3191 577 3251 oratio
609 3191 750 3251 omnibus
782 3191 862 3250 aliis·
875 3193 1064 3252 orationibus
1082 3201 1160 3257 ante

211 3275 302 3343 oellit‚
327 3275 399 3350 quia
420 3271 572 3332 aChrlsto
587 3270 716 3332 Domino
738 3271 823 3332 nobis
847 3274 955 3334 tradita
979 3275 1082 3352 paucis
1095 3290 1158 3338 ver·

210 3357 258 3420 bis
279 3357 415 3417 ordinate
438 3353 608 3430 dispositis,
631 3355 733 3416 omnia
755 3353 898 3425 continet,
923 3373 1002 3431 quae
1024 3364 1158 3420 sanetea

208 3437 275 3499 Deo
298 3434 425 3513 peteuda
447 3440 527 3496 sunt,
550 3438 581 3493 et
601 3451 662 3510 quo
685 3435 811 3511 petenda
833 3444 902 3496 suot
921 3438 1036 3498 ordine.
1054 3437 1080 3497 Δ
1099 3441 1159 3517 qui·

209 3517 337 3578 busdam
361 3515 497 3575 Patribus
519 3515 594 3574 haec
608 3514 714 3577 Oratio
735 3517 845 3578 dieitur
862 3519 1010 3597 Lepittmo
1032 3521 1155 3582 velutia

210 3596 396 3659 Tertulliano
423 3595 514 3656 Libro
541 3595 585 3655 De
605 3593 704 3677 Faveo:
727 3595 786 3658 Sed
805 3602 843 3661 in·
861 3599 996 3679 tepitimo
1022 3598 1157 3678 Oratione
