2517 4059
573 173 778 259 cessone

196 304 429 373 cbumenmnm,
454 302 532 363 idest
553 304 590 364 ad
613 300 855 365 Catechumenos
877 304 1070 383 inungendos.
1098 304 1158 367 llio

196 386 345 463 siquidem
361 383 577 446 Catechumeni
593 386 788 465 inunguntur,
812 391 847 446 ut
861 387 1084 448 munimentum
1101 388 1158 447 ha-

194 468 286 529 beant
308 484 360 546 per
382 467 460 528 bano
483 470 674 537 unctionem,
699 473 811 530 utnon
833 468 928 544 possit
948 469 1084 529 diabolus
1106 488 1157 530 re·

193 549 314 631 potiare,
340 554 372 609 ut
393 550 486 609 verba
508 551 652 611 orationis
672 549 889 624 demonstrant,
913 568 1004 627 quam
1026 551 1101 612 scite
1123 570 1160 613 o·

194 648 280 692 mnes
296 630 358 690 iere
376 648 427 708 per
445 636 544 707 partes
555 632 727 693 Amatarius
742 632 865 708 exponit
879 631 973 692 Libl
989 632 1063 709 Cap.
1079 630 1156 704 Xll;

195 711 433 779 stuprandas,
458 711 525 772 Lib.
550 710 592 773 Vl
615 712 689 792 Cap.
714 711 870 783 cxxiv3
898 715 950 775 nbi
972 714 1083 780 docent
1103 733 1158 773 aa·
1251 723 1258 757 «¹

194 796 261 856 lere
293 793 384 872 hujus
406 792 463 853 olei
494 796 669 855 unctionem
700 795 735 855 ad
760 797 914 866 tutelam,
948 803 981 858 ut
1009 797 1156 857 nimirum

195 876 331 937 diabolus
353 876 496 952 expulsos
519 877 619 939 redire
642 896 699 936 non
722 878 856 947 audeat;
888 875 997 955 legitur
1018 879 1101 939 enim
1125 880 1158 938 in

194 957 365 1019 Oratione:
389 954 498 1018 Nullas
525 958 734 1037 spiritualibus
763 956 904 1037 nequitiis
926 962 1016 1019 locos.
1040 958 1158 1021 Omnes

195 1040 393 1117 manuscripti
416 1036 497 1097 Libri
514 1038 715 1109 Pontificales‚
740 1041 793 1118 qui
808 1040 978 1101 Romanum
993 1041 1157 1119 antiquum

194 1122 340 1183 Ordinem
363 1125 544 1194 sequuntur,
568 1122 712 1181 mandant
738 1126 772 1183 ut
793 1124 922 1198 peractis
944 1140 1052 1199 nempe
1066 1124 1159 1185 Chri·

197 1203 302 1265 smatis
323 1219 358 1259 ac
379 1200 445 1261 Olei
469 1200 768 1270 catechumenorum
790 1203 1059 1274 benedictionibus,
1083 1203 1159 1263 Am·

190 1286 295 1365 pallae
318 1280 417 1341 cadam
438 1281 564 1353 ordina,
598 1304 635 1344 ac
658 1284 784 1355 decora,
819 1303 877 1364 qao
899 1284 1099 1345 ascenderant
1121 1289 1157 1347 in

142 1411 147 1421 .
194 1366 372 1433 Ecclesiam,
394 1362 520 1424 redeant
542 1367 646 1426 ambae
668 1368 704 1426 in
720 1363 912 1426 Socraticas⁸
937 1366 1059 1427 Mandat
1081 1386 1159 1429 vero

194 1455 256 1509 tam
286 1446 378 1506 Liber
404 1445 672 1508 Sacramentorum
699 1447 731 1507 S.
755 1445 893 1524 Gregorii
912 1444 1034 1523 Papae,
1057 1468 1157 1525 quum

193 1536 283 1591 vetus
303 1526 386 1587 Ordo
400 1526 556 1589 Romanus
578 1546 745 1604 omnesque
766 1530 831 1590 lere
851 1528 934 1588 Libri
950 1528 1154 1600 Pontificales,
1254 1553 1258 1558 “

194 1617 228 1673 ut
243 1612 314 1671 dum
331 1626 436 1669 sacrae
458 1610 608 1688 ampullae
631 1610 667 1669 ad
683 1610 857 1671 sacrarium
879 1610 1068 1681 deierantur,
1085 1630 1161 1689 pro-

192 1696 337 1768 sequatur
353 1688 518 1768 Episcopus
533 1691 671 1751 Missam.
694 1691 770 1753 Cum
794 1694 824 1751 in
846 1692 1076 1754 cathedralibus
1098 1692 1158 1753 Ec·

193 1776 316 1842 clesiis,
347 1772 471 1835 absente
502 1774 550 1832 vel
578 1774 722 1850 impedito
744 1770 918 1851 Episcopo,
949 1772 1090 1836 Chrisma
1119 1794 1158 1837 ac

193 1858 259 1918 olea
281 1857 406 1915 minimo
429 1855 655 1924 benedicantur,
679 1857 848 1915 aviciniori
870 1857 1004 1917 solebant
1025 1854 1155 1935 requiri,

194 1943 224 1999 et
246 1943 316 1998 tunc
339 1954 408 1996 oum
432 1937 556 1999 solemni
578 1937 770 2015 processione
793 1937 1025 2015 recipiebantur.

234 2018 291 2087 lX.
324 2018 417 2078 Sicuti
447 2019 557 2079 debent
584 2016 727 2096 Episcopi
753 2018 897 2079 Sanctum
926 2018 1035 2080 Oleum
1064 2020 1156 2082 Feria

194 2101 297 2177 quinta
318 2097 442 2175 Majoris
464 2098 682 2162 Hebdomadae
706 2117 883 2161 consecrare
904 2119 938 2161 ac
961 2101 1155 2171 benedicere,

192 2181 234 2240 ita
256 2181 369 2259 pariter
392 2176 569 2241 Diocaesani
592 2179 702 2244 Oleum
736 2183 833 2259 ipsum
856 2182 920 2260 jam
942 2189 1155 2245 consecratum

193 2264 232 2323 ab
244 2260 393 2342 Episcopo
409 2265 563 2341 suscipere
580 2260 730 2324 tenentur.
754 2264 800 2323 De
816 2264 872 2323 illis
894 2266 1076 2325 dioecesanis
1092 2267 1157 2343 agi-

192 2361 281 2410 mus,
307 2343 415 2418 quibus
438 2342 582 2405 Sanctum
605 2343 717 2406 Oleum
741 2348 944 2406 necessarium
966 2352 1022 2413 est,
1045 2347 1156 2408 videti·

192 2431 241 2486 cet
263 2428 299 2487 de
315 2423 467 2497 Parocliis‚
485 2428 536 2503 qui
553 2427 668 2489 habent
682 2425 811 2493 Fontem
825 2427 1056 2505 baptismalem:
1081 2448 1155 2491 narn

192 2525 261 2567 oum
278 2506 451 2567 Benedictio
469 2509 563 2584 ipsius
585 2508 724 2569 iacienda
739 2515 784 2569 est
807 2507 936 2569 Sabbata
952 2508 1075 2587 Majoris
1088 2508 1156 2571 He-

159 2621 164 2630 =
191 2588 372 2657 bdomadae,
396 2585 534 2649 Ciuisma
557 2594 588 2649 et
609 2589 719 2651 Oleum
735 2589 1031 2651 Catechumenorum
1048 2610 1155 2653 neces·

191 2672 271 2731 sario
294 2670 503 2746 requiruntur.
528 2670 613 2732 ldem
636 2671 746 2732 Oleum
768 2674 926 2751 exigitur,
953 2690 1024 2733 cum
1048 2673 1152 2751 Bapti-

192 2770 276 2813 smus
292 2750 530 2827 administratur.
555 2754 602 2814 Ad
620 2750 806 2833 Episcopum
822 2754 935 2832 pariter
957 2773 989 2813 se
1012 2756 1152 2817 conierre

191 2834 302 2895 debent
316 2832 443 2893 Praelati
459 2836 638 2911 Regulares,
652 2836 704 2912 qui
718 2854 754 2897 ea
771 2836 912 2896 facultate
925 2836 1052 2913 praediti
1064 2844 1148 2906 sunt,

191 2920 225 2977 ut
247 2916 389 2986 Altaria,
415 2914 539 2975 Patenas
566 2922 596 2979 et
618 2916 733 2978 Calices
755 2934 933 2978 consecrare
957 2919 1094 2993 possint,
1120 2924 1155 2979 et

190 2994 349 3075 Campanis
365 2998 541 3057 benedicere
565 3018 618 3076 pro
634 3000 696 3059 suis
712 3005 829 3059 tanturn
844 2999 999 3059 Ecclesiis.
1024 2998 1152 3078 lusuper
1257 3055 1258 3074 ,

191 3076 476 3139 ParachiCivitatis
509 3097 543 3139 ac
567 3080 743 3149 Dioecesis,
777 3080 931 3141 Praesides
953 3080 1152 3141 Monasterio-
1257 3079 1258 3110 ³

190 3178 260 3221 rum
293 3167 324 3221 et
348 3158 548 3237 Collegiorum
571 3160 769 3240 Regularium
798 3203 807 3229 ,
834 3159 1014 3223 Confessarii
1036 3162 1152 3223 blocia-

187 3240 268 3302 iium
291 3242 344 3319 qui
367 3240 593 3303 Sacramentum
617 3242 781 3318 Extremae
796 3242 949 3304 Unctionis
971 3261 1079 3321 perse
1100 3245 1151 3305 vel
1258 3234 1259 3281 l

192 3340 247 3403 per
262 3323 353 3383 alium
370 3322 579 3386 administrare
595 3325 717 3397 debent,
743 3324 887 3386 Sanctum
902 3324 1012 3385 Oleum
1028 3328 1063 3385 ab
1077 3324 1150 3403 Epi·
1258 3332 1259 3385 l

192 3422 267 3483 copo
283 3402 466 3465 Dioecesano
488 3411 589 3481 petant
604 3425 727 3469 necesse
742 3413 807 3467 est:
832 3408 949 3482 illisque
971 3409 1088 3485 penitus
1103 3410 1147 3467 in·
1258 3470 1259 3499 ¹

191 3486 346 3547 terdicitur
369 3486 406 3545 ad
420 3487 514 3546 alium
529 3488 716 3567 Episcopum
737 3488 913 3567 coningere,
936 3495 969 3550 ut
983 3507 1068 3549 sacra
1083 3488 1148 3551 olea
1258 3530 1259 3567 ,

192 3568 368 3647 percipiant.
391 3564 553 3629 Gratianus
581 3568 717 3631 Canaces
749 3569 899 3649 ejusmodi
931 3578 1149 3633 commemorat
1258 3584 1259 3605 ³
