2517 4059
604 235 663 297 *reti
686 224 827 295 distiti&0

239 357 406 434 complures
428 353 565 416 exhiberi
594 362 715 434 possent
736 356 883 436 ejusmodi
904 357 1021 436 figurae
1044 353 1193 416 Sacrificii

238 439 347 500 Christi
363 438 492 505 Domini,
510 455 587 515 quae
609 440 682 499 satis
704 438 776 498 illud
799 439 835 498 ad
851 440 953 500 rivum
967 439 1190 512 exprimerent.

238 519 352 582 Earum
375 517 507 598 prolecto
530 520 605 580 benc
621 520 730 581 multas
744 519 983 598 Apostoliearu'm
999 521 1195 584 constitutio

238 621 310 664 num
326 600 459 679 Liturgia
482 602 511 660 in
528 601 660 662 medium
676 601 806 671 adducit,
823 608 855 661 at
870 601 1003 664 Ecclesia
1029 603 1061 661 in
1077 600 1195 662 Canone

238 685 343 763 selegit
364 683 450 752 Abel,
468 683 619 753 Abrahae,
644 689 674 744 et
688 683 908 745 Melchisedech
923 683 1094 750 sacrificia,
1118 702 1194 761 quae

236 767 377 828 Divinum
394 765 580 826 Salvatorem
603 783 693 844 supra
707 773 805 827 cetera
827 768 996 829 mirandum
1021 767 1052 826 in
1070 767 1194 826 modum

237 849 389 910 exhibent.
409 846 483 907 Abel
506 847 646 908 innocens
667 849 813 925 primitias
834 857 1044 910 armentorum
1069 865 1194 908 suorum

237 949 306 992 cum
329 931 448 992 terrore
470 935 500 990 et
515 929 573 990 fide
589 929 720 990 offerens
736 928 809 996 Deo,
825 936 856 991 et
877 932 1002 992 airatre
1020 931 1129 989 invido
1151 948 1194 988 oo·

238 1016 327 1079 uisus,
340 1011 491 1074 Christum
509 1013 606 1087 ipsum
622 1013 769 1087 expressit
790 1015 988 1082 innocentem,
1005 1013 1193 1073 ludaeorum

240 1095 349 1154 invidia
371 1094 448 1153 mori
471 1095 622 1160 traditum,
647 1099 678 1153 et
699 1093 875 1155 ollerentem
899 1115 930 1156 se
951 1095 1017 1156 Deo
1042 1095 1075 1153 in
1099 1093 1193 1153 Sacri·
1249 1092 1250 1169 l

237 1176 340 1236 ficium
364 1177 422 1235 iam
439 1176 476 1234 ab
493 1178 557 1253 ipso
574 1176 652 1234 vitae
667 1177 800 1239 exordio.
818 1174 901 1236 Unde
916 1178 1111 1254 Augustinus
1128 1174 1190 1233 Lib.
1249 1178 1250 1247 l

237 1256 298 1319 XV
321 1259 358 1317 de
384 1257 511 1319 Ciuitate
533 1256 590 1316 Dei
610 1253 682 1334 Cap.
708 1258 757 1317 17:
786 1256 884 1318 Occiso
906 1258 988 1326 Abel,
1013 1259 1129 1335 inquit,
1153 1266 1194 1316 ot·
1249 1264 1250 1331 ζ

239 1359 294 1419 que
322 1342 356 1398 in
378 1341 440 1418 ejus
466 1339 671 1417 intersectione
694 1340 896 1401 commendato
924 1340 1063 1401 mirabili
1086 1339 1193 1401 Sacro-
1249 1338 1250 1401 7

237 1431 348 1481 meato.
364 1422 479 1482 Altaria
495 1423 614 1499 quidem
630 1424 727 1481 erexit
741 1422 907 1489 Abraham,
923 1423 1114 1498 ubicumque
1130 1437 1192 1480 rer·

238 1510 318 1564 satus
345 1508 390 1563 est
416 1501 492 1564 Gen.
516 1502 588 1580 Cap.
613 1501 673 1562 Xll
704 1509 736 1562 et
762 1503 838 1565 xtrl
870 1506 1003 1580 itemque
1032 1499 1190 1564 Sacrificio

238 1584 393 1662 complura
414 1585 541 1654 obtulit,
565 1592 595 1646 at
617 1582 748 1646 Ecclesia
773 1605 914 1662 magnum
936 1603 971 1645 ac
993 1585 1139 1645 mirabile
1162 1583 1192 1640 il·
1249 1614 1250 1633 ,

239 1667 402 1729 ludunum
426 1666 609 1727 Sacrificium
641 1667 680 1727 ob
707 1669 808 1728 oculos
830 1668 946 1732 habet,
980 1686 1038 1745 quo
1063 1665 1191 1727 Sanctus

237 1750 410 1810 Patriarcha
434 1751 553 1809 unicum
576 1748 672 1809 filium
693 1748 774 1809 isaac
797 1751 913 1817 obtulit,
936 1749 1007 1808 dum
1030 1767 1106 1809 eum
1129 1747 1190 1804 rin·
1249 1770 1250 1791 2

200 1850 205 1860 ·
238 1833 297 1900 xit,
321 1838 352 1891 et
372 1832 469 1892 Altari
490 1832 652 1906 imposuit,
677 1831 746 1890 dum
770 1832 898 1908 deniqne
920 1831 1035 1912 terrum
1060 1829 1188 1893 extulit,
1249 1854 1250 1903 j

238 1921 272 1975 ut
294 1910 355 1972 Deo
380 1910 512 1990 pareret.
537 1909 603 1972 Hoc
625 1911 809 1973 Sacrificium
833 1909 984 1974 Christum
1012 1911 1185 1990 expressit,
1249 1910 1250 1969 l

239 1995 288 2072 qui
311 2001 358 2056 est
379 2002 483 2056 auctor
505 1993 589 2064 Fidei
613 1999 743 2062 nostrae,
765 2002 797 2056 et
817 1995 914 2056 iactus
935 1995 1079 2054 obediens
1096 1991 1185 2053 Patri,
1249 1986 1250 2025 l

239 2078 432 2153 semetipsum
448 2076 594 2137 Sacerdos
614 2077 705 2136 simul
727 2083 758 2136 et
773 2079 894 2137 victima
909 2078 996 2135 morti
1020 2076 1145 2136 tradidit
1158 2081 1185 2133 et

238 2177 255 2218 a
284 2161 408 2218 mortuis
441 2160 604 2220 suscitarit·
628 2157 691 2232 lam
719 2177 792 2218 vero
813 2159 986 2219 Patriarcha
1014 2158 1128 2219 dicitur
1149 2155 1185 2214 A·
1249 2176 1250 2223 1

239 2241 378 2311 braham,
403 2248 562 2319 propterea
584 2239 665 2316 quod
688 2241 725 2299 ob
747 2259 814 2300 earn
836 2259 925 2318 quam
941 2240 1005 2300 Deo
1027 2237 1183 2315 praestitit,
1249 2246 1250 2275 ³

239 2322 437 2383 obedientiam
459 2323 659 2401 complurium
680 2320 852 2392 Nationum,
877 2325 1114 2398 innumeraeque
1137 2335 1184 2398 po·

229 2405 379 2466 steritatis
403 2403 488 2464 Pater
511 2412 639 2466 statutus
661 2401 727 2473 luit,
751 2424 785 2463 ac
808 2405 996 2480 peculiariter
1011 2399 1184 2463 Patriarcha
1249 2404 1250 2441 3

240 2493 339 2546 noster
361 2491 416 2547 est.
441 2486 662 2546 Melchisedech
686 2485 840 2553 Sacerdos,
864 2493 894 2545 et
915 2486 1079 2547 seeundum
1103 2482 1182 2562 signi·

239 2567 406 2629 ficationem
430 2571 556 2628 nominis
571 2568 635 2628 Rex
659 2569 739 2645 pacis
761 2575 791 2629 et
807 2569 947 2637 iustitiae,
965 2567 1122 2638 Sacerdos,
1144 2566 1183 2622 in·

240 2669 342 2727 quam,
367 2653 396 2710 iu
419 2655 587 2720 aeternnm,
612 2649 758 2710 Sacerdos
780 2651 963 2727 triumphato
985 2650 1070 2709 hoste
1094 2645 1183 2719 ucri·
1249 2682 1250 2713 ,

239 2731 341 2799 ficano,
365 2733 507 2794 Sacerdos
530 2732 647 2792 Aarone
669 2731 779 2810 major,
796 2731 940 2792 Sacerdos
962 2749 1069 2807 panem
1093 2735 1123 2790 et
1142 2727 1182 2785 vi-

239 2833 310 2874 num
334 2815 470 2883 offerens
494 2831 583 2890 utram
606 2832 747 2891 expresse
768 2813 867 2874 lesum
883 2813 1035 2874 Christum
1059 2812 1105 2873 his
1126 2826 1182 2870 om·

240 2897 328 2956 nibus
355 2897 576 2957 adumbraverit
603 2913 691 2956 nemo
719 2913 775 2955 non
796 2896 888 2955 videt.
911 2895 1086 2956 Patriarcha
1109 2893 1177 2955 hic,

239 2997 347 3055 nempe
368 2977 589 3040 Melchisedech
622 2978 785 3037 acaeteris
807 2978 968 3045 omnibus,
1002 2979 1180 3054 quicumque
1249 3042 1250 3051 χ

239 3065 307 3119 ante
328 3060 451 3139 Moysen
474 3065 504 3120 et
525 3062 625 3121 Aaron
649 3056 799 3120 Sacrifioia
821 3060 1018 3126 obtulerunt,
1043 3053 1180 3134 peculiari
1249 3054 1250 3139 l

241 3142 299 3200 hac
315 3143 432 3203 Summi
449 3139 616 3201 Sacerdotis
639 3149 706 3201 nota
729 3141 930 3220 distinguitur.
947 3140 1024 3201 Tum
1039 3137 1179 3201 Sacerdos
1249 3150 1250 3221 t

239 3223 289 3284 hic
304 3225 333 3282 in
349 3223 437 3284 Sacra
454 3224 606 3302 Scriptura
623 3223 686 3282 sine
701 3225 871 3302 genealogia
886 3229 1082 3289 memoratur,
1101 3235 1179 3299 prae·
1249 3236 1250 3287 t

241 3313 321 3366 terea
342 3308 405 3366 Rex
425 3305 568 3384 justitiae,
594 3305 658 3364 Rex
679 3306 781 3382 pacis,
804 3305 948 3365 Sacerdos
970 3304 1113 3364 Altissimi
1134 3297 1179 3378 qui
1249 3310 1250 3315 ’

240 3405 346 3465 panem
369 3395 398 3446 et
420 3391 522 3446 vinnm
545 3387 646 3454 offert,
665 3386 778 3462 Deique
801 3386 862 3447 filio
884 3387 988 3447 similis
1010 3387 1128 3452 dicitur,
1148 3384 1179 3443 ut

239 3470 369 3544 loquitur
392 3468 421 3528 S.
436 3467 555 3530 Paulus·
568 3468 605 3528 ad
620 3467 775 3528 Hebraeos
789 3467 885 3545 Caput
900 3468 954 3532 Ill.
978 3467 1082 3545 ltaque
1097 3461 1176 3531 Abel,
1249 3468 1250 3539 l

241 3548 410 3615 Abraham,
435 3555 466 3612 et
487 3549 708 3611 Melchisedech
732 3551 840 3629 triplici
863 3551 913 3611 lllo
935 3549 1086 3611 Sacrificio
1107 3542 1177 3625 quod
1249 3620 1250 3627 ἵ

240 3646 293 3687 suo
316 3633 439 3708 quisque
462 3632 549 3692 modo
571 3632 694 3702 obtulit,
719 3650 860 3712 magnum
883 3632 953 3694 illud
976 3629 1178 3712 expresserunt
