2517 4059
472 224 694 299 *mulmi-

110 366 175 411 rem
204 349 285 409 exilii
309 353 400 412 nostri
423 352 522 415 levare
551 353 695 415 debemus
727 370 781 430 spe
802 353 916 430 patriae
937 354 1057 414 tandem

104 431 296 516 repetendae.
316 431 460 496 Sacerdos
481 436 586 497 recitat
607 436 686 497 bunc
708 433 860 496 Psalmum
882 435 1056 496 alternatim

107 528 176 572 oum
199 513 363 583 Ministris‚
386 518 456 591 quia
478 517 577 595 popuii
599 518 740 579 adstantis
761 521 816 583 est.
840 536 897 577 non
918 534 1055 579 secusne

107 593 293 659 Sacerdotis,
317 599 461 659 accedere
482 616 552 659 cum
576 598 686 659 irduoia
707 606 738 659 et
760 599 872 659 laetitia
894 599 931 657 ad
954 599 1057 660 ditare
1114 600 1118 609 '

107 674 180 743 liei.
203 677 238 737 ad
261 676 445 740 olierendum
468 679 653 742 Sacrificium
675 698 729 758 per
750 697 856 740 manns
878 679 1055 742 Sacerdotis.

108 756 239 835 ideoque
260 776 297 818 33
312 766 357 821 est
371 757 523 823 Ecclesiae
547 780 643 828 mens.
661 770 695 823 nt
709 762 857 822 adstantes
880 762 960 821 buno
975 761 1058 821 Psel-

108 858 193 901 mum
215 846 331 901 secreto
354 844 480 906 recitent
501 862 571 904 oum
593 844 762 905 Sacerdote.
782 845 816 906 ls
837 844 986 921 aliquibus
1001 841 1058 903 iio·

108 922 207 983 clesiis
229 923 385 985 dicebatur
402 931 515 987 tanturn
531 944 638 987 sersus
653 924 798 992 introibo,
816 944 873 985 non
890 944 963 986 vero
977 924 1058 985 Psal-

108 1022 177 1065 mus
197 1002 334 1074 Indico,
359 1012 391 1068 ut
416 1007 519 1068 videre
546 1014 593 1068 est
614 1008 644 1067 in
666 1006 757 1067 Missa
779 1008 902 1085 antiqua
924 1006 1058 1067 Mozara·

108 1086 192 1147 burn.
218 1085 250 1145 ln
271 1086 383 1149 Ordine
405 1088 539 1149 Romano
562 1090 685 1167 antiquo
707 1090 781 1150 nihil
804 1089 913 1167 legitur
928 1090 965 1148 de
981 1086 1057 1149 Psal-

107 1186 158 1228 mo
180 1166 308 1237 indioo.
333 1188 429 1248 neque
451 1172 487 1232 de
510 1169 680 1249 Antiphone
704 1170 844 1231 introito.
870 1168 977 1230 Primis
999 1168 1055 1231 Ec·

106 1250 216 1312 clesiae
238 1248 371 1313 Saeculis
394 1271 450 1315 non
471 1258 538 1315 eret
559 1272 678 1322 unum,
702 1252 841 1330 idemque
867 1253 1006 1314 omnibus
1028 1252 1057 1312 in

107 1333 181 1395 locis
202 1332 310 1395 Missae
333 1334 500 1397 exordium.
521 1334 615 1398 Olim.
640 1333 774 1396 Psalmus
794 1332 904 1396 Iudico
919 1355 963 1394 mo
980 1335 1058 1394 Dese

107 1422 182 1475 teste
203 1414 349 1484 Matiene,
374 1418 555 1478 recitabatur
577 1436 593 1477 a
617 1416 832 1486 Benedlelinis‚
857 1418 929 1475 dum
959 1414 1058 1478 eve-

107 1498 211 1557 stiario
233 1498 434 1574 procedebant
456 1499 492 1560 ad
509 1496 623 1559 ditare.
642 1496 701 1558 iiio
716 1516 780 1558 mos
794 1498 971 1559 servabatur
986 1499 1059 1557 olim

107 1581 137 1639 in
160 1581 308 1643 nonnullis
329 1579 494 1642 Galliarum
515 1578 667 1643 Ecclesiis.
690 1582 726 1642 ln
748 1579 895 1656 aliquibus
918 1578 1059 1640 Ecclesiis

107 1660 289 1722 recitabatur
311 1664 341 1721 in
364 1664 428 1737 ipso
450 1661 597 1729 Sacrario,
621 1666 779 1739 antequam
804 1660 949 1723 Sacerdos
971 1660 1058 1721 Casu-

107 1742 168 1803 lam
191 1744 352 1822 acciperet.
378 1742 490 1805 Vertus
515 1744 646 1805 aliirmat
673 1761 729 1804 uon
751 1744 904 1821 amplius,
927 1760 1018 1820 quam
1040 1758 1059 1801 a

107 1826 243 1886 ducentis
264 1826 347 1886 annis
369 1826 534 1887 Romanam
556 1824 721 1887 Ecclesiam
744 1824 827 1885 illurn
850 1824 977 1884 recitare
992 1840 1059 1884 coe·

108 1908 186 1985 pisse
208 1889 291 1968 inriio
314 1908 436 1969 illissae.
452 1908 509 1969 Sed
532 1916 624 1978 errat,
642 1905 809 1973 manifeste,
827 1905 1006 1983 Microiogus
1021 1905 1059 1965 ad

105 2006 219 2050 annum
244 1988 323 2050 1090
345 1990 451 2051 asserit
466 1990 657 2051 Sacerdotem
670 1987 732 2066 jam
749 1988 884 2049 indutum
900 1988 937 2049 ad
953 1989 1059 2049 Altare

109 2070 283 2148 procedere,
307 2073 472 2149 eodemque
494 2080 628 2149 ternpore
643 2072 744 2132 dicere
760 2069 904 2136 introibo.
925 2077 957 2131 et
971 2069 1058 2132 Sum·

109 2171 176 2213 mue
190 2149 325 2215 Pontiiex
339 2152 528 2215 innocentius
542 2153 585 2216 lii
600 2160 669 2215 ante
690 2170 801 2213 annum
825 2151 905 2213 1200
927 2170 980 2213 nos
995 2170 1060 2212 mo·

108 2238 158 2294 oet
168 2232 369 2297 Sacerdotem
399 2255 455 2297 non
477 2236 577 2296 dicere
601 2235 767 2317 Confiteor,
790 2235 845 2293 nisi
868 2235 992 2296 recitato
1020 2235 1059 2295 ad

106 2316 219 2376 Altaris
241 2318 333 2395 pedes
355 2316 471 2379 Psalmo
492 2316 630 2386 Iudico,
655 2319 765 2394 qnippe
796 2318 847 2391 qui
878 2335 948 2376 eum
971 2318 1059 2379 decet

107 2397 158 2473 qni
180 2398 267 2475 digne
289 2400 324 2459 ad
348 2400 421 2460 illud
444 2400 604 2460 ascendere
627 2400 718 2475 cupit.
733 2397 776 2458 En
800 2416 836 2457 eo
859 2406 994 2476 tempore
1017 2401 1058 2459 ila

109 2482 300 2557 semper·ab
321 2482 356 2541 iis
377 2483 427 2557 qui
451 2481 618 2542 Romanurn
648 2480 750 2541 iillum
772 2487 913 2546 servant,
938 2481 1058 2541 recitari
1090 2542 1095 2553 ,

108 2562 274 2623 consuerit.
290 2563 448 2625 Durandns
464 2562 588 2625 Saeculo
602 2562 678 2624 Xlll
694 2560 782 2639 bujus
799 2560 906 2621 Psalmi
923 2561 950 2619 in
967 2563 1059 2623 blissa

108 2643 252 2703 recitandi
281 2645 524 2706 consuetudinem
546 2644 620 2705 adeo
643 2645 794 2720 antiquam
817 2643 914 2719 posuit
935 2648 969 2705 ut
988 2661 1058 2706 eam

106 2720 277 2787 Caelestino
308 2725 406 2803 Papae
438 2727 594 2787 tribueret.
617 2724 683 2785 Non
711 2723 834 2785 deluere
857 2732 981 2793 murco,
1005 2727 1057 2803 qni

107 2804 260 2868 Psalmnm
283 2827 373 2886 quem
397 2809 538 2876 diximus,
556 2824 592 2867 ex
610 2808 718 2882 nielale
734 2813 846 2866 tanlnm
862 2808 981 2868 recitari
996 2817 1058 2871 cre·

108 2887 223 2956 dorent,
241 2908 372 2967 eumque
394 2889 517 2967 proinde
539 2890 723 2956 omitterent3
740 2889 819 2964 qrrod
841 2889 870 2946 in
886 2905 973 2950 eausa
989 2888 1057 2958 init,

109 2976 143 3029 ut
162 2972 192 3030 in
209 2971 239 3033 S.
256 2971 299 3031 Pii
321 2972 348 3031 V
371 2970 502 3033 Robrica
524 2976 771 3035 statueremque
792 2970 860 3046 quis
880 2987 950 3030 eum
973 2988 1058 3047 prae·

107 3054 299 3115 termitterel.
330 3052 502 3115 Praediclus
530 3049 665 3113 Psalmus
686 3049 798 3112 Indico
819 3061 872 3110 etc.
900 3052 929 3110 in
959 3052 1058 3114 Missis

107 3132 342 3205 Deirrnctorunr‚
367 3141 502 3213 ternpore
524 3135 669 3211 passionis
690 3134 872 3195 omittendus
893 3140 949 3197 est.
967 3135 1057 3210 idque

108 3223 231 3294 propter
263 3236 299 3277 ea
320 3217 438 3279 verba:
466 3215 568 3293 Quare
590 3218 684 3277 tristis
713 3234 741 3276 er
762 3215 864 3275 animo
885 3217 977 3276 meo?
998 3217 1060 3279 ista

108 3299 187 3358 enim
211 3299 248 3359 ad
271 3301 413 3360 laetitiam
436 3300 572 3368 invitant;
596 3314 703 3375 parurn
724 3298 815 3376 igilur
836 3298 1000 3360 cohaerere
1014 3298 1058 3357 vi-

106 3378 217 3442 dentur
240 3398 309 3443 cum
333 3380 448 3461 lugubri
471 3380 624 3449 Passionis,
646 3386 679 3441 et
699 3378 916 3441 Delunolorum
938 3379 1055 3453 Olirei03

108 3461 146 3522 ab
167 3461 214 3523 his
236 3464 348 3543 quippe
370 3480 427 3523 non
448 3469 492 3524 est
513 3461 644 3539 fuganda
665 3461 796 3521 tristitia.

149 3543 189 3606 11.
215 3545 358 3607 Sacerdos
377 3543 487 3622 junctis
509 3543 659 3611 manibus,
671 3548 703 3604 et
723 3542 886 3618 profundus
901 3542 1058 3605 inclinatus

109 3624 190 3689 dicit:
218 3626 381 3709 Confiteor,
405 3626 520 3707 sibique
541 3642 632 3687 manu
655 3625 777 3687 dextera
799 3631 970 3704 terpentes
990 3643 1058 3705 per·
