2517 4059
532 266 757 335 &limitis-

535 473 665 535 carus
687 474 773 538 rur.
819 455 823 462 ’

195 655 236 697 DE
251 654 461 696 rssrtt'trars
478 654 703 699 ASSFMPTIOMS
720 655 926 699 uuartssmtsu
942 650 1094 696 l'lllGlNlS.
1159 622 1170 637 ι

207 800 234 861 Ι.
258 798 391 861 Celebris
412 803 458 858 est
479 800 508 857 lu
530 800 601 861 lure
622 788 773 861 Canorri'co
795 800 974 862 solemnitas
996 798 1125 858 Assum-

167 882 276 959 ptionls
298 882 333 940 Β.
351 880 477 948 Mariae,
501 885 534 941 ut
556 882 658 942 vidore
674 887 720 942 est
737 882 882 945 inCan.1
904 883 940 941 de
962 881 1125 943 Consecra-

168 964 248 1023 tione
270 962 346 1022 Dist.
366 960 385 1020 3
409 968 439 1021 et
461 959 533 1036 Cap.
551 964 606 1022 ult.
624 964 662 1023 dc
684 962 791 1024 Feriis.
816 963 855 1024 Et
877 964 987 1024 Suarez
1007 959 1126 1020 Tom.l

167 1045 204 1106 de
226 1044 379 1122 Religione
403 1042 467 1101 Lib.
492 1041 520 1101 ll
542 1042 615 1119 Cap.
640 1043 660 1103 8
683 1063 767 1106 num.
783 1046 822 1104 13
844 1045 880 1105 de
904 1046 961 1105 lrac
983 1042 1128 1102 solemni·

166 1131 228 1187 tale
249 1128 288 1185 ita
312 1126 461 1201 loquitur:
484 1122 603 1183 Festum
625 1126 681 1185 boc
697 1129 828 1186 monime
849 1127 1008 1205 proprium
1029 1122 1127 1200 ipsius

170 1207 313 1283 Virpinis,
338 1216 365 1265 et
385 1209 465 1266 inter
484 1206 658 1282 festivitates
675 1210 739 1287 ejus
754 1209 837 1268 tebet
852 1207 1014 1287 quemdem
1031 1204 1132 1264 ccccl*

166 1290 304 1355 lentiam,
322 1290 394 1366 quie
406 1288 545 1364 pluriam,
558 1289 731 1364 proemium
746 1308 782 1348 ec
793 1290 978 1367 triumphum
993 1284 1130 1345 Sanctis·

165 1372 259 1430 simne
276 1370 410 1444 Virpinis
423 1370 508 1429 nobrs
523 1379 742 1447 repraesentat.
759 1371 792 1431 In
810 1372 935 1431 vetustis
951 1384 1128 1429 monumen·

167 1452 204 1512 tis
226 1451 300 1510 haec
323 1449 482 1509 Festivitas
504 1453 675 1526 appellatur
697 1449 865 1517 Domitio,
888 1458 920 1511 el
943 1470 976 1511 re
998 1450 1123 1527 quidem

166 1549 239 1592 vera
262 1535 292 1592 io
315 1531 406 1592 Libro
420 1530 587 1591 Pontificali
603 1532 641 1591 dc
656 1531 760 1608 Sergio
777 1534 921 1610 legimus:
949 1532 1125 1596 Constituit,
1156 1534 1163 1547 '

165 1624 201 1674 nt
213 1612 313 1673 diebus
325 1611 576 1674 Adnunciotionis
589 1613 723 1682 Domini,
743 1612 943 1676 Domitianis
960 1625 986 1674 et
1004 1611 1127 1672 Natiui-

167 1698 238 1756 tatis
251 1696 377 1758 Sanctae
393 1696 449 1755 Dei
466 1694 646 1757 Genitricie.
665 1740 672 1753 .
689 1692 844 1756 ,litaniae
860 1706 971 1755 exeant
987 1713 1000 1753 e
1015 1692 1125 1754 Sancto

166 1776 342 1845 Hadriano,
367 1786 393 1836 ct
407 1776 448 1835 ed
465 1773 606 1835 Sanctam
621 1774 756 1836 Mariam
769 1777 899 1857 populns
914 1785 1065 1837 occurret.
1090 1774 1125 1834 ln

166 1858 389 1937 Martyrologiis
410 1854 520 1925 Beilac,
545 1858 670 1928 Adonis,
694 1856 889 1926 Usuardi‚·et
911 1860 939 1918 in
962 1860 1026 1920 aliis
1048 1859 1124 1915 item

166 1938 290 2000 Festum
313 1941 492 2001 enunciatur
515 1939 643 1999 Sanctaur
658 1942 775 1999 Murice
796 1940 952 2009 Domitio,
970 1940 1017 2000 vel
1042 1945 1074 1998 ut
1096 1940 1128 1997 ln

166 2020 355 2080 Kalendarlis
371 2021 470 2080 bllatii
494 2027 524 2080 et
540 2020 707 2087 Frontonis,
733 2022 885 2083 Solemnis
900 2021 934 2079 dc
946 2022 1128 2101 pausatione

170 2099 300 2161 Sanctae
316 2104 442 2161 Mariae.
457 2102 515 2162 Sed
529 2109 562 2163 ut
573 2104 686 2177 optimc
702 2104 830 2163 advertit
845 2102 879 2162 P.
896 2102 995 2162 Rocca
1007 2102 1096 2161 Tum.
1111 2100 1128 2161 1

166 2182 299 2259 Operum
323 2200 391 2258 pag.
405 2182 466 2243 213
483 2184 711 2250 Dormitionem,
726 2202 760 2243 ac
784 2183 1026 2261 Assumptiouem
1045 2184 1126 2243 idem

168 2262 280 2323 valere.
307 2263 401 2340 quue
416 2266 507 2324 etiam
533 2266 652 2339 probari
676 2270 775 2341 potest
789 2264 889 2325 iacobi
912 2264 1035 2325 Pamelli
1058 2281 1129 2324 ver-

167 2347 224 2415 bis,
249 2346 301 2421 qul
325 2344 353 2402 in
370 2344 455 2406 Notis
476 2348 513 2407 ad
531 2345 694 2424 Epistulam
719 2345 750 2406 S.
768 2348 909 2424 Cypriani
925 2345 966 2405 bb
981 2347 1016 2405 ad
1033 2344 1125 2405 linem

169 2426 285 2488 numeri
303 2425 341 2485 13
364 2427 403 2487 ila
426 2430 551 2488 scribit:
579 2429 665 2492 Certe
692 2426 913 2497 Dormitionis,
945 2430 989 2489 cal
1006 2426 1129 2487 Assum-

163 2511 279 2587 ptionis
294 2505 330 2566 B.
351 2505 483 2586 Vr'rpinis
498 2509 615 2570 Festum
628 2510 804 2569 celebratum
820 2520 936 2571 constet
945 2513 1012 2589 jam
1028 2510 1065 2568 ab
1077 2528 1129 2569 ar-

169 2600 231 2651 tete
247 2590 318 2649 Diei
343 2587 532 2670 Hieronymi,
560 2602 587 2652 et
603 2590 775 2669 Arrpustini.
799 2591 875 2652 Cum
899 2610 959 2668 qrro
980 2592 1129 2653 consentit

168 2671 358 2730 doctissimus
390 2670 424 2729 P.
450 2673 490 2732 Le
512 2673 609 2746 Quien
633 2672 708 2733 Ord.
732 2672 840 2733 Praed.
871 2674 899 2731 in
922 2691 975 2733 sua
998 2672 1128 2733 editione

168 2750 303 2828 Operum
327 2751 357 2811 S.
375 2752 493 2814 loannis
521 2755 696 2815 Damasecul
720 2754 807 2814 Tem.
825 2754 845 2814 2
866 2772 934 2832 pag.
957 2752 1029 2815 857.
1053 2751 1129 2825 Qui-

168 2834 236 2893 dam
260 2833 449 2898 existimant.
473 2836 694 2914 assumptionis
715 2834 839 2895 Festum
866 2837 1024 2911 Apostolos
1046 2836 1127 2895 insti·

169 2917 281 2976 tuisse:
306 2914 419 2997 Verum
435 2917 466 2978 S.
485 2917 656 2978 Bernartius
679 2916 789 2977 celebri
813 2914 946 2993 Epistola
970 2914 1030 2977 ttt
1053 2918 1128 2993 scri·

168 2997 235 3057 bit:
261 3000 367 3072 Accepi
391 3014 462 3057 sene
487 3001 524 3058 ab
541 2998 676 3084 Bedesis
700 3001 788 3058 illurn
811 2997 888 3057 diem
913 3018 981 3058 curn
1007 3013 1128 3059 summo

166 3078 359 3137 ueneratione
375 3079 542 3146 colendum,
561 3102 617 3160 qno
634 3084 789 3160 assumpte
804 3078 858 3156 (Β.
877 3077 988 3158 Maria]
1012 3080 1048 3138 de
1062 3098 1128 3140 sce-

168 3161 234 3219 culo
250 3177 391 3237 nequem,
409 3158 508 3222 Certis
523 3182 637 3242 qnoque
649 3161 753 3221 intulit
768 3162 1025 3221 celeberrimorum
1038 3159 1128 3223 Festa

168 3240 364 3316 pondiornm.
387 3240 592 3313 Quamobrem
614 3244 796 3305 Festlvitelis
812 3242 904 3321 liujus
922 3244 1065 3302 institutio
1087 3244 1127 3303 ad

94 3389 103 3403 .
168 3320 335 3381 Ecclesiam
352 3323 472 3384 videtur
488 3322 656 3387 reserenda.
674 3324 888 3386 Thomassinus
905 3320 1003 3386 Tract.
1022 3323 1057 3383 de
1072 3322 1128 3384 Fe·

167 3404 222 3462 stis
245 3401 309 3465 Lib.
326 3403 363 3464 -11
384 3401 457 3479 Cap.
481 3405 522 3464 20
546 3426 629 3467 num.
655 3406 693 3466 10
719 3407 876 3485 ostendere
905 3408 1034 3483 satagit,
1059 3411 1127 3484 post

168 3482 335 3544 Concilium
359 3482 557 3561 Ephesinum,
581 3507 641 3565 quo
663 3486 934 3549 damnatus-tuerit
954 3486 1124 3559 Nestorius,

168 3563 255 3642 louge
278 3566 403 3641 lateque
421 3567 559 3645 ejusdem
583 3572 697 3631 cultum
721 3570 811 3631 luisse
833 3568 999 3635 diffusum,
1023 3570 1127 3631 multis

171 3645 200 3702 io
222 3645 288 3723 ejus
310 3647 612 3717 bonoremexcilatis
635 3652 765 3729 templis,
789 3656 820 3711 et
840 3648 1064 3713 chtlvitatibus
1080 3652 1136 3711 iu·-
