2517 4059
464 198 667 271 ἣῗὸβ·

98 336 167 386 cum'
181 325 392 403 cognovisset,
415 322 514 384 lesum
537 343 602 387 esse
623 325 806 395 Galilaenm,
830 336 902 392 uta
924 334 1043 411 negotio

100 414 150 467 tam
172 409 301 469 moleste
322 424 355 465 se
376 407 548 483 expediret,
571 409 702 469 eumad
725 407 878 471 Herodem
901 413 1042 492 hutipam

97 487 240 551 Galilaeae
263 487 487 553 Tetrarchanr,
512 490 562 565 qari
590 489 619 548 id
643 493 786 567 temporis
808 490 941 555 Paschae
965 497 1043 560 eele-

75 552 194 632 ⁰lraurli
216 589 310 633 causa
331 569 509 629 versabatur
531 568 773 650 Hierosolymis,
797 574 889 635 misit.
914 575 1044 657 lecitque

97 651 199 713 llcrorli
223 656 399 730 pergratum
420 650 536 729 jamdiu
552 653 683 730 cupienti
707 653 805 714 lesum
827 654 981 719 Christum
998 662 1043 721 vi·

97 732 168 796 alere.
192 734 252 795 Sed
277 750 346 793 curu
368 729 507 821 Herodes
530 735 613 795 illum
636 733 674 795 ale
696 735 800 795 multis
815 737 1038 818 interrogasset,

95 834 142 876 nec
164 818 263 879 ullum
287 814 326 874 ab
341 832 378 874 eo
401 830 576 889 responsum
599 816 727 887 tulisset,
749 818 844 878 veluti
867 820 984 882 latrrnm
1007 840 1043 885 aa

94 897 226 959 stolidum
251 896 429 963 hominem,
453 895 574 955 illusum
597 903 627 955 et
650 898 786 958 indutum
809 907 893 961 veste
913 904 981 961 ellra
1004 906 1041 963 ad

94 975 212 1041 Pilatum
237 979 367 1041 remisit.
391 973 526 1035 Graecus
549 976 584 1037 l).
610 977 708 1039 Lucae
731 985 830 1041 textus
850 981 1042 1059 CapXXlll

93 1076 118 1116 r.
141 1061 178 1120 11
202 1080 258 1136 pro
282 1070 356 1119 cesla
381 1058 449 1117 atha
482 1056 574 1117 habel
597 1059 720 1122 εσθητα
741 1067 905 1141 lampas,
937 1075 1043 1127 vestem

94 1142 261 1210 candidam,
279 1141 435 1205 illustrem,
452 1138 651 1218 splendidam.
668 1139 850 1219 Huiusmodi
871 1164 944 1223 ergo
958 1154 1042 1209 veste

93 1223 181 1285 ludarit
201 1222 345 1283 Herodes
365 1218 545 1289 Christum,
571 1229 603 1281 ut
624 1222 775 1285 derideret
794 1242 864 1285 eum
888 1232 1041 1302 tamquam

93 1302 198 1380 majora
223 1311 316 1380 captu
333 1320 388 1362 suo
403 1308 605 1379 appetentem,
630 1310 721 1379 atque
743 1310 777 1365 ul
792 1308 883 1368 vestis
904 1309 955 1367 illa
970 1328 1040 1369 ean-

93 1385 154 1445 dida
169 1393 249 1447 esset
261 1384 400 1467 jactitare
416 1384 558 1443 iudicium
574 1382 707 1445 affectati
730 1388 824 1462 regui.
848 1387 966 1449 Etenim
984 1409 1041 1452 nou

92 1466 183 1528 miuus
206 1466 348 1532 candida,
372 1483 460 1545 urrann
486 1482 638 1539 purpurea
660 1469 752 1527 restis
775 1470 856 1545 regia
880 1477 956 1531 erat.
981 1470 1042 1537 llu-

93 1548 185 1610 sebius
207 1549 277 1609 Lih.
302 1545 329 1606 ll
353 1545 503 1606 Historiae
519 1542 744 1608 Ecclesiasticus
764 1546 838 1625 Cap.
864 1549 903 1609 10
924 1552 962 1613 de
984 1554 1041 1615 hoc

91 1630 189 1691 eodem
214 1629 342 1691 Herode
364 1630 474 1703 Aulipa
497 1626 563 1687 lesu
586 1628 697 1689 Christi
721 1631 855 1693 derisore
881 1632 922 1691 ita
945 1635 1039 1710 loqui·

94 1716 154 1771 tur:
181 1710 460 1776 cunicarnam
482 1709 634 1786 prolectas
660 1720 742 1781 esset,
769 1712 869 1790 ilique
893 1713 942 1772 atie
966 1716 1041 1792 farto

94 1792 218 1853 candida
241 1814 278 1853 aa
294 1792 378 1869 repta
394 1799 469 1851 uasta
484 1788 609 1851 indatus
622 1794 764 1871 papulam
778 1812 793 1851 e
808 1794 952 1855 tribunali
967 1797 1041 1857 allo·

94 1885 240 1947 artaretur.
268 1872 382 1933 Pilatus
404 1870 456 1931 uhi
478 1871 563 1941 vidit,
589 1878 709 1946 praeter
730 1891 814 1950 spem
837 1877 981 1945 evenisse,
1005 1886 1040 1940 ut

93 1950 221 2017 Herodes
246 1955 416 2017 remitteret
439 1952 549 2021 lesum,
576 1954 602 2011 id
627 1954 758 2014 maxime
779 1957 912 2025 curavit,
938 1964 971 2018 ut
991 1957 1040 2018 lu·

93 2034 166 2096 (lasis
189 2037 401 2114 persuaderet.
425 2034 497 2093 satis
511 2052 589 2101 esse,
613 2036 638 2093 si
661 2035 746 2095 lesus
766 2034 892 2113 flagellis
914 2039 1039 2116 castiga-

94 2124 180 2187 retur,
205 2128 240 2177 111
264 2122 327 2199 ejas
340 2116 465 2197 injuriis
491 2112 600 2175 Iudaei
632 2116 737 2175 satiati
760 2116 959 2199 sufficerera'hi
973 2126 1040 2181 cai·

93 2198 259 2263 elimarent,
278 2211 305 2259 et
326 2216 418 2276 usqae
443 2216 478 2256 ac
493 2199 555 2277 ejas
576 2211 701 2258 marram
714 2200 829 2260 sarcire
854 2199 1037 2271 desisterent,

94 2280 343 2353 quemadmodum
371 2278 472 2339 Traot.
500 2278 559 2337 116
593 2278 620 2337 in
646 2279 787 2340 loannem
820 2280 875 2352 §l
908 2281 1040 2359 loquitur

94 2357 281 2434 Augustinus.

127 2440 168 2501 X.
193 2441 305 2502 Pilatus
338 2448 494 2518 postquam
527 2446 710 2518 protestatus
734 2440 791 2501 luit
812 2440 937 2503 loannes
963 2440 1036 2523 Cap.

94 2514 189 2584 Xlllll
212 2544 245 2583 v.
264 2523 315 2583 38:
341 2520 403 2601 Epo
417 2524 533 2582 nattam
555 2524 673 2586 inuenio
693 2524 728 2581 in
742 2542 774 2581 eo
795 2542 937 2592 cuasam:
959 2530 1040 2603 post·

94 2617 175 2675 quam
197 2605 319 2667 ludaeis
341 2605 507 2680 proposuit,
533 2621 604 2664 uum
626 2604 740 2665 vellent
759 2623 828 2665 euru
853 2606 974 2678 dimitti3
999 2608 1039 2665 vi·

95 2682 179 2754 icus,
209 2704 285 2754 eos,
318 2683 386 2764 ejus
407 2686 610 2746 dimissionem
641 2684 783 2763 rejecisse
805 2690 838 2745 et
857 2686 1038 2762 Sanguinem

94 2762 153 2827 losu
174 2770 278 2834 sitire:
303 2772 462 2827 uteorum
484 2767 565 2827 sitim
588 2766 749 2845 mitigaret,
773 2767 871 2828 lesum
895 2768 1040 2853 flagellari

95 2843 193 2921 iussit:
230 2846 310 2908 Tunc
333 2866 422 2924 erpo,
448 2848 553 2925 inquit,
576 2846 702 2910 loannes
722 2846 795 2927 Cap.
818 2848 894 2910 xlx
917 2868 996 2910 vers.
1022 2853 1038 2912 1

96 2929 280 3006 apprehendit
299 2928 415 2991 Pilatus
431 2928 529 2989 lesum
552 2938 578 2987 at
592 2930 766 3011 placellacit.
778 2930 862 3003 Quae
879 2930 1039 3007 flagellatio

96 3011 201 3083 pridem
226 3030 242 3070 a
266 3010 424 3087 Prophetis
444 3010 557 3086 Spiritu
579 3010 690 3073 Sancto
712 3012 861 3089 inspiratis
886 3011 1038 3088 praedicta

97 3097 144 3152 ast:
169 3093 549 3171 Conprepatasaantsapsr
573 3110 619 3151 aaa
642 3094 748 3170 inquit,
771 3090 885 3151 Psaltes
907 3094 936 3151 iu
959 3091 1040 3153 Psal-

71 3175 76 3187 '
97 3185 138 3231 mo
152 3172 189 3233 aa
211 3174 340 3255 papilla,
359 3184 387 3233 et
402 3176 552 3251 ipsomet,
569 3179 601 3234 et
622 3175 649 3233 io
661 3174 780 3235 Psalmo
801 3170 853 3232 37:
879 3171 917 3233 Et
933 3193 984 3251 apo
1004 3174 1040 3232 ia

99 3250 204 3331 lapella
218 3266 346 3335 paratas
360 3272 444 3323 aam;
466 3260 496 3314 et
518 3256 545 3314 in
559 3252 678 3315 Psalmo
695 3252 777 3314 128:
801 3255 902 3333 Sapra
917 3255 1041 3314 dorcam

99 3348 183 3393 nram
205 3336 431 3413 [ahmcaoarant
449 3346 630 3414 peccatores,
651 3338 908 3417 prolanpaacrant
926 3335 1038 3414 1111ᾳυί-

99 3420 298 3479 talsiniacus.
324 3415 454 3477 Videtur
477 3423 578 3477 autem
602 3415 713 3480 Pilatus
741 3434 797 3477 uso
826 3418 885 3476 alio
916 3418 1039 3477 coarsilia

100 3490 272 3561 salvatorem
289 3498 467 3577 flagellasse,
492 3517 583 3574 quam
607 3506 642 3560 ut
657 3498 714 3558 hoc
730 3496 877 3576 supplicio
892 3500 1037 3568 contenti,

99 3572 266 3643 desisterent
280 3582 386 3641 insano
399 3580 532 3639 clamore
553 3579 839 3658 urgereSalrataJis
859 3578 1039 3641 interiectio
