2517 4059
412 197 680 284 'mutaue-

375 381 379 387 ’
436 420 563 484 cucur
585 421 709 483 xxxi.

362 601 404 646 DE
427 602 604 648 sanctione
625 602 774 651 nostrati.

3 819 5 830 Ι
135 742 161 803 Ι.
185 740 321 804 Orationi
342 741 451 808 Birra
465 765 518 808 uos
540 749 674 810 clausula
696 751 856 827 apponitur
873 770 931 831 par
946 750 1050 815 Domi·

3 839 4 842 ’
96 843 169 886 uum
191 833 328 886 nostrum
348 826 447 888 Iesum
466 827 637 899 Christum,
661 849 753 908 quam
776 834 848 892 dum
871 833 986 908 profert
1001 833 1052 896 Sa·

96 907 224 975 cordos,
247 903 386 970 Hostiam
408 908 517 988 trangit
534 913 593 973 ritu
609 914 833 990 antiquissimo,
855 921 887 975 et
902 933 969 976 curn
986 918 1050 993 ipsa

3 1009 4 1052 t
96 989 189 1069 hujus
209 987 394 1052 Sacramenti
417 991 599 1054 institutione
620 999 737 1057 exorto.
761 994 846 1056 lesus
860 994 997 1058 Christus
1018 1015 1050 1058 e·

3 1119 5 1152 ;
95 1074 158 1134 nim
180 1071 211 1132 in
226 1071 352 1149 mystica
373 1071 473 1134 Coena
488 1076 605 1152 accepit
620 1093 727 1153 panem
742 1119 750 1145 ‚
776 1077 929 1139 benedixit
944 1084 974 1139 et
989 1077 1048 1139 iro·

3 1161 4 1172 ’
96 1156 159 1233 git,
190 1152 330 1231 deditque
357 1152 518 1232 Discipulis
544 1158 605 1217 suis
628 1157 749 1218 dicens:
782 1155 846 1218 Hoc
867 1169 908 1219 est
932 1160 1050 1239 Corpus

95 1255 207 1298 mcum.
236 1233 395 1312 Praecepit
416 1237 588 1315 apostolis,
618 1245 652 1300 ut
673 1240 753 1300 idem
777 1240 912 1302 iacerent
933 1241 962 1300 in
984 1241 1072 1318 ejus·

3 1399 4 1402 Ἴ
95 1318 430 1388 commemorationem
457 1318 535 1379 unde
557 1327 589 1381 et
610 1319 666 1396 ipsi
689 1322 771 1382 hunc
792 1339 909 1382 morem
931 1325 1052 1400 sequuti

3 1457 5 1488 j
95 1405 188 1471 suut,
216 1405 247 1461 et
267 1398 421 1460 Ecclesiae
445 1400 643 1464 tradiderunt.
671 1401 794 1466 ldeotn
816 1402 902 1464 Actis
923 1405 1054 1481 Aposto-

3 1521 5 1556 r
95 1482 197 1543 lorum
220 1479 293 1558 Cap.
318 1479 382 1541 XX
405 1496 435 1538 v.
460 1481 479 1540 7
502 1483 642 1561 legimus,
666 1502 718 1546 eos
739 1487 788 1546 dio
810 1483 967 1545 Dominico
982 1503 1052 1546 con·

3 1561 5 1588 ²
95 1563 216 1626 venisse
231 1581 300 1624 curn
317 1561 455 1624 fidelibus
477 1563 518 1624 ud
532 1565 736 1644 truuqaudum
748 1585 858 1647 ponem
874 1585 931 1626 uon
948 1568 1053 1644 utique

3 1641 5 1652 ’
95 1662 312 1710 communem.
337 1645 390 1708 sed
413 1641 679 1716 Eucharisticum‚
703 1650 819 1724 dequo
843 1650 872 1707 in
895 1649 992 1725 prima
1014 1649 1051 1708 ad

95 1726 270 1790 Corinthios
284 1724 398 1804 Cap.X
412 1728 452 1785 ait
468 1727 642 1805 Apostolus:
653 1731 752 1801 Pacis,
770 1749 855 1808 quom
869 1729 1051 1808 truupimus,

3 1851 5 1872 t
95 1827 195 1870 uouuo
204 1809 407 1889 participatio
424 1806 567 1888 Corporis
580 1808 704 1870 Domini
720 1822 770 1872 cst.
794 1811 882 1872 Hunc
904 1812 996 1889 igitur
1014 1811 1055 1869 ri·

95 1897 164 1952 turn
185 1907 224 1951 ox
244 1890 365 1950 Domini
394 1888 553 1952 traditione
581 1893 774 1966 accepimus,
804 1893 856 1968 qui
879 1892 1053 1954 Passionem

3 1981 5 2046 t
95 1990 185 2034 suam
208 1987 280 2032 mex
301 1972 494 2035 futuram-ea
512 1972 657 2035 tractiono
679 1974 856 2053 designarit.
881 1972 983 2052 Hujus
999 1973 1055 2034 lra-

96 2055 205 2118 otionis
228 2060 382 2133 tamquam
405 2054 434 2112 iu
450 2051 585 2116 Ecclesia
607 2072 739 2132 semper,
763 2062 794 2116 et
816 2056 929 2132 ubique
943 2074 961 2115 a
977 2060 1054 2116 teur-

96 2137 223 2277 Boribus
239 2135 453 2213 Apostolorum
476 2137 603 2197 usitatae
619 2138 802 2198 mentionem
825 2136 940 2198 iaciunt
954 2136 1055 2198 Sancti

121 2222 225 2284 atres,
242 2218 336 2278 etalii
351 2214 552 2278 Ecclesiastlci
569 2216 746 2295 Scriptores.
769 2218 910 2281 Clemens
924 2217 1056 2279 Alexan·

96 2300 222 2368 drinus‚
244 2297 341 2360 Lib.l
364 2298 562 2370 stromatum·
584 2297 751 2378 Gregorius
772 2299 988 2368 Nazianzenus,
1013 2298 1056 2360 Ε-

91 2383 205 2461 pistolu
227 2379 293 2442 240
313 2379 354 2442 ud
375 2381 620 2460 Amphilochium
643 2382 839 2460 Augustinus,
865 2381 997 2462 Epistola
1012 2379 1056 2441 59

97 2461 139 2522 ud
161 2463 334 2523 Paulinum.
365 2460 519 2539 Liturgiae
547 2480 669 2540 quoque
693 2481 904 2542 quaecumque
926 2468 1052 2534 extant,

97 2543 177 2605 hanc
199 2544 376 2604 tractionem
399 2543 609 2620 praescribunt
629 2542 755 2622 ejusque
777 2547 928 2624 mysteria·
944 2543 1055 2605 edisse·

96 2633 171 2687 runt
196 2623 358 2687 Sacrorum
373 2622 499 2686 Rituuur
516 2625 716 2702 expositores.
730 2624 828 2686 Latini
845 2625 981 2686 dividunt
993 2622 1055 2685 llo·

5 2713 31 2752 ='
97 2708 187 2768 stiam
215 2709 245 2768 iu
267 2713 331 2768 tres
356 2711 477 2784 partes,
506 2704 614 2768 Graeci
640 2713 671 2768 et
695 2707 804 2782 reliqui
829 2706 1001 2769 orientales
1024 2707 1054 2766 in

98 2793 252 2868 quatuor,
276 2787 450 2850 Mozarabes
470 2788 500 2847 in
523 2805 655 2859 novem3
681 2789 762 2866 quod
778 2796 879 2850 autern
896 2791 925 2850 in
940 2790 1054 2868 plures,

98 2877 151 2932 eut
174 2871 331 2947 pauciores
353 2876 452 2947 partes
474 2867 583 2931 Hostia
605 2869 776 2938 dividatur,
800 2870 829 2930 id
846 2887 904 2930 non
926 2869 1057 2947 pertinet
1112 2913 1116 2919 ·

98 2951 137 3012 nd
161 2952 365 3032 integritatem
388 2950 545 3012 Sacrifieii.
571 2949 731 3013 Praeterea
754 2950 779 3010 si
800 2950 1081 3024 Christusllomi2
1152 2984 1155 2990 -

98 3051 157 3096 nus
172 3033 230 3094 hoc
245 3034 474 3095 Sacramentum
492 3032 652 3094 instituens
666 3031 818 3110 Apostolis
832 3033 1002 3095 mandavit.
1025 3037 1058 3092 et

97 3133 155 3194 por
177 3115 337 3192 Apostolos
359 3115 444 3176 nobis
465 3115 591 3178 diceus:
614 3112 698 3176 Horo
721 3115 959 3193 quotiescumque
980 3114 1056 3193 scoc-

98 3197 181 3266 ritis,
203 3198 238 3257 iu
259 3199 318 3258 mei
340 3203 518 3259 memorium
540 3197 668 3276 societis,
692 3195 843 3273 quomodo
857 3199 965 3273 aptius,
989 3212 1057 3255 oon·

96 3279 279 3351 venientius,
304 3297 339 3341 ac
354 3279 463 3342 melius
479 3278 544 3358 ejus
561 3280 741 3340 memoriam
764 3281 990 3356 repraesentare
1007 3294 1058 3354 po·

98 3363 157 3423 tuit
178 3357 312 3422 Ecclesia
333 3359 490 3433 Romana,
516 3360 572 3422 nisi
594 3378 648 3438 per
672 3359 821 3437 triplicem
842 3359 966 3421 Hostiae
989 3375 1057 3435 par-

99 3443 259 3509 titionem,
283 3460 361 3519 quae
382 3442 607 3505 Sanctissimam
628 3439 805 3504 Trinitatem
827 3442 857 3501 in
873 3441 931 3501 hoc
952 3438 1056 3516 Augu·
1136 3442 1140 3450 “

99 3524 230 3586 stissimo
251 3521 398 3603 Mysterio
425 3529 602 3604 operantem
628 3524 805 3592 denotaret,
833 3530 866 3584 ut
887 3519 1057 3599 Stephanus

100 3603 247 3670 Edueusis
269 3608 310 3667 ait
331 3605 368 3668 de
395 3603 592 3668 Sacramento
614 3604 726 3669 attaris
748 3603 821 3683 Cap.
847 3602 886 3665 18
913 3620 973 3682 qua
994 3607 1055 3664 tres
