2517 4059
549 208 692 281 “w-286
713 218 773 280 i&

187 344 287 400 mutae
310 339 506 414 quantitatis,
531 338 609 415 quod
634 355 701 397 eum
719 340 789 415 ipsis
804 338 903 398 divina
928 340 1072 414 mysteria
1089 356 1142 397 ue·

186 438 336 498 quaquam
360 427 496 497 poterant
517 421 686 479 celebrari:
711 438 838 495 quorum
855 437 931 481 unus
953 421 1027 479 duas
1052 420 1145 479 habe-

185 502 237 562 bat
259 520 367 569 ansas,
391 518 469 577 quae
491 507 631 578 poterant
652 518 760 560 manus
789 503 906 577 replere
929 501 1066 561 levantis.
1090 498 1144 561 Ca·

186 584 270 644 relus
292 583 417 659 Magnus
440 582 519 656 apud
543 583 735 642 Anastasium
759 584 786 639 in
816 583 876 641 rita
899 582 1006 643 Leonis
1030 582 1071 643 lll
1094 585 1143 641 ob-

186 665 290 725 tulisse
311 665 424 723 dieitur
445 663 577 724 Calicem
601 664 748 742 majorem
773 680 841 726 cnm
858 666 984 741 gemmis
1006 671 1036 723 et
1063 666 1145 723 ausis

185 747 302 806 duabus
320 751 492 822 pensantem
509 744 722 805 libras-LVlll.
737 744 820 805 idem
838 746 1010 805 Anastasius
1028 746 1055 802 iu
1071 744 1143 804 Gre-

185 829 268 904 gorio
289 825 334 886 lll
356 831 575 886 commemorat
590 827 668 886 inter
684 826 805 886 donaria
822 824 951 887 Calicem
969 846 1036 884 rum
1060 844 1146 901 gem·

185 910 242 967 mis
267 916 439 983 pensantem
462 906 554 965 libras
574 906 717 967 XXXlV
739 914 768 966 et
791 910 818 967 in
842 907 941 967 Leone
965 906 1005 967 lV
1028 904 1141 966 Calices

184 987 317 1067 majores
341 1006 378 1049 ex
401 993 526 1063 argento
548 990 732 1064 purissimo,
756 991 806 1065 qui
829 990 959 1067 pendent
982 990 1086 1062 inquit,
1110 990 1147 1046 i'n·

184 1088 258 1129 arcu
283 1087 411 1129 numero
433 1066 463 1127 X
487 1076 517 1127 et
539 1071 634 1135 alios,
658 1071 711 1146 qui
739 1070 869 1145 pendent
890 1072 967 1129 iuter
989 1071 1143 1130 columnas

184 1168 311 1211 numero
333 1150 388 1209 Xl,
406 1157 564 1225 pensantes
578 1151 668 1211 simul
686 1152 776 1209 libras
791 1148 964 1211 CCLXVll.
984 1150 1146 1210 Habebam

185 1231 217 1292 hi
241 1234 396 1291 catenulas
417 1236 448 1289 et
469 1248 580 1300 ausas,
604 1232 715 1307 quibus
747 1237 814 1291 ante
837 1232 940 1293 Altare
967 1233 1071 1291 diebus
1098 1230 1140 1290 le-

184 1314 239 1371 stis
260 1312 516 1388 appendebantur.
530 1312 685 1371 Prioribus
700 1317 802 1372 autem
819 1315 1002 1391 temporibus
1019 1320 1083 1371 tulo
1097 1311 1141 1371 al-

184 1392 308 1452 lirmare
332 1410 515 1469 possumus,
540 1396 629 1452 etiam
665 1394 797 1469 picturas
823 1390 974 1455 Calieihus
996 1392 1143 1453 Euchari-

185 1476 267 1535 sticis
290 1476 398 1551 apponi
422 1476 636 1543 consuevisse,
660 1474 740 1551 quod
762 1492 799 1533 ex
821 1474 1005 1536 Tertulliano
1028 1476 1142 1553 colligi-

184 1562 233 1615 tur
256 1555 322 1614 Lib.
347 1557 384 1615 de
409 1553 565 1615 Pudicitia
586 1553 659 1633 Cap.
684 1557 714 1613 7.

224 1635 279 1697 lll.
304 1634 438 1696 Calicum
463 1641 565 1696 autem
590 1640 690 1696 variae
713 1636 834 1696 luerunt
856 1639 980 1713 species.
1004 1636 1144 1696 Fuerunt

182 1718 261 1775 enim
288 1718 405 1778 Calices
427 1717 658 1783 ministeriales,
686 1715 862 1797 Offertorir',
886 1722 1027 1799 majores,
1047 1728 1073 1777 et
1090 1720 1144 1776 mi-

181 1815 276 1857 nerea
303 1796 451 1872 losephus
475 1796 651 1859 Vicecomes
674 1798 762 1857 Libro
786 1797 829 1858 Vl
850 1799 887 1858 de
916 1799 1026 1861 Missae
1048 1817 1142 1877 eppe-

182 1889 253 1939 retu
275 1877 350 1954 Cap.
375 1879 436 1940 Xll
460 1885 544 1939 reete
564 1881 796 1947 animadvertit,
824 1878 940 1941 Calices
954 1882 1142 1941 ministerio-

182 1960 246 2026 les,
270 1977 323 2018 eos
346 1968 462 2019 tantum
498 1961 592 2021 dictos
625 1980 711 2027 esse,
736 1961 786 2034 arri
822 1964 963 2022 tradendo
986 1961 1142 2022 Fldelibus

182 2038 295 2101 Christi
318 2042 496 2117 sangninem
513 2043 725 2101 inserviebant.
742 2041 856 2103 Deinde
872 2046 1050 2112 sciscitatur,
1070 2060 1143 2101 num

182 2122 211 2179 ie
235 2119 388 2182 Calieihus
411 2122 654 2183 ministerialibus
677 2123 835 2200 Sanguinis
857 2123 967 2185 Christi
991 2140 1144 2185 eonsecra-

181 2202 223 2261 tio
246 2199 357 2268 lieret,
381 2221 420 2260 an
434 2221 508 2263 vero
531 2205 560 2261 in
583 2221 634 2263 eos
656 2223 692 2265 ex
716 2207 773 2265 alio
789 2201 887 2265 Calice
903 2208 1023 2282 sanguis
1045 2205 1141 2264 effun-

181 2283 306 2342 deretur
334 2301 388 2361 pro
409 2282 558 2345 Fidelium
591 2280 814 2345 communione.
838 2285 1006 2365 Propoudet
1037 2288 1141 2345 aulem

182 2363 320 2422 laudatus
344 2363 522 2425 Vicecomes
544 2367 573 2424 in
595 2385 663 2428 eam
687 2369 878 2437 sententiam,
903 2377 935 2428 ut
957 2368 1070 2429 Calices
1086 2370 1143 2427 mi-

180 2446 352 2504 nisteriales
383 2465 476 2523 super
508 2447 594 2507 altari
624 2456 830 2527 ponerentur,
855 2467 888 2509 ae
915 2452 946 2507 in
974 2450 1009 2509 iis
1031 2448 1140 2509 Christi

181 2524 341 2601 Sanguinis
356 2531 541 2588 consecratio
557 2527 655 2597 lieret;
674 2530 725 2589 sed
742 2528 930 2607 conjecturas
945 2529 1141 2591 vicecomitis

183 2623 356 2676 corruere,
379 2628 415 2669 ex
439 2610 586 2684 hisquae
620 2610 838 2689 subjiciemus,
864 2613 956 2686 probe
979 2612 1139 2687 intelliges.

185 2686 219 2747 lu
243 2685 407 2750 Ordinibus
429 2692 572 2751 Romanis
594 2694 694 2770 primo
717 2699 747 2753 et
770 2694 901 2752 seeundo
923 2712 1002 2753 rinus
1025 2697 1142 2752 tantum

180 2766 267 2829 Calix
292 2788 346 2846 pro
371 2773 598 2832 consecratione
620 2774 772 2851 sauguinis
799 2782 999 2835 memoratur.
1021 2773 1142 2833 Tertius

180 2856 283 2911 autem
307 2850 392 2912 Ordo
413 2860 474 2914 tres
495 2850 610 2914 Calices
633 2857 786 2932 designat.
805 2873 913 2933 nempe
936 2858 1093 2935 mojorem,
1110 2854 1140 2912 in

179 2949 242 3007 quo
265 2933 488 3010 recipiebantur
511 2936 601 3011 primi
623 2936 684 2995 vini
714 2934 902 3007 oblationes3
927 2938 1064 3015 scyphum
1086 2951 1141 2996 seu

182 3012 316 3075 Calicem
337 3017 585 3085 ministerialem,
610 3020 661 3093 qui
684 3021 714 3075 et
734 3015 817 3077 Calix
840 3017 938 3096 major
961 3021 1058 3077 dictus
1080 3021 1138 3088 est3

178 3099 209 3153 et
224 3092 358 3156 Calicem
371 3114 492 3157 sacrem
508 3100 536 3155 in
553 3116 613 3173 qrro
628 3096 718 3159 fiebat
733 3102 929 3159 consecratio.
943 3098 1032 3175 Apud
1048 3097 1140 3157 Ama·

179 3174 287 3235 larium
313 3196 390 3239 rinus
412 3185 526 3238 tantum
550 3177 635 3240 Calix
659 3197 712 3257 pro
735 3182 960 3241 consecratione
982 3178 1141 3257 Sanguinis

178 3265 376 3319 memoratur.
395 3258 576 3320 Perdurarit
596 3268 698 3321 autem
716 3278 782 3321 mos
798 3262 853 3324 iste
876 3263 904 3320 iu
927 3259 1061 3320 Ecclesia
1079 3256 1139 3317 llo·

179 3350 288 3406 mana,
313 3347 346 3399 ut
366 3341 482 3401 Calices
511 3348 572 3403 tres
595 3342 624 3401 iu
649 3342 738 3403 lllissa
767 3342 892 3403 solemni
915 3340 1041 3403 Romani
1063 3338 1139 3400 Pon·

178 3417 289 3487 tilicis,
314 3422 534 3483 adhiberentur
558 3440 717 3500 usquequo
741 3423 822 3484 laicis
845 3414 1002 3500 utriusque
1024 3423 1138 3498 speciei

178 3503 350 3562 communio
373 3503 543 3582 dispensata
566 3505 634 3564 luit.
658 3503 753 3565 Porro
785 3506 998 3565 ministeriales
1019 3502 1140 3565 Calices

177 3588 320 3665 oranter
344 3602 442 3653 auro,
466 3591 498 3646 et
518 3592 666 3664 argento,
690 3592 724 3647 ut
744 3604 780 3646 ex
805 3586 907 3647 multis
929 3584 1009 3646 Libri
1033 3584 1135 3645 Ponti·
