2517 4059
435 184 659 256 wiorm-

85 314 118 373 cti
137 312 207 373 ΧΙΙΙ
230 314 278 372 die
300 313 341 373 22
362 316 492 391 Augusti
517 310 596 373 1725
617 317 650 373 et
676 330 713 371 cx
734 312 865 375 Decreta
887 314 1023 393 ejusdem

85 392 119 453 Ἠ
137 394 264 474 Augusti
288 396 367 455 1727
389 398 534 457 recitatur
557 394 585 452 in
609 396 748 455 universa
770 393 916 456 Ecclesia.
940 397 1023 471 Qua·

84 481 192 552 propter
215 478 322 538 scribit
342 477 480 557 Guyetus
511 475 549 537 de
571 474 667 537 Fastis
691 480 818 554 propriis
841 476 1019 539 Sanctorum

82 556 138 616 Lib.
162 557 189 619 ΙΙ
210 559 285 636 Cap.
303 558 333 619 lt:
350 560 428 621 Soet
449 556 623 617 B.Morioo
647 559 730 617 tituto
752 560 907 620 tmttcotoa
927 563 1023 621 coriis

81 641 110 697 io
122 642 189 700 locis
202 638 399 710 Festioitotcs,
412 651 491 718 puta
506 638 645 699 dolorum
660 642 711 700 ico
728 643 936 721 compassionis
947 645 1023 722 ejac-

82 720 138 779 dom
158 722 339 798 seniorecto
365 732 437 781 anto
450 721 644 780 Dominicom
670 719 848 781 Palmarom
870 721 1021 795 Parisiis,

81 800 233 881 Animam,
258 802 431 865 Pictooiict
453 802 527 864 olidi
536 805 663 880 possim.

114 882 150 943 li:
174 886 380 946 Acerbissimo
402 885 493 961 igitur
515 883 618 943 dolore
641 884 675 943 B.
700 882 854 961 Virginem
879 887 908 943 in
930 886 1022 945 divini

80 962 137 1024 Filii
158 970 294 1044 passione
317 966 407 1027 luisse
428 965 595 1025 contectam
618 983 687 1023 cum
711 964 742 1025 S.
769 966 927 1026 Ambrosio
948 968 1025 1027 alitr-

80 1064 209 1115 manrus;
244 1066 324 1125 quae
346 1055 445 1109 tamen
468 1046 651 1107 volunlatem
676 1045 772 1106 Patris
807 1048 898 1123 probe
921 1050 1024 1125 explo-

18 1127 19 1198 Ϊ
83 1136 167 1187 raam
190 1131 324 1196 habens,
349 1133 460 1207 ut'pro
482 1129 691 1204 redemptione
714 1130 816 1187 mundi
840 1127 933 1191 Filius
956 1132 1020 1191 neci

18 1213 19 1256 ἰ
79 1208 253 1277 dederetur„
268 1212 374 1272 eodem
398 1219 532 1289 tempore
553 1226 615 1284 quo
637 1208 834 1272 veliementer
856 1213 955 1272 animo
976 1232 1025 1274 an·

18 1331 19 1334 ,
80 1292 217 1365 gebatur,
250 1293 306 1354 Dei
326 1291 473 1372 justitiam
497 1297 529 1351 et
550 1290 787 1351 miscricordiam
810 1294 969 1360 adoravit,
993 1299 1025 1355 et

80 1373 109 1429 ad
129 1372 196 1450 ejus
211 1374 413 1434 voluntatem·
425 1375 558 1433 animum
574 1371 757 1433 confortavit
770 1392 871 1445 suum,
896 1382 926 1435 ct
942 1375 1023 1434 nullo

18 1455 19 1460 ’
80 1453 208 1515 indecoro
231 1456 313 1517 edito
335 1453 426 1517 tracti
443 1456 535 1513 animi
558 1453 676 1521 indicio,
701 1460 770 1515 ante
791 1454 919 1515 Crucem
944 1456 1025 1533 pedi·

18 1559 19 1590 r
79 1533 227 1597 hosstein
262 1554 380 1596 summa
404 1532 602 1605 tortitudine,
637 1540 727 1609 atque
750 1538 923 1596 constantia.
949 1537 1024 1595 Anto

18 1627 19 1638 ¹
82 1614 195 1677 Crocom
211 1620 321 1685 stabat,
336 1628 363 1677 ot
372 1619 435 1696 piis
445 1618 593 1695 spectabat
605 1617 695 1677 acolis
709 1614 783 1675 Filii
797 1620 934 1683 volnera,
953 1619 1025 1696 qnia

18 1733 19 1738 κ
81 1702 246 1774 expectabat
273 1718 331 1757 non
355 1701 491 1777 pipooric
520 1708 654 1762 mortem,
683 1697 861 1758 eadmundi
886 1700 1022 1759 salutem.

80 1775 145 1839 Sunt
165 1783 261 1842 rerba
282 1779 433 1839 Ambrosii
459 1783 486 1839 in
508 1779 582 1857 Cap.
600 1776 709 1839 XXiiI
730 1776 840 1839 Lucae.
864 1778 1022 1840 Praeclare

81 1862 159 1921 ctiam
180 1862 357 1923 Hadrianus
379 1863 502 1936 Mangot
524 1864 550 1919 in
573 1858 701 1920 Monitis
715 1857 867 1921 Marionis
883 1880 912 1937 p.
931 1860 949 1921 lo
965 1880 1026 1920 mo-

80 1942 126 2002 nit.
138 1942 188 2003 Sit:
201 1944 325 2006 Mariae
339 1944 486 2021 fortitudo
509 1954 570 2004 toto
588 1944 655 2022 ajat
679 1941 750 2007 cita,
774 1942 824 2001 sod
838 1944 970 2001 marciana
991 1944 1026 2001 in

80 2025 170 2085 nme*
186 2025 264 2088 Filii
287 2026 406 2095 enituit.
428 2026 511 2085 Licet
534 2041 621 2084 nemo
645 2023 778 2101 perlecto
801 2026 951 2101 explicare
968 2038 1026 2083 'va-

81 2102 150 2173 teat,
173 2114 304 2184 quantus
326 2106 418 2167 tuerit
441 2107 547 2175 dolor,
570 2122 630 2181 quo
653 2104 828 2165 Beatissima
852 2104 945 2185 Virgo
968 2105 1027 2166 luit

18 2209 19 2260 3
80 2186 191 2257 affecta}
214 2208 255 2251 err
278 2190 427 2249 nonnullis
448 2194 548 2248 tamen
572 2187 719 2263 capitibus
741 2193 840 2262 potest
861 2189 960 2265 aliqua
984 2206 1022 2248 ox

18 2275 19 2344 l
81 2277 154 2342 parte
174 2271 363 2349 investigari.
387 2268 488 2329 Primo
510 2288 547 2330 ex
570 2268 713 2344 dignitate
735 2266 846 2329 Christi
869 2270 1021 2346 patientis,

18 2349 19 2392 ³
81 2358 385 2429 quamcontemptam
418 2351 477 2411 alte
499 2351 692 2411 considerans
714 2346 890 2409 Beatissimi
914 2351 1032 2427 Virgop

18 2433 19 2444 ¹
81 2448 131 2491 non
150 2431 250 2510 potnit
264 2448 385 2493 summo
406 2432 564 2492 nonaffici
586 2432 733 2492 cruciatur
758 2430 837 2505 Quid
853 2435 935 2491 enim·
949 2432 1030 2493 vidit·

80 2509 163 2575 Maria
186 2518 214 2577 in
238 2516 384 2576 Christo?
412 2511 493 2575 Vidit
512 2516 548 2574 in
563 2533 594 2572 eo
616 2512 776 2589 respondet
798 2512 828 2572 S.
854 2511 1025 2574 Bernartius
1131 2522 1135 2529 “

77 2599 201 2669 pretinm
229 2596 349 2660 mnndi,
375 2596 475 2676 pretio
498 2596 553 2655 oili
580 2594 771 2655 distractam.
803 2592 1027 2655 Fortitudinem

84 2669 256 2739 Sanctorum
270 2680 305 2738 in
320 2679 430 2755 agonia
444 2678 569 2755 [actam.
597 2676 765 2753 Speciosam
790 2678 888 2753 formo
902 2695 977 2756 praa
992 2676 1026 2757 fi-

81 2754 122 2816 liis
134 2760 301 2828 hominnm,
313 2762 439 2837 plenum
453 2758 560 2818 sodorc
571 2760 744 2836 sanguineo.
762 2758 926 2817 Dominum
933 2754 1026 2817 mun·
1073 2823 1075 2827 ,

82 2834 118 2905 di,
141 2852 175 2901 ct
191 2845 339 2903 latronem
355 2841 607 2919 comprehensam.
640 2838 783 2899 Virtutem
799 2840 956 2906 coeloram,
974 2856 1026 2898 or·

82 2920 212 2983 otiocitas
228 2923 359 2982 oincnlia
374 2923 578 2983 constrictam.
590 2964 617 2979 ..
632 2920 671 2979 Ia
687 2919 775 2981 coelis
789 2920 989 2999 plorificotom
1006 2936 1026 2979 a

82 3004 276 3081 scalonissimis
299 3014 431 3085 sprctam
463 3001 625 3064 Coclorom
640 3020 750 3079 regam,
775 3002 937 3065 osoclostis
957 3001 1026 3060 illc·

82 3098 148 3143 som.
168 3084 309 3156 &cundo
331 3102 369 3144 ca
384 3084 555 3144 innocentia
566 3080 696 3155 ⁴Cirristi3
722 3099 788 3141 narn
806 3081 901 3157 dolor,
926 3083 1024 3157 inquit

82 3158 108 3218 S.
128 3164 258 3229 Thomas
281 3165 311 3224 3.
335 3185 365 3243 p.
389 3184 420 3242 q.
444 3162 485 3224 ta
505 3183 536 3223 a.
560 3161 580 3221 6
601 3173 732 3242 augetur
758 3180 797 3221 asc
822 3164 1021 3233 innocentio,

82 3242 267 3323 intonatum
292 3245 489 3326 apprehendit
499 3256 713 3321 *nocumentum
739 3245 859 3305 illatam
879 3256 913 3304 at
928 3246 1024 3322 magis

73 3324 238 3389 indebitum
249 3328 411 3392 mcondom
427 3328 499 3386 illud
522 3328 619 3389 Isaiae
640 3325 713 3403 Cap.
732 3326 784 3387 57:
808 3326 907 3387 iustus
923 3335 1025 3385 actam

80 3410 161 3478 perit,
184 3422 211 3471 ct
223 3428 283 3469 non
298 3418 339 3469 ast
354 3410 407 3488 qai
422 3406 569 3485 'recogitat
582 3408 618 3467 in
634 3408 733 3468 cordo.
758 3405 862 3468 Tertio
884 3425 921 3468 ex
944 3418 1038 3467 acor-⁸

84 3484 165 3551 bitate
185 3492 344 3570 passionis,
368 3508 458 3567 quarn
481 3490 619 3550 Salvator
642 3489 822 3563 sustinebam
847 3490 1022 3549 tantacnim

72 3566 142 3642 tuit,
163 3582 304 3649 quantam
327 3590 417 3635 namo
431 3588 565 3649 unquam
577 3588 694 3647 passus,
718 3578 771 3631 aut
786 3587 929 3647 passurus
944 3577 1020 3631 erat.
