2517 4059
526 165 748 239 simillimas

165 271 329 349 Liturgiaru
353 279 445 340 edidit
468 285 497 344 iu
519 307 572 349 suo
594 293 778 376 Euchologio
802 304 926 367 lacobus
949 306 1052 382 Goar,
1088 324 1120 377 ot

164 371 233 413 eum
257 357 391 430 pluribus
414 370 474 423 tarn
497 368 764 456 impressisquam
786 385 872 447 MSS.
895 392 1121 469 exemplaaihus

165 440 302 501 eontulit,
326 440 488 513 discussit,
512 460 643 519 etnotis
664 464 824 526 illustravit
845 470 921 529 atleo
943 477 1064 549 copiose
1087 486 1119 539 et

162 518 290 582 erudite,
315 528 348 581 ut
371 524 444 583 nihii
461 526 526 605 ejas
547 536 719 615 diligentiae
742 548 808 607 addi
826 554 927 624 possit.
952 551 1118 619 Pluraad·

162 615 268 657 versus
292 601 367 661 naue
384 605 551 688 Lilurgiam
574 628 959 699 oppououtProteslauies.
985 642 1130 707 nieuw

107 706 112 714 ·
161 679 231 738 dem
254 684 377 742 Arrctori
400 706 454 749 suo
475 693 692 775 chrysostomo
708 709 942 779 detinuisset
964 720 1052 781 irrito
1065 740 1119 783 oo-

162 766 242 820 uatu.
267 763 318 825 ntt
338 769 419 827 enirn
441 770 577 840 Oudinus
598 785 628 843 iu
651 807 703 849 sua
724 790 911 869 Scriptorum
927 795 1115 867 Ecclesiasti-

160 860 263 901 corum
284 843 446 919 Historia,
483 858 574 933 ipsius
593 871 674 927 seori
697 870 836 933 Booloris
866 896 925 937 uon
948 896 1013 940 esse
1036 883 1115 945 ham

159 922 341 999 liturgiam,
367 932 569 1010 ineassum,
592 949 710 1025 inquil,
733 954 910 1019 Beatissimo
932 958 1025 1039 Virgo
1049 966 1113 1027 Ma-

160 1005 205 1063 ria
229 1010 419 1081 praedicatur
435 1021 555 1092 penitus
576 1028 822 1108 incontaminata,
848 1040 1020 1103 honoratior
1036 1046 1114 1109 Che-

158 1088 269 1156 rubim,
294 1098 325 1149 et
346 1097 502 1169 gloriosior
526 1105 802 1188 incomparabiliter
824 1120 1006 1199 Seraphim:
1032 1130 1112 1204 quod

156 1185 173 1222 a
195 1168 403 1245 Chrysuslomi
437 1181 573 1246 doctriua
596 1194 813 1258 alienissimum
835 1220 900 1264 esse
931 1208 1027 1267 solitis
1048 1213 1111 1271 suis

156 1250 417 1328 cavillationibus,
441 1270 472 1321 et
492 1268 684 1345 sophismatis
708 1281 837 1357 probare
861 1286 990 1353 rtttttur,
1023 1292 1108 1367 quasi

155 1326 388 1407 chrysostomus
415 1342 568 1423 indignum
592 1357 703 1433 aliquid
734 1361 770 1422 do
793 1363 967 1427 Beatissimo
989 1390 1111 1451 semper

155 1409 281 1487 Virgine
302 1423 429 1482 senserit
450 1428 620 1509 inscriptis
642 1443 725 1512 suis,
749 1446 792 1503 uti
816 1446 889 1507 laiso
911 1449 1005 1526 jactat
1026 1454 1111 1515 maii·

153 1510 232 1569 gnus
249 1496 303 1558 isle
319 1501 521 1577 Apustala‚.el
536 1512 589 1574 SS.
603 1516 659 1580 PP.
675 1526 885 1589 calumniator.
905 1528 1009 1600 Porro,
1024 1536 1108 1611 qood

154 1573 250 1637 Maria
271 1576 362 1656 Virgo
377 1584 470 1649 luerit
482 1597 603 1670 ,penitus
616 1602 846 1669 inooulamiuata
863 1630 900 1687 ap

154 1659 231 1717 serit
244 1658 483 1749 Chrysostornus
492 1674 599 1738 Oratio
616 1683 644 1741 iu
658 1687 789 1753 ¹Beatam
806 1691 960 1769 Virginem
976 1696 1025 1756 iris
1037 1716 1110 1759 uer·

152 1738 210 1797 his:
229 1740 328 1819 ‚Vtryo
349 1747 489 1814 innocens
510 1757 573 1817 sino
594 1770 736 1839 mocula,
758 1775 841 1833 omni
862 1775 951 1853 culpo
973 1796 1106 1846 tunnas,

151 1820 342 1891 intemerato,
366 1828 535 1910 impolluta,
560 1855 664 1907 suario
686 1848 816 1922 natue,
840 1864 867 1913 rt
894 1856 1043 1936 Corpore·
1068 1864 1108 1923 ti·

151 1910 201 1960 cat
225 1904 324 1963 tilium
347 1912 432 1971 inter
450 1920 551 1996 spinos
571 1929 754 2001 perannum.
778 1932 865 2007 Quod
888 1943 989 1999 autern
1009 1941 1107 2005 luerit

149 1982 325 2046 honoratior
338 1990 519 2071 Cherubim,
542 2013 572 2064 et
585 2008 745 2081 gloriosior
767 2016 1038 2094 incomparabiliter
1050 2020 1105 2087 Se·

150 2065 282 2140 raphim.
304 2070 384 2131 idem
408 2076 513 2140 Oratio
527 2084 559 2144 in
571 2086 751 2169 ilypapaote
769 2094 855 2157 Dum.
881 2098 980 2179 ttryo,
998 2107 1105 2182 iuquit,

147 2148 320 2207 eoolmtiius
329 2160 475 2230 polrentiis
480 2173 700 2241 praestantior,
717 2178 788 2236 illua
804 2182 883 2248 enim
900 2200 967 2241 oum
985 2186 1100 2257 timore,

151 2238 177 2289 et
191 2239 323 2288 tremore
337 2238 479 2300 assistunt
491 2248 624 2311 aetantes
637 2254 748 2329 faeiem
762 2274 857 2320 saum.
1112 2306 1120 2325 ι

191 2307 231 2368 ΙΙ.
255 2309 341 2373 Haeo
362 2321 528 2386 clarissima
549 2340 642 2398 sarni.
668 2356 765 2413 neque
787 2342 950 2403 verborum
974 2348 1104 2411 circum·

149 2391 300 2452 locutione
320 2397 444 2471 locata3
468 2423 563 2481 quaro
583 2415 611 2471 si
634 2415 710 2478 lineo
732 2420 802 2482 aiihi
824 2423 901 2485 dixit
919 2426 1102 2505 chrysosto-

148 2489 227 2541 mus,
248 2493 344 2537 occur
359 2481 464 2544 eedem
481 2489 581 2550 dicere
597 2514 656 2555 uon
674 2507 792 2575 proterat
814 2505 841 2563 iu
857 2504 1015 2585 liturgia?
1036 2511 1102 2573 Hoc

146 2552 257 2628 ipsum,
282 2560 423 2623 videlieet
437 2585 527 2642 quam
541 2582 654 2647 sancte,
682 2582 741 2657 pie,
761 2603 795 2645 ao
807 2587 1021 2669 tenuissima„
1034 2612 1102 2655 sen-

144 2637 220 2694 serit
241 2639 279 2698 de
301 2641 474 2708 Beatissirua
499 2650 623 2734 Vir-gine
653 2662 749 2724 ilario
774 2666 1007 2745 chrysostomus
1027 2676 1101 2736 salis

145 2731 296 2794 superque
317 2732 378 2785 ‚et
398 2729 435 2788 ad
463 2733 643 2799 evidentiam
668 2747 798 2809 ostendit
819 2747 1002 2831 Hippolytus
1023 2756 1102 2817 Mar·

146 2800 261 2858 raccins
284 2813 347 2864 tum
373 2808 400 2865 iu
423 2829 476 2873 sua
494 2814 680 2896 Polyanthos
693 2824 851 2897 Mariano,
869 2832 918 2892 uhi
942 2836 1100 2898 innumera

142 2876 282 2955 ejusdem
297 2885 504 2965 Chrysustomi
523 2897 627 2977 Elogia
643 2904 680 2965 de
696 2907 729 2965 B.
744 2909 868 2988 Virgine
884 2915 1018 2991 protero
1034 2924 1099 2989 lum

142 2960 171 3017 in
194 2963 334 3026 audictis
351 2970 630 3053 Chrysostomionis,
657 3004 710 3047 seu
734 2991 770 3051 de
793 2992 824 3053 S.
849 2994 891 3055 lo.
908 2994 1097 3077 ‘Chrysoslo

142 3059 191 3101 mo
224 3046 252 3103 in
275 3045 484 3118 Controversia
506 3061 717 3143 conceptionis
739 3070 874 3149 ejusdem
904 3078 1098 3141 Beatissimae

140 3121 275 3201 Virginis
296 3128 410 3193 Mariae
432 3140 470 3199 ah
492 3144 732 3212 adversariorum
754 3155 1002 3233 imputationibus
1035 3165 1097 3223 viu·

140 3205 238 3267 dicato
259 3211 332 3271 edit.
354 3213 471 3280 Romae
497 3222 587 3286 leot.

182 3286 235 3349 ΙΙΙ.
260 3288 386 3355 Praeter
408 3300 497 3364 hasce
521 3306 655 3389 liturgias
676 3314 734 3374 alia
756 3313 880 3380 Graecis
904 3323 932 3380 in
956 3341 1010 3384 usu
1034 3334 1092 3394 est,

140 3384 229 3443 quam
258 3384 367 3437 vocant
390 3378 742 3469 Praesanotificatotum‚
766 3403 796 3459 et
811 3416 881 3460 oum
903 3401 1037 3483 Liturgia
1061 3406 1093 3466 S.

137 3446 277 3529 Gregorii
300 3455 476 3525 Nazianzeui
498 3472 655 3536 confundit
677 3477 847 3541 Lndovious
875 3481 999 3545 lacobus
1021 3506 1037 3547 a
1060 3488 1090 3549 S.

136 3529 243 3592 Catulo
265 3534 546 3627 narniniensis.
572 3574 640 3633 pag.
665 3556 707 3619 86
730 3569 768 3622 ot
783 3560 834 3621 88.
860 3564 934 3625 Eam
965 3564 1095 3629 Graeco-
