2517 4059
432 190 491 249 -ssps
516 178 653 276 tatem·

87 318 136 378 tur,
157 318 185 371 et
200 316 258 370 lani
271 311 345 387 ipse,
372 327 462 387 quam
477 296 557 369 illius
573 317 669 371 nraler
686 306 837 367 Elisabeth
854 307 1024 383 repleretur

86 392 181 471 Spiritu
196 392 312 452 Sancto.
333 388 371 450 Ut
387 390 480 449 Maria
497 390 696 451 obedientiam
714 388 881 449 hortatibus
893 386 1023 468 Spiritus

85 474 179 542 Sancti
205 477 235 533 et
249 474 375 533 virtutes
390 473 463 531 alias
489 473 517 530 in
535 490 571 532 eo
588 474 693 531 itinere
708 471 895 549 suscipiendo
918 470 1025 547 prode-

84 560 132 615 ret.
146 561 223 615 llaec
240 556 263 615 si
277 554 399 615 Patrem
416 554 512 621 dietis,
530 553 773 633 similitudinibus
788 570 919 629 quoque,
936 556 967 612 et
982 550 1025 611 al-

20 651 21 656 ’
84 638 191 715 tegoriis
216 654 253 695 ex
269 634 424 713 Scriptura
447 636 613 712 desumptis
630 634 821 698 confirmare,
843 638 934 711 elque
958 634 1025 693 illo-

20 763 21 766 ,
84 728 168 779 strare
183 720 279 794 cupis,
296 717 517 795 Carthagenam
540 716 576 777 T.
594 718 637 779 lll
659 714 773 777 Hamil.
795 715 883 777 Cart.
903 714 967 776 Lib.
982 712 1025 776 Vl

83 798 217 862 Homlll
235 798 278 861 IV
293 806 323 860 et
343 799 372 858 V
396 798 471 860 haee
496 800 616 877 copiose
634 803 862 877 persequentem
889 798 1023 857 console.

20 927 21 936 ,
82 881 137 951 Viri
154 884 300 958 praeclari
317 892 375 941 n'on
392 882 491 962 pauci,
520 880 683 942 verisimile
700 885 813 955 putant,
837 876 946 939 Urbem
964 878 1027 941 llo*-

20 987 21 1022 ἕ
83 964 146 1023 bron
171 963 299 1035 incolatu
317 962 489 1028 Zachariae,
517 968 546 1023 et
562 961 754 1022 Elisabethae
778 960 869 1031 luisse
888 961 1026 1019 honesta-

84 1051 145 1105 tarn.
158 1044 192 1109 ln
215 1046 425 1121 haeopinione
438 1035 584 1113 Baronins
605 1040 662 1109 est,
680 1035 802 1125 Teletos
815 1052 946 1119 quoque,
960 1036 1028 1105 alii·
1057 1116 1060 1121 Ι

20 1136 21 1191 l
84 1127 260 1202 qnenobiles
272 1126 449 1203 Scriptores,
463 1125 662 1202 riuos'alleget
674 1123 856 1199 Augustinus
871 1120 987 1201 Calmet
997 1123 1027 1185 in

20 1200 21 1266 l
83 1207 183 1269 Lucam
197 1206 322 1284 Caputl
347 1226 375 1268 v,
394 1199 444 1267 39.
463 1205 720 1286 Eidemopinioni
745 1205 824 1267 lauet
847 1206 953 1282 procul:
973 1206 1029 1265 du·

83 1289 124 1348 bio
149 1286 347 1367 The'ophylus
375 1288 563 1368 Raynaudus'
585 1289 714 1366 Dyptiaa
740 1286 889 1347 Mariana·
907 1292 990 1366 part,
1014 1284 1029 1344 1

80 1370 240 1447 ponet-Vl
265 1363 297 1430 n,'
322 1368 363 1428 2:
389 1377 419 1432 et
440 1390 456 1445 c
481 1371 583 1448 regius,
599 1370 757 1443 Liberatus
780 1368 956 1441 Fassonius‚
986 1368 1028 1427 Da

87 1448 253 1529 Copaitio'nr
269 1451 301 1513 S.
318 1446 442 1511 loannis
455 1390 623 1530 ¹{anitiano
643 1446 936 1530 dliiilierosolymis
952 1451 1029 1535 haue

85 1532 193 1595 laude'rri
216 1534 364 1594 tribuunt.
387 1533 446 1595 Alii
468 1534 577 1611 oppido
600 1532 798 1594 blacherunte
821 1537 906 1593 ¹trans
926 1531 1030 1609 lorda-

84 1631 143 1673 nem
164 1617 272 1691 posito,
295 1616 354 1673 alii·
368 1617 396 1673 in
413 1614 587 1682 Bethleem,
604 1614 660 1687 ,alii
677 1614 804 1689 denique
827 1616 854 1673 in
871 1613 1028 1683 Emmaus,

86 1713 130 1757 seu
150 1703 232 1757 certe
258 1714 349 1773 prope
372 1694 517 1756 Emmaus
539 1692 713 1759 Zachariam
743 1702 891 1759 moratum
916 1696 1028 1769 retunt.

20 1791 21 1794 ’
86 1774 160 1853 llunc
181 1778 557 1844 ridenduur,'an··lllaria,
582 1778 665 1839 nullo
687 1776 820 1837 adhibito
836 1779 951 1836 'comite
974 1776 1032 1835 iter

86 1856 147 1918 illud
173 1859 349 1920 eonteaern.
374 1859 615 1936 sapientissimus
648 1858 827 1920 Benedictus
849 1858 924 1918 xlv
948 1856 1033 1915 valde

88 1942 240 2000 verisimile
263 1941 424 2010 existimat,
448 1958 515 2002 eam
539 1942 568 1999 in
587 1940 697 2001 itinere
721 1940 814 1999 solam
839 1959 896 2001 non
919 1940 1030 2009 luisse;

88 2025 314 2099 comtemnero
342 2024 384 2083 illi
407 2021 498 2083 inisse
519 2020 681 2097 losepbum
715 2021 941 2083 tutoallinnari
975 2038 1033 2079 non

20 2167 21 2172 η
87 2100 307 2181 ρρῑεει.ᾗΑγεΙα
338 2104 367 2163 in
394 2102 512 2174 Pictore
544 2103 717 2181 Christiano
747 2103 862 2165 erudito
895 2104 961 2163 Lib.
983 2100 1041 2162 JV,

88 2180 193 2259 Capti
216 2204 289 2243 nuni
314 2182 333 2243 l
355 2185 649 2260 existimat-puidam
669 2185 835 2259 ’losepbum
868 2188 899 2250 in
928 2187 1034 2247 itinere

89 2267 218 2325 comitem
244 2265 337 2325 luisse
360 2267 395 2325 B.
418 2266 577 2345 Virginis3
603 2266 653 2325 sed
676 2266 807 2327 Pictores
830 2270 958 2345 graviter
986 2284 1034 2326 re-

88 2347 252 2425 prehendit,
276 2347 354 2423 qnod
379 2355 567 2425 praesentem
590 2364 660 2407 eum
684 2348 818 2425 pingant,
843 2370 912 2409 cum
937 2349 1034 2410 hlaria

88 2430 116 2485 et
134 2426 288 2487 Elisabeth
312 2430 389 2489 inter
411 2448 443 2491 se
459 2430 683 2505 colloquuntur.
697 2426 736 2488 Ut
756 2430 792 2489 ad
808 2430 970 2491 Zachariae
985 2446 1035 2489 ae·

20 2527 21 2530 ¹
90 2506 252 2571 desideria
276 2511 424 2584 pervenit,
447 2510 672 2581 Elisabetha'm‚
697 2509 785 2587 eujus
807 2528 895 2572 causa
919 2508 1035 2591 iler‘il-

91 2586 139 2649 lud·
156 2595 343 2666 susceperat,
367 2594 466 2652 statim
490 2592 680 2669 perquisivit,
704 2596 734 2671 et
755 2593 1036 2653 inventam'saluta·

90 2671 135 2731 rit.
160 2669 200 2732 Et
225 2672 353 2732 intravit
369 2671 490 2745 domam
506 2671 671 2733 Zachariae
693 2673 793 2748 inquit
814 2673 920 2741 Lucas,
948 2682 974 2734 at
988 2692 1037 2736 ro·
1127 2738 1130 2745 ,

89 2751 189 2813 tuterit
216 2752 380 2814 Elisabeth.
403 2752 460 2814 His
482 2755 519 2813 de
540 2754 718 2815 salutatione
747 2772 764 2813 a
787 2755 881 2817 Maria
903 2754 1037 2818 Elisabe-

91 2832 153 2894 thae
174 2835 257 2901 data,
283 2834 462 2908 praelibatis,
486 2854 564 2911 quae
586 2854 625 2898 ex
640 2852 674 2913 ea
698 2845 857 2898 consecuta
880 2834 960 2904 s'unt,
985 2855 1037 2897 no·

91 2918 143 2974 stra
165 2916 263 2977 studia
286 2917 656 2995 atqueinvestigationem
679 2923 853 2995 exposcunt.
879 2918 1038 2979 Suntvero

92 2995 239 3057 subsultus
255 2993 380 3057 loannis
398 3017 469 3057 cnm
492 2998 599 3075 gaudio
623 2999 651 3056 in
673 3002 759 3058 utero
782 3001 896 3068 matris,
920 3004 951 3058 et
965 3017 1039 3075 ¹gra-

96 3075 130 3135 tia
150 3096 166 3137 a
183 3078 325 3148 iocoue,
350 3084 380 3138 el
401 3078 573 3140 Elisabetha
606 3086 738 3154 recepta.
761 3076 807 3140 Ile
831 3079 947 3141 loannis
969 3082 1039 3141 sub-

92 3158 164 3219 sultu
186 3159 262 3219 haee
286 3159 377 3220 habet
397 3162 539 3222 irenaeus
572 3158 639 3219 Lib.
664 3159 705 3221 lll
735 3161 877 3222 aduersas
908 3164 1047 3242 horresce:

94 3236 228 3314 Cupide
256 3238 358 3315 Quem·
377 3240 503 3301 Ioannes
527 3259 594 3299 com
618 3240 717 3302 adhoc
742 3243 775 3301 in
804 3254 907 3305 uentre
933 3247 1040 3303 matris

94 3336 156 3382 roae
171 3330 251 3391 earet,
270 3332 298 3381 et
312 3323 362 3382 itte
375 3323 411 3381 'in
426 3324 515 3383 patra
530 3319 663 3392 Mariae,
677 3321 838 3383 Dominam
854 3342 1036 3404 capraemons,

95 3402 227 3462 exaltans
241 3404 402 3471 salutabat,
420 3399 566 3473 Similiter
573 3402 773 3464 Tertullianus
788 3404 934 3467 Decerne
950 3406 1039 3470 ctri-

95 3482 129 3539 rti
140 3480 211 3559 Cap.
228 3483 317 3565 XXI:
334 3482 448 3551 Tacebit
462 3486 567 3563 ipitnr,
580 3494 607 3553 rt
627 3482 775 3546 Elisabeth
785 3485 960 3567 prophetant
971 3504 1040 3567 por·

97 3568 156 3622 tarr
165 3565 231 3645 jam
245 3564 369 3627 merae
383 3568 433 3626 sai
445 3567 596 3627 consciam
610 3564 769 3643 infantem,
788 3570 954 3649 rtinsaper
972 3567 1040 3648 Spi-
