2517 4059
561 180 786 257 willim-

205 340 274 385 ruon
303 342 318 381 a
342 317 481 383 latinis,
510 333 599 393 qrram
628 332 646 374 a
668 312 792 375 Graecis
821 312 958 375 Patribus
984 316 1153 395 insignitum

203 414 259 465 est.
285 404 380 465 Latini
403 400 483 460 enim
507 396 555 458 l.⁰
578 398 615 459 ab
643 396 856 473 antiquissimis
883 398 1066 475 temporibus
1090 398 1154 463 cot-
1227 456 1231 466 ,

205 489 310 547 lectum
332 483 570 563 appellaverunt,
587 480 658 554 quia
680 485 816 557 tempore
830 478 940 541 Missae
961 481 1156 559 colligebatur

204 571 233 629 in
257 586 349 630 unum
372 563 512 644 populns,
535 568 570 623 ut
583 559 737 623 Sacrificio
759 562 928 623 interesset.
945 560 1012 623 Hoc
1033 580 1154 633 nomen,

202 650 338 711 occurrit
359 646 437 726 apud
459 642 698 711 Tertullianum,
724 641 813 703 Libro
834 644 873 705 do
892 647 989 724 [πρυ
1009 645 1154 723 Optatum

202 733 422 795 Milevitanum,
447 727 514 787 Lib.
538 724 577 797 ll;
603 723 770 792 iraeneum,
794 724 859 786 Lib.
878 726 922 787 ΙΙΙ
942 726 1016 805 Cap.
1040 728 1071 798 33
1095 726 1155 787 Au·

200 816 383 891 guatinum,
407 811 436 869 in
457 807 614 869 Brauiculo
640 808 856 871 collationum.
879 807 1073 871 Domim‘eom
1096 809 1155 871 hoo

203 895 391 957 Sacrificium
413 898 502 951 vocat
523 890 691 968 Cyprianus
713 889 845 966 Epistola
861 889 903 949 63
923 893 961 952 ad
975 889 1152 960 Coecilium;

201 979 410 1057 Augustinus,
434 972 569 1052 Epistola
590 970 633 1031 86
653 979 687 1032 ut
707 970 926 1049 significaretur
947 992 1015 1035 esse
1036 975 1162 1051 praeci..

202 1078 288 1137 puam
305 1057 501 1124 lunationem,
517 1072 596 1130 quae
617 1070 655 1113 ex
670 1054 788 1114 Domini
804 1054 1001 1126 institutione,
1018 1062 1050 1117 et
1064 1073 1152 1134 prae·

202 1148 288 1220 cepto
310 1142 339 1199 in
362 1136 494 1199 Ecclesia
518 1136 682 1213 peragitur.
701 1133 825 1213 Apsoda
845 1145 971 1198 vocatur
993 1140 1024 1198 in
1046 1137 1154 1199 Conci·

203 1226 242 1285 iio
263 1220 489 1298 Carthaginensi
517 1217 573 1278 sub
593 1217 763 1279 Caelestino
787 1218 891 1296 Papa,
920 1218 1007 1297 cujus
1029 1218 1154 1280 Concilii

202 1306 303 1367 Canon
333 1306 460 1363 insertus
481 1306 526 1361 est
547 1300 576 1359 in
599 1299 819 1377 Capituiaribus
840 1300 939 1360 Caroli
961 1300 1062 1378 Magni
1084 1302 1154 1361 Lib.

202 1387 243 1448 'Vl
267 1404 332 1462 cap.
357 1382 417 1443 aab
439 1383 509 1459 quin
527 1380 714 1458 Augustinus
738 1384 861 1457 loquens
876 1383 914 1443 de
928 1384 1018 1444 modo
1033 1382 1156 1444 Sacrifi-

201 1474 283 1531 cium
306 1466 450 1527 oilerendi
477 1461 623 1524 Ordinem
645 1462 755 1543 opandr'
782 1464 914 1541 appellat
936 1462 1068 1542 Epistola
1094 1465 1156 1527 118

202 1553 274 1629 Cap.
298 1547 329 1608 b.
353 1548 438 1621 Quod
468 1563 576 1608 nomen
600 1550 711 1622 passim
727 1546 850 1623 legitur
875 1548 904 1605 in
934 1547 1156 1623 antiphonario

201 1635 269 1695 Divi
290 1630 454 1707 Gregorii,
485 1636 515 1690 et
544 1629 573 1686 in
596 1628 663 1689 aliis
684 1628 887 1704 Scriptoribus
908 1626 1153 1699 Ecclesiasticis,

205 1716 382 1794 praesertim
399 1710 448 1772 ubi
465 1714 594 1772 tractant
615 1712 653 1771 de
667 1709 772 1770 Obicio
787 1710 991 1771 Morinorum.
1012 1711 1154 1775 Commo·

201 1799 252 1857 nio
272 1798 363 1858 eliam
380 1793 471 1854 Missa
492 1793 569 1853 diota
592 1798 655 1854 est:
679 1793 751 1871 quio
768 1810 825 1871 par
844 1794 931 1853 ittam
951 1814 1019 1854 cum
1036 1793 1156 1856 Cbrislo

202 1877 408 1939 commercium
430 1878 579 1941 tutemus,
597 1895 633 1935 ur
654 1892 776 1935 sornam
798 1877 903 1955 ipsios,
922 1884 950 1933 ct
963 1875 1157 1936 diuinitatem

195 1963 403 2040 percipimus:
427 1964 460 2017 ul
481 1958 613 2034 loquitur
637 1956 669 2017 S.
686 1955 897 2024 Damasoeous,
914 1957 951 2017 de
962 1955 1035 2017 Fido
1057 1961 1156 2018 ortlo-

202 2044 282 2102 dorso
298 2042 363 2101 Lib.
380 2037 422 2099 lV
439 2038 512 2117 Cap.
528 2037 577 2098 t‘t.
599 2037 715 2101 Oblatio
738 2056 795 2099 non
817 2040 911 2100 semei
933 2040 1081 2117 appellata
1097 2041 1157 2103 suit

202 2126 231 2184 lt
238 2126 295 2185 issa
313 2166 321 2191 ,
343 2123 413 2200 quia
438 2124 466 2182 in
489 2138 525 2183 ea
547 2118 689 2183 Cbrislus
710 2121 814 2197 Agnus
835 2122 898 2181 sine
922 2120 1040 2182 macula
1061 2122 1156 2182 oller-

202 2214 263 2271 tur,
287 2212 322 2266 cl
340 2202 525 2273 immolatur,
550 2203 587 2263 de
603 2220 663 2279 qua
677 2220 754 2265 roco
775 2202 920 2264 ridendus
941 2208 987 2264 est
1004 2201 1158 2265 Pamelius

202 2289 239 2348 ed
262 2286 385 2346 Librum
406 2284 582 2345 Tertulliani
604 2286 643 2344 de
666 2284 762 2347 Cultu
780 2282 993 2346 Epaminorom
1013 2285 1087 2363 Cap.
1111 2285 1153 2347 ll.

203 2369 260 2430 Sed
283 2367 405 2445 longum
427 2370 528 2433 esset,
552 2368 574 2427 si
597 2367 714 2445 singula
748 2368 868 2427 nomina
891 2380 1073 2444 percurrere·
1092 2369 1156 2429 rel·

113 2464 116 2469 '
202 2454 260 2512 lem
281 2495 289 2521 ‚
314 2450 412 2526 qrralia
435 2456 505 2509 sunt
526 2446 644 2519 Hostia,
669 2445 790 2508 Froett‘o
807 2450 908 2529 ponis,
934 2446 1153 2520 Eucharistia,

202 2531 389 2612 Mystcriurn,
407 2530 531 2610 Pipnau,
552 2528 704 2598 Sanctum,
727 2529 841 2601 Mense,
858 2530 1001 2599 Pretium,
1018 2529 1152 2604 Bonum,

205 2612 339 2680 Gratia,
368 2621 398 2673 et
420 2614 528 2673 similia
550 2613 586 2673 de
608 2614 716 2689 quibus
737 2614 794 2691 legi
817 2618 939 2691 possunt
960 2612 1165 2683 vicecomes„

201 2696 267 2757 Lib.
286 2694 296 2754 l
322 2694 363 2757 lle
382 2694 496 2755 Ritibus
512 2692 632 2765 Missae·
648 2702 680 2753 et
699 2694 894 2773 Theopbylus
908 2693 1107 2773 Raynaudus,
1124 2697 1154 2755 in

207 2775 391 2839 Ouonrustico
414 2778 639 2839 Euclrorr'stiro.
664 2776 823 2854 Multiplex
849 2778 939 2836 etiam
961 2778 1038 2854 apud
1060 2774 1155 2839 Grae·

129 2922 133 2930 ,
201 2849 436 2939 cosSoriptoros
460 2876 567 2919 nomen
584 2860 723 2919 sortitum
739 2867 784 2921 cst
798 2858 984 2921 Sacrificium
1008 2858 1056 2918 1.⁰
1072 2876 1156 2920 conr·

201 2943 376 3003 munissima
396 2942 510 3001 dictum
533 2946 579 3003 esl
601 2938 759 3019 Liturpio,
782 2959 798 3001 a
822 2940 852 3001 S.
878 2940 1021 3019 Dionysio
1043 2940 1115 3021 Cap.
1143 2940 1156 3000 Ι

207 3024 285 3083 Eccl.
304 3023 390 3083 Hier.
405 3022 440 3083 ⁶2⁰
452 3025 559 3085 dicitur
576 3020 764 3101 Mystoponio
778 3028 894 3085 secreta
909 3023 1048 3083 videlicet
1063 3023 1154 3085 actio.

201 3104 282 3164 'ilinc
299 3106 478 3167 Catccbcscs
500 3124 515 3165 a
533 3102 646 3183 Cyrillo
661 3104 934 3185 Hierosolymitano
956 3107 1154 3184 conscriptae,

204 3188 232 3245 iu
257 3189 365 3263 quibus
388 3189 424 3247 de
448 3187 502 3247 boc
519 3185 672 3247 Sacrificio
694 3193 871 3264 pertractat,
886 3188 983 3249 dictae
1004 3194 1074 3248 sunt
1089 3186 1157 3268 up·

202 3271 382 3347 stopopr'cna.
407 3269 592 3345 Quandoque
619 3265 711 3331 Teleda
733 3277 933 3347 nuncupatur.
958 3269 1033 3330 idest
1055 3286 1154 3331 conse·

201 3354 308 3419 oratio,
333 3346 477 3426 perfactio
499 3369 555 3429 qua
579 3368 654 3411 voce
676 3353 772 3412 ulitur
786 3351 930 3429 Synesius
952 3352 979 3411 in
1003 3350 1062 3412 fine
1084 3352 1154 3429 Epi·

138 3492 142 3504 ,
176 3432 293 3509 'stolae
316 3432 368 3493 58.
392 3432 511 3494 Dicitur
533 3430 709 3510 Auopboro,
732 3434 847 3494 scilicet
866 3434 1010 3501 clevatio,
1032 3450 1153 3495 sursum

201 3512 290 3573 elatio
312 3515 382 3589 quis
405 3532 525 3575 sursum
548 3516 584 3575 ad
607 3515 705 3576 Deum
727 3514 834 3577 fertur.
851 3515 896 3577 lta
912 3516 1087 3577 Anastasius
1109 3514 1154 3576 Si·

203 3596 281 3655 uaita
301 3592 446 3659 Oratione
469 3595 503 3655 da
518 3596 649 3678 synart.
665 3597 783 3661 Dicitur
799 3596 980 3679 Prorplroro,
1002 3612 1153 3677 quaeror
