2517 4059
42 3462 44 3477 l

44 3590 45 3601 l

449 204 653 273 milii&-

86 333 282 395 adhererem
304 332 362 393 hoc
384 332 529 399 lacerent,
552 331 808 408 quemadmodum
829 333 921 393 stiam
947 336 1028 412 apud

86 434 132 476 uos
154 419 180 475 in
202 416 381 493 quibusdam
405 415 641 475 solemnitatibus
656 414 861 491 pavimentum
878 413 1031 477 frondibus

86 500 175 575 spargi
190 498 356 557 consuevit.
381 495 439 557 Sed
463 512 590 573 quarum
607 497 750 557 arborum
767 497 843 556 rami
864 496 901 556 ad
925 498 1031 559 trium·

86 580 131 657 phi
152 579 243 659 bujus
259 580 403 643 laetitiam
419 578 542 655 praecisi
557 577 681 646 luerint,
705 578 796 639 silent
816 579 938 655 quidem
954 578 1031 641 Mat·

87 662 182 723 thaeus
196 667 229 722 et
251 661 391 731 Marcus3
416 660 512 721 solum
534 658 679 725 dicentes,
702 658 784 737 quod
807 660 967 721 coedebant
981 680 1033 723 ro·

87 760 139 803 nos
160 742 194 801 dc
218 745 394 804 armrtbnr:
416 743 466 802 sed
490 740 616 802 loannes
636 738 710 819 Cap.
735 739 795 801 llll
817 758 848 803 s.
868 741 906 803 13
927 744 957 803 id
980 762 1034 806 er·

87 826 184 903 pressit
199 820 325 885 dicens':
348 832 521 901 occeperunt
535 840 635 883 ramos
647 822 823 902 palmorum
843 842 850 881 :
871 830 902 883 et
924 824 1033 886 Versio

87 907 191 983 persica
215 905 307 967 babet
328 922 428 965 ramos
451 924 489 966 cn:
514 906 619 964 arbore
643 905 738 964 olicae
763 904 980 978 rccridcbch
1004 914 1035 967 et

87 989 154 1049 ritus
168 988 323 1049 Ecclesiae
338 988 398 1047 hoc
420 985 592 1054 confirmat,
609 1001 688 1062 quae
702 988 862 1060 quotannis
876 987 1034 1049 celebrans

87 1068 160 1129 bunc
174 1068 336 1129 Salvatoris
353 1070 531 1145 ingressum,
549 1074 636 1127 vocnt
647 1068 726 1127 diem
739 1068 920 1129 celebritatis
942 1068 1036 1147 hujus

88 1150 270 1212 dominicam
285 1147 474 1217 Polmorrrm,
490 1155 521 1211 et
538 1166 638 1209 ramos
654 1150 821 1225 palmarum
837 1158 868 1212 et
883 1150 1033 1214 olivarum

87 1230 217 1293 fidelibus
231 1235 261 1291 in
279 1234 455 1292 memoriam
471 1232 633 1292 distribuit.
651 1228 788 1307 Cumque
810 1234 859 1292 ria
873 1250 933 1309 que
948 1232 1036 1295 Clrri·

88 1320 144 1375 stus
164 1315 343 1383 incedebat,
370 1320 472 1390 utpote
495 1312 606 1374 Montis
627 1309 750 1381 Oliveti,
774 1323 853 1374 esset
874 1315 944 1375 hinc
968 1315 1037 1375 indo

88 1396 165 1455 olivis
186 1396 322 1462 referta,
346 1393 381 1456 fit
403 1401 436 1455 ut
457 1412 495 1457 ex
517 1394 624 1471 palmis
647 1399 678 1454 et
699 1394 787 1454 olivis
809 1414 909 1456 ramos
924 1396 1037 1475 abscio·

88 1475 184 1538 darent
200 1523 207 1545 ,
226 1478 351 1557 quibus
379 1476 500 1537 Christo
531 1475 638 1537 turbae
670 1483 877 1537 occurrerent.
911 1475 1041 1539 Accedit

90 1560 168 1618 ctiam
192 1560 320 1637 mystica
335 1556 522 1635 significatio,
537 1558 608 1634 quia
624 1557 742 1631 palmae
764 1576 868 1619 ramus
890 1560 1038 1619 victoriae

91 1637 257 1719 Symbolum
281 1647 340 1710 est,
361 1645 393 1701 et
415 1641 444 1698 in
466 1639 594 1717 publicis
616 1638 746 1699 laetitiae
769 1641 966 1701 caeremoniis
989 1658 1041 1701 re·

92 1718 139 1781 luti
159 1740 225 1783 curn
254 1723 351 1783 victor
372 1722 480 1798 aliquis
502 1722 530 1779 in
552 1721 659 1781 urbem
683 1721 897 1797 excipiebatur,
923 1722 1040 1796 palmae

92 1800 139 1876 ipsi
153 1802 434 1879 praeferebantur:
465 1801 532 1863 etl
553 1801 788 1863 Maobabeorum
811 1801 885 1878 Cap.
911 1801 986 1862 Xlll
1008 1820 1039 1862 v.

92 1880 136 1951 tt,
158 1902 211 1947 nee
234 1902 292 1945 non
315 1885 345 1947 ll
366 1883 471 1945 blac'h.¹
486 1882 558 1960 Cap.
577 1883 608 1959 X
629 1884 697 1942 v.'l
720 1884 851 1945 habetur
873 1883 953 1960 quod
971 1901 1042 1961 pur·

93 1970 160 2043 gatis
181 1968 218 2026 ab
234 1967 506 2027 abominationibus
527 1983 598 2025 arce
614 1962 891 2043 llierosolymitaua
907 1971 938 2026 et
953 1964 1044 2027 Tem·

93 2046 143 2120 plo,
167 2066 269 2109 ramos
291 2048 460 2127 palmarum
484 2048 513 2106 in
537 2048 667 2109 laetitiae
688 2045 806 2124 siguum
830 2048 876 2114 ei,
902 2046 953 2125 qui
976 2049 1041 2112 loca

95 2130 295 2199 mundaverat,
319 2129 540 2207 praeferebant.
565 2127 652 2189 Olive
668 2129 758 2188 etiarn
773 2129 944 2207 symbolum
961 2132 1045 2208 pacis

95 2204 153 2279 estc
175 2220 271 2288 quare
294 2214 324 2271 in
346 2214 464 2290 signum
488 2210 542 2271 Dei
566 2210 635 2289 post
656 2208 935 2286 diluviumplacati
954 2211 1043 2277 ,Co-
1064 2265 1067 2272 .

97 2289 187 2353 lumba
208 2294 246 2353 ad
261 2293 375 2354 'Arcam
393 2309 512 2353 reversa
529 2292 637 2353 detulit
651 2308 770 2351 ramum
785 2292 910 2354 virentis
932 2292 1042 2364 olivae,

97 2369 162 2433 Gerr.
186 2374 260 2453 Cap.
285 2372 358 2434 vill
387 2393 418 2438 v.
443 2372 484 2434 ll.
512 2372 706 2452 Congruebat
727 2373 837 2450 igitur,
864 2380 899 2435 ut
923 2371 1043 2435 Christo

97 2454 323 2532 triumphatori,
347 2455 421 2534 Regi
446 2452 593 2532 pacifico,
617 2472 687 2515 curn
710 2456 802 2515 ramis
824 2453 993 2533 palmarum
1015 2460 1050 2517 et

98 2531 233 2599 olivarum
258 2540 365 2605 turbae
388 2542 594 2599 occurrerent.
902 2557 906 2562 ·

132 2614 168 2676 V.
191 2620 236 2681 lle
265 2618 528 2680 acclamationibus
560 2616 670 2695 quibus
698 2618 766 2681 lesu
796 2615 918 2680 Christo
949 2618 1048 2699 ingre·

101 2694 181 2757 dienti
203 2700 404 2778 plaudebant,
430 2698 589 2762 difficultas
609 2706 656 2761 est
676 2700 713 2761 de
734 2700 785 2760 illa
806 2718 881 2762 voce
902 2699 1049 2762 Horonno

101 2773 167 2838 Filio
188 2781 313 2853 David,
336 2781 481 2844 Horonnc
501 2782 537 2841 in
559 2782 733 2852 altissimis,
756 2799 849 2858 quern
873 2785 1051 2860 repetebant

103 2854 305 2945 Turbaeergo
327 2864 447 2927 Christo
468 2870 665 2924 occurrentes
687 2864 868 2926 clamabant.
893 2863 1049 2925 laudantes

103 2940 204 3006 scilicet
225 2946 323 3009 Deum
346 2962 419 3024 prae
435 2946 558 3012 laetitia,
583 2950 613 3005 et
625 2944 698 3015 boc,
723 2951 757 3004 ut
771 2944 843 3026 dicit
857 2942 955 3006 Lucas
969 2943 1044 3023 Cap.

104 3016 171 3083 xlx*
190 3045 220 3087 v.
245 3028 286 3087 36
309 3034 433 3105 propter
456 3029 565 3087 multas
588 3026 716 3087 virtutes
738 3028 770 3088 et
791 3026 949 3097 miracula,
973 3042 1050 3103 quae

105 3102 226 3169 viderant
248 3108 287 3169 ab
309 3128 345 3171 eo
368 3108 470 3179 lacta,
493 3115 524 3169 et
547 3108 709 3184 praecipue
731 3111 853 3185 propter
881 3110 1051 3171 suscitatio·
1098 3162 1101 3167 .

107 3199 162 3245 nem
183 3188 299 3252 lazari.
324 3191 500 3252 Cla'mabant
521 3206 593 3328 effic
608 3188 756 3248 Horonnc
771 3186 852 3250 Filio
868 3188 980 3251 Dauid.
1006 3188 1051 3251 De
1116 3195 1119 3201 '

107 3260 153 3325 bac
163 3288 232 3334 voce
250 3273 361 3333 nrultae
374 3278 531 3333 auctorum
578 3269 808 3345 terpretatiooe's
818 3279 898 3333 sunt.
911 3272 1052 3335 Clemens
1067 3311 1081 3336 a

109 3342 312 3423 Alexandrinus
334 3350 405 3415 Lib:
422 3352 444 3413 1
462 3351 631 3430 Paedopnqi
652 3351 726 3430 Cap,
752 3351 771 3412 5
793 3371 860 3416 earn
883 3352 1053 3431 significare

42 3450 43 3453 ¹
110 3427 142 3487 att
155 3427 265 3505 lacem,
282 3433 415 3495 tanam
437 3444 465 3493 ct
489 3433 639 3497 Gloriam:
654 3430 790 3497 Hilarius
812 3434 1051 3517 Redemptorcm.

110 3502 221 3578 Quidam
238 3519 315 3594 apud
331 3510 607 3594 Theopbylactum,
625 3510 797 3594 Hymnum:
818 3514 948 3578 lustinus
963 3537 994 3594 q.
1012 3515 1054 3577 50

44 3604 47 3760 j
112 3596 286 3665 tccrtlcotcm
315 3597 582 3679 mopoificcnticm.
612 3594 727 3657 Verum
762 3595 792 3657 S.
821 3596 1050 3677 Hieronymus,
