2517 4059
447 188 507 249 w
531 178 589 237 1t'1
612 186 667 245 W*

91 302 235 364 Atlantico
255 298 394 366 Oceano?
412 305 516 366 Tertio
538 303 701 365 Civitates.
730 302 810 364 unde
831 303 1038 383 Slauropolis,

92 384 144 443 hoc
165 394 232 456 est,
256 388 367 448 civius
388 386 495 448 Crucis
517 390 595 463 apud
618 387 851 461 Curopslstam,
876 392 906 446 el
928 386 1040 448 Civitas

92 465 189 525 Crucis
213 469 245 526 in
266 468 349 528 India
372 469 581 536 Occidenlall,
606 488 623 527 a
646 468 780 530 Cortesio
802 468 845 526 sic
867 468 1036 544 appellata,

91 547 125 606 oh
139 540 275 611 'Crucem
300 550 388 610 isthic
411 560 561 618 erectam,
585 560 619 610 ut
641 550 732 609 relert
753 550 867 608 Alanus
889 566 925 608 ex
948 548 1039 609 Fren-

90 630 161 687 cisco
183 630 295 709 hopes.
318 632 433 705 Quarto
455 634 575 711 oppida,
592 648 695 709 pagos.
720 648 818 696 arces,
843 632 1036 701 munitiones,

90 715 212 779 montem
223 714 275 771 vix
290 716 369 772 enim
386 715 476 775 ullam
491 712 750 791 Chorographiam
769 712 919 787 inspicias,
931 713 961 771 in
977 730 1037 789 qua

91 810 142 850 non
165 796 299 870 reperias
314 796 391 856 haec
406 801 439 855 el
452 796 560 855 similis
575 793 683 854 Crucis
706 792 903 871 appellatione
919 795 1039 871 insigni-

90 878 124 931 ta.
137 873 249 946 Quinto
271 882 372 953 portas
393 884 424 937 et
445 880 558 955 plateas
579 876 717 942 Urbium,
741 872 825 951 cujus
845 874 887 931 rei
902 876 1038 954 exempla

89 954 116 1011 in
134 955 273 1029 plurimis
295 960 465 1019 civitatibus
487 966 662 1018 occurrunt.
681 958 772 1017 Sexto
795 956 916 1023 herbas,
934 955 1036 1027 llores,

90 1036 210 1102 radices,
235 1045 267 1099 ct
289 1048 433 1101 monetas.
459 1039 593 1125 Septimo
614 1040 735 1103 sidera,
760 1038 830 1097 hinc
852 1037 881 1094 in
899 1039 1039 1098 hmerica

90 1114 170 1176 Sisila
192 1121 345 1181 crucilera
369 1122 561 1181 lucidissima.
586 1121 703 1180 Octavo
726 1128 922 1195 cognomenta
939 1118 1038 1179 Femi-

90 1197 188 1258 liarum
214 1203 244 1259 in
267 1200 411 1279 Hispania
428 1210 459 1263 ct
474 1202 645 1270 Lusitania,
662 1204 752 1262 eliam
770 1200 1037 1273 nobilissimarum

90 1285 155 1355 quoi
174 1284 258 1341 enirn
282 1284 411 1344 lamiliae
433 1284 611 1361 cognomine
634 1303 648 1342 a
673 1283 703 1343 S.
717 1283 825 1350 Cnrce,
844 1283 890 1341 vel
912 1282 1038 1345 Crucio-

19 1365 20 1368 ’
90 1378 151 1499 Hm
178 1365 337 1440 gaudent?
358 1360 441 1426 Nono
463 1364 603 1425 Ordines.
628 1363 706 1425 Hinc
728 1363 837 1424 milites
859 1362 985 1433 Crucis,
1009 1370 1040 1426 el

111 1459 247 1521 ruotgeri.
426 1495 430 1504 .

123 1523 175 1583 lll.
199 1528 350 1602 Antiquos
371 1528 583 1589 obtestationes
610 1534 641 1586 ct
660 1526 833 1603 juramenta
855 1526 962 1588 iecisse
984 1544 1039 1605 per

92 1602 209 1666 Crucem
225 1611 304 1669 etad
316 1608 459 1679 Crucem3
470 1608 614 1685 Fideique
629 1606 792 1667 firmandae
804 1627 892 1668 censa
905 1608 995 1669 vitulo
1006 1609 1037 1666 li·

91 1702 170 1761 gnum
184 1686 293 1748 Crucis
303 1692 340 1750 ad
352 1692 425 1750 alios
436 1692 562 1754 misisse,
572 1690 717 1773 exemplis
728 1692 1039 1766 quamplurimiscon·

92 1773 149 1827 stat.
162 1768 314 1845 Principio
332 1774 421 1850 igilur
436 1777 554 1833 celeres
569 1772 795 1830 obtestabantur
814 1788 846 1829 sc
863 1779 969 1831 mutuo
986 1785 1039 1844 per

93 1846 223 1910 Crucem:
239 1849 373 1914 Ohtestor
384 1853 598 1913 beatitudinem
610 1862 692 1911 tuom
701 1869 759 1931 per
768 1850 894 1912 Crucem
905 1852 1036 1919 Domini,

90 1948 135 2005 per
153 1935 357 1994 necessarium
373 1934 460 1995 Fidei
473 1946 590 1994 nostroe
605 1933 705 2003 decus,
719 1934 829 1991 clamat
843 1932 874 1992 S.
889 1932 1039 2011 Hierony·

94 2026 152 2072 mus
166 2016 201 2073 od
218 2013 384 2075 Damasum
401 2015 586 2076 Pontificem,
604 2013 638 2074 ln
655 2014 743 2073 Misso
762 2032 814 2089 pro
832 2014 1039 2093 navigantibus

95 2095 160 2165 apud
175 2096 206 2155 S.
220 2094 401 2173 Gregorium
419 2100 447 2156 in
459 2097 698 2157 sacramentario
715 2096 839 2171 petitur,
853 2106 886 2156 ul
900 2099 979 2157 Deus
993 2095 1010 2173 f
1027 2128 1039 2141 -

93 2176 361 2256 suessionenci
382 2178 469 2239 donis
489 2180 566 2257 socit
588 2178 760 2238 coelestibus
785 2180 961 2247 memorari,
980 2194 1039 2254 per

94 2252 197 2330 liparem
219 2259 253 2320 S·
271 2259 381 2321 Crucis
402 2270 430 2320 et
451 2280 471 2319 o
488 2262 618 2340 peccatis
639 2260 799 2328 abstrahet,
819 2270 846 2319 et
868 2259 1041 2339 apericulis

20 2397 21 2414 ξ
95 2339 192 2398 canetis
205 2341 369 2402 miseratos
383 2343 505 2421 eripiat.
515 2340 681 2401 Utehanlur
695 2345 813 2399 veteres
825 2341 883 2400 hoo
895 2344 985 2400 etiam
1002 2340 1041 2399 lo·
1103 2372 1106 2379 ·

20 2449 21 2494 j
95 2421 189 2489 quendi
206 2423 311 2481 modo:
328 2422 531 2501 Cruce'p‘retus
545 2422 597 2482 hoc
608 2425 652 2483 rel
666 2420 743 2481 illud
754 2421 1038 2499 opprediorffestis,

20 2563 21 2567 η
96 2506 201 2570 praeler
216 2504 305 2571 ulios,
322 2503 446 2565 Cosmas
457 2503 762 2582 Hierosolymitanus‚
775 2504 826 2578 qui
851 2504 994 2583 hymnum
1011 2503 1041 2560 in

97 2582 294 2645 exaltationem
304 2586 444 2647 S.Crucls
455 2586 584 2662 scripsit:
595 2584 682 2663 cujus
695 2585 798 2645 literae
812 2585 937 2645 initiales
947 2584 1003 2664 (est
1013 2600 1042 2643 e·

97 2659 149 2746 hlrp
160 2667 344 2747 acrostichis)
354 2668 431 2728 haec
440 2668 531 2729 rerba
544 2666 678 2726 ellioiunt
687 2665 782 2727 Crnce
793 2666 889 2743 fretus
898 2668 1043 2747 hymnum

99 2738 255 2811 moeson
272 2748 377 2809 Crucis
392 2750 583 2809 veneratione
599 2746 686 2809 lluxit
701 2748 750 2805 illo
766 2747 872 2808 modus
889 2748 1038 2825 loquendi,

98 2827 126 2881 ut
136 2825 333 2890 debellatores
344 2829 575 2891 Haereticorum
591 2835 622 2888 et
635 2830 793 2889 haeresum
807 2827 979 2889 dicerentur
993 2845 1042 2886 ve·

100 2902 190 2968 xillum
212 2908 321 2970 &sucis
343 2914 484 2973 erexisse.
509 2910 539 2970 S.
556 2907 764 2989 Hieronymus
786 2906 921 2989 Epistola
942 2912 983 2969 *10
1002 2910 1041 2967 ad

100 2978 291 3065 Theophilum
308 3000 376 3068 post
393 2994 549 3053 damnatos
560 2989 757 3068 Origcnislas:
768 2988 918 3059 Breviter,
937 2990 1045 3066 inquil,

101 3070 243 3131 rrrihimua
266 3073 346 3151 qood
369 3071 591 3135 torismundus
606 3074 733 3139 occultet,
751 3080 777 3130 et
790 3074 824 3132 in
840 3074 899 3132 tais
912 3072 1043 3131 victoriis

101 3146 242 3219 plorietor,
268 3164 454 3235 erectumque
476 3154 683 3214 Alemondriae
705 3155 850 3215 oscillum
876 3154 998 3223 Crucis,
1017 3162 1044 3213 et

101 3226 230 3294 adsersus
251 3236 396 3295 haeresim
422 3238 565 3314 trophoeo
585 3235 748 3313 scalpentis,
772 3235 904 3315 prudens
920 3236 1044 3315 populo-

102 3322 159 3366 rum
182 3318 270 3375 turdo
292 3328 471 3395 prospectet.
495 3318 653 3377 lectorati
676 3322 746 3376 sunt
767 3325 798 3377 el
820 3317 944 3385 milites,
970 3316 1043 3375 ohli-

102 3392 152 3459 lili
171 3406 357 3459 sacramento
379 3400 407 3457 in
435 3400 603 3477 praeseutia
629 3404 837 3459 sacrosanctae
858 3397 985 3465 Crucis,
1009 3403 1043 3458 ul

102 3475 172 3541 lile!
191 3492 227 3537 ex
251 3480 387 3541 Cedreno
403 3480 431 3539 in
447 3479 641 3539 Constantino
655 3477 763 3539 Leonis
779 3478 850 3539 lilio.
868 3481 945 3553 Ouid
962 3479 1042 3555 quod

103 3554 129 3609 tl
145 3551 294 3622 Haeretici
315 3560 517 3623 lconoclaslao
538 3561 574 3620 ad
589 3568 790 3621 sacrosanctas
806 3562 923 3639 divinoe
939 3561 1043 3621 Crucis

873 3658 888 3691 δ
