2517 4059
569 221 795 295 ΜΒΝ
1126 222 1171 262 ‘⁶

205 353 242 414 de
265 371 301 415 aa
318 353 449 430 loquitur
470 351 538 414 lib.
555 351 584 414 ll
606 352 681 432 Cap.
698 349 719 413 8
741 359 884 431 tanquam
907 353 958 414 illo
972 360 1119 432 tempore
1137 371 1172 414 u-

204 435 302 505 sitata,
326 434 469 496 Anselmo
490 435 698 498 Cautuariansi
719 436 974 514 archiepiscopo,
995 435 1174 497 Guillelmo

203 517 241 577 da
264 515 435 595 Campanis,
460 514 589 594 Hugonc
610 514 761 578 Canonico
782 517 882 579 Sancti
904 518 1050 578 Victoris.
1077 516 1175 578 Plura

204 599 342 677 exempla
365 600 400 659 ad
423 599 716 660 commonstrandam
739 603 876 678 priorum
891 600 1096 661 sacculorum
1121 617 1173 660 us·

204 699 264 758 que
286 680 322 742 ad
344 681 372 740 id
396 689 514 759 tempus
535 682 720 758 disciplinam
744 683 885 760 producit
896 681 976 743 Clar.
994 679 1029 738 P.
1058 679 1175 742 Manil-

206 764 303 823 lonius
324 779 360 824 ex
384 762 467 823 Actis
489 762 521 824 S.
538 762 700 824 Anscbarii
722 765 893 824 Bremensis
915 762 1171 840 Arcbicpiscnpi,

203 842 234 904 S.
258 844 374 906 Odiliae
396 845 583 912 abbatissas.
607 846 740 907 itamar
762 844 892 906 Udalrici
915 845 1174 907 cluniacensium

203 923 456 987 Consuetudinum
480 926 546 987 Lib.
563 925 592 987 ll
613 921 752 1005 Capti).
775 928 903 1004 aliisque
925 928 1005 988 illius
1028 925 1173 1004 antiqni-

205 1011 274 1070 latis
296 1009 510 1069 monumentis
534 1007 618 1069 Haec
640 1014 743 1070 autem
765 1011 900 1070 mutatio
927 1009 1008 1069 laeta
1026 1015 1082 1070 est
1111 1009 1172 1084 pri·

203 1107 286 1152 mum
302 1109 320 1150 a
336 1091 461 1150 diversis
483 1087 639 1170 Episcopis
653 1093 685 1150 iu
699 1093 761 1153 suis
775 1089 929 1158 Ecclesiis,
945 1091 1058 1152 deiude
1075 1108 1095 1150 a
1113 1089 1172 1168 Sy·

203 1173 281 1232 nodo
296 1172 514 1234 Coustauliensi
531 1174 670 1234 canonica
686 1175 839 1233 sanctione
861 1190 917 1249 pro
938 1174 1087 1232 omnibus
1108 1178 1171 1230 sta-

201 1253 303 1318 tilica,
329 1255 408 1314 nullo
431 1252 566 1332 prolecto
588 1256 750 1332 spiritualis
772 1255 942 1316 relectionis
962 1255 1168 1320 detrimento.

203 1342 238 1397 ut
259 1334 361 1396 fideles
382 1337 603 1413 experiuntur3
633 1334 713 1398 nulla
736 1336 861 1409 Divinae
883 1336 970 1412 Legis
990 1343 1168 1412 transgres-

203 1418 311 1485 sione:
345 1418 416 1494 quia
438 1415 616 1478 Communio
643 1417 701 1479 sub
723 1426 851 1496 utraque
872 1420 995 1496 specio.
1023 1437 1087 1480 nec
1112 1435 1171 1478 ua-

202 1516 295 1575 quam
318 1499 432 1575 antiqui
448 1497 552 1560 Patres
574 1517 641 1559 eam
666 1500 845 1562 adsalutem
867 1501 1074 1562 necessariam
1100 1515 1170 1559 esse

202 1580 381 1644 docuerunt.
406 1579 450 1642 De
472 1581 693 1644 Communione
715 1583 772 1642 snb
793 1588 923 1658 utraque
943 1582 1045 1658 specie
1068 1579 1168 1641 edidit

202 1661 338 1722 libellum
363 1659 489 1724 lacobus
504 1662 578 1725 Ben.
595 1664 725 1726 Rossnet
744 1662 914 1742 Episcopus
928 1663 1108 1733 Meldensis,
1133 1661 1165 1722 ia

203 1761 263 1821 qno
287 1743 522 1806 luculentissime
546 1747 656 1822 prohat
675 1754 780 1806 contra
796 1744 997 1806 protestantes
1019 1760 1166 1807 necessa·

203 1828 280 1886 riam
303 1843 455 1902 nunqnam
479 1826 611 1896 habitam
628 1827 721 1888 luisse
734 1827 983 1888 Communionem
1005 1827 1067 1902 sub
1083 1832 1165 1886 ntra·
1254 1864 1255 1901 3

201 1925 261 1985 que
282 1909 394 1984 specie.
419 1907 459 1968 Et
480 1928 512 1969 re
535 1909 658 1986 quidem
682 1927 754 1970 vera
782 1910 811 1969 id
834 1909 921 1987 plene
941 1909 1164 1986 comprobatur

201 2007 238 2050 ex
260 1990 429 2066 primitivae
453 1987 604 2052 Ecclesiae
626 1995 722 2069 praxi,
747 2008 825 2068 qnae
847 1992 877 2050 in
899 1990 1076 2068 primordiis
1097 1989 1163 2050 suis

200 2071 273 2135 licet
293 2072 470 2149 quaudoque
493 2073 547 2134 sub
570 2091 654 2140 una,
683 2074 833 2134 interdum
861 2073 918 2135 sub
940 2079 1070 2149 utraque
1093 2086 1163 2147 spe·
1253 2088 1254 2099 ¹

202 2153 247 2214 cie
276 2151 523 2216 Communionem
545 2147 684 2216 fidelibus
706 2155 829 2232 elargita
860 2155 924 2224 sit,
945 2155 1003 2215 sub
1030 2171 1098 2214 uua
1117 2158 1161 2212 ta·
1253 2124 1255 2247 l

201 2251 271 2294 men
294 2239 410 2296 mulum
432 2238 532 2313 specio
561 2237 645 2314 panis
666 2238 804 2297 eamdam
833 2237 991 2298 tradidisse
1013 2249 1159 2314 expresse

200 2315 309 2394 legitur
331 2316 361 2375 in
384 2317 468 2378 Actis
483 2319 696 2393 Apostolorum
717 2318 791 2396 Gap.
807 2317 837 2378 ll
860 2319 911 2388 ubi
932 2318 971 2377 de
991 2318 1104 2378 iisdem
1122 2312 1158 2374 fi-

201 2397 318 2460 delibus
339 2398 473 2460 dicitur:
499 2399 577 2460 Erat
599 2408 698 2460 antem
715 2409 939 2479 perseuerantes
958 2401 995 2460 in
1015 2398 1158 2460 decesso

201 2479 432 2558 Apostolorum,
465 2491 492 2543 ot
515 2481 782 2542 communicatione
810 2480 969 2559 [rectionis
988 2481 1104 2559 panis,
1128 2485 1156 2536 tt
1251 2498 1252 2555 ζ

201 2560 413 2623 orationibus:
436 2562 547 2624 deiude
564 2561 674 2624 ibidem
689 2563 761 2642 cap.
781 2562 855 2623 XX:
876 2563 943 2624 Una
963 2572 1066 2623 callem
1082 2557 1156 2620 Sab-

201 2641 365 2712 balcrnm,
390 2663 458 2704 cnm
480 2648 711 2710 convenissemus
732 2644 772 2708 ad
793 2642 999 2725 franpendnm
1019 2659 1155 2724 ponem,
1248 2704 1251 2719 .,

202 2725 315 2784 Paulus
336 2720 506 2805 disputabat
524 2749 535 2799 ,-
566 2746 644 2806 quae
666 2729 732 2788 loca
755 2728 957 2789 communiter
978 2725 1076 2786 Sancti
1099 2722 1153 2784 Pa·
1244 2770 1251 2805 ξ

202 2806 265 2868 tres
287 2805 457 2885 intelligunt
477 2811 515 2871 de
536 2809 753 2871 communione
776 2808 985 2870 Eucharistica
1004 2807 1061 2869 snb
1083 2803 1152 2866 solis
1250 2806 1251 2875 l

201 2887 359 2966 speciebus
382 2892 466 2966 panis
488 2890 591 2968 primis
612 2890 789 2953 Christianis
810 2893 850 2953 ab
871 2891 1047 2970 apostolis,
1073 2886 1152 2946 alim

201 2985 261 3046 quc
283 2969 445 3048 Discipulis
466 2974 636 3034 distributa.-
659 2971 746 3046 Quod
766 2972 904 3034 Christus
926 2970 1008 3032 lesus
1035 2972 1065 3029 ia
1087 2965 1151 3029 uni·

200 3067 250 3110 mn
273 3047 372 3112 Coena
394 3052 449 3114 sub
471 3061 599 3133 utraque
619 3057 720 3132 specie
741 3055 968 3116 Sacramentum
991 3054 1050 3113 hoc
1072 3047 1152 3110 insti·

200 3132 304 3200 tuerit,
328 3138 358 3194 et
378 3135 435 3196 sub
457 3144 584 3214 utraque
606 3137 710 3198 itidem
732 3137 833 3214 specie
854 3136 1004 3215 Apostolis
1026 3130 1149 3196 dederit.
1249 3186 1250 3193 ,

199 3231 258 3273 uon
281 3214 349 3275 inde
372 3221 473 3278 lamen
495 3218 570 3279 bene
592 3218 743 3287 infertur,
767 3216 869 3282 fidelos
890 3222 1052 3295 praecepto
1079 3211 1150 3274 obii·

199 3295 262 3371 gari
285 3296 387 3356 divino
408 3299 445 3359 ad
467 3300 538 3361 illud
561 3300 615 3360 snb
638 3307 766 3379 utraque
789 3301 890 3380 specie
913 3296 1146 3377 percipiendum.

199 3374 349 3439 Consonat
363 3377 537 3444 Tridentino
556 3381 697 3460 Synodus
718 3402 789 3444 cum
809 3382 1024 3446 constantiensi
1046 3375 1147 3439 Conci·

198 3457 251 3550 lio,
276 3476 336 3535 quo
357 3459 503 3524 docemur
518 3462 597 3524 Sess.
613 3462 653 3524 21
677 3482 714 3525 ex
728 3483 767 3526 eo
785 3466 865 3544 quod
880 3461 1019 3524 Christus
1032 3459 1147 3522 Eucba·

198 3539 314 3600 rrstiam
336 3542 390 3602 sub
414 3549 540 3622 utraque
562 3548 662 3621 specie
683 3547 857 3614 instituerit
880 3564 940 3607 non
958 3553 1038 3606 recte
1053 3538 1147 3618 sollici

200 3620 358 3699 ntrinsqne
385 3626 492 3702 speciei
516 3626 760 3690 commonionem
787 3629 955 3695 connino
981 3634 1146 3706 perceptam
1247 3640 1248 3665 l
