2517 4059
487 214 710 285 emilii&

123 344 286 404 blissarnnr
308 344 456 404 Solemnis
478 352 581 405 contra
605 346 771 404 institutum
788 346 939 406 Ecciesiae
963 364 1077 405 morem

125 425 375 505 multiplicatione
396 424 596 487 Collectarnm
619 427 796 487 celebraret.
820 427 1016 503 Agrestinum
1033 434 1078 487 ta-

124 526 195 568 men
219 507 384 570 confutavit
405 508 507 568 Abbas
528 509 680 569 Eustatius
702 508 751 569 his
772 511 896 581 verbis,
921 513 949 570 in
973 513 1079 571 codem

121 590 257 653 Concilio
290 592 418 651 relatis:
443 588 727 669 Multiplicotionem
763 586 942 653 Orationem
967 594 1001 651 in
1026 590 1079 650 So·

124 674 184 733 eris
204 670 311 755 Officiis
336 672 470 732 omnibns
490 672 636 752 proficere
656 670 808 732 Ecoleaiis:
831 675 903 753 qnin
921 674 992 735 dnm
1014 675 1080 753 pins

126 756 300 825 Dominus,
330 756 499 833 quaeritne,
522 758 591 834 pins
612 754 797 822 invenitor:
821 766 849 815 et
871 776 938 815 cerm
960 758 1080 816 uberius

100 896 103 901 ,
130 832 274 897 Oratione
294 838 459 916 patratur,
492 838 636 897 eusitius
659 835 803 896 exaudire
826 839 988 916 probatur.
1012 835 1078 896 Col-

125 921 204 979 lecta
225 920 363 996 expansis
389 918 553 989 manibus3
583 918 773 994 brachiisque
801 920 947 996 protensis
976 921 1077 979 recita-

124 1008 187 1070 tur,
211 1018 248 1061 eo
269 1002 382 1061 scilicet
403 1001 517 1069 habitu,
541 1001 592 1077 qui
614 998 753 1061 fidelibus
774 1003 927 1062 orantibus
950 1002 979 1059 in
995 1006 1078 1061 utro·

124 1100 185 1159 que
209 1082 402 1144 Testamenta
428 1084 567 1144 sblemnis
595 1081 663 1146 luit.
692 1081 763 1141 ldeo
790 1083 936 1158 psallebat
955 1081 1078 1151 David,

124 1165 207 1225 Dum
229 1167 335 1226 entello
356 1184 463 1226 ananus
484 1183 564 1225 mens
585 1163 626 1222 ad
648 1167 786 1241 templum
813 1173 946 1225 sunctum
969 1174 1080 1225 tnnm:

123 1245 164 1305 ln
196 1248 312 1307 nomine
337 1257 387 1308 tuo
412 1249 510 1310 leuabo
535 1248 643 1307 manni
674 1263 779 1306 meaa:
811 1247 944 1327 carpendi
974 1262 1082 1305 monna

123 1346 205 1389 meos
226 1328 266 1389 ud
288 1338 327 1389 te.
344 1327 422 1389 Nam
444 1332 521 1392 sicut
542 1328 639 1389 Adam
655 1333 778 1389 extensa
799 1347 890 1390 manu
913 1330 949 1388 ad
970 1328 1081 1389 vetitae

124 1410 242 1471 arboris
271 1411 400 1471 iruetum
423 1410 477 1473 Dei
500 1415 694 1489 praeceptum
722 1416 1015 1487 transgressam,
1040 1411 1082 1469 ita

123 1494 276 1553 credimus
311 1496 408 1571 ipsum
433 1497 633 1569 poenitentem
667 1493 768 1553 noxias
791 1511 897 1552 manns
924 1493 960 1552 ad
983 1492 1080 1551 Deum

123 1574 303 1645 extendisse,
322 1594 390 1635 cum
413 1576 450 1635 ab
473 1578 534 1653 ipso
550 1578 668 1637 veniam
692 1575 953 1651 praevaricationis
969 1573 998 1633 in
1014 1592 1082 1632 ora-

125 1658 205 1718 tione
228 1657 372 1734 petebat3
402 1674 531 1735 eumque
555 1659 646 1717 ritum
668 1655 766 1721 lilios,
796 1661 826 1716 et
858 1662 981 1734 nepotes
1012 1672 1081 1713 suos

124 1739 289 1803 aduenisse.
313 1737 379 1798 Hac
404 1740 465 1816 ipsa
487 1740 524 1798 de
539 1756 628 1798 causa
642 1736 795 1798 Christum
812 1738 843 1797 in
857 1735 952 1799 Cruce
976 1754 1081 1798 manans

125 1840 196 1881 suas
229 1822 397 1882 extendisse
419 1821 561 1881 adversus
584 1822 671 1896 primi
694 1820 824 1895 parentis
848 1838 957 1880 manus
978 1822 1079 1879 incoou

125 1905 255 1965 tinenter
278 1912 425 1971 extensas,
443 1900 616 1963 Nazianzeni
639 1902 783 1963 sententia
799 1908 855 1961 est.
869 1901 1004 1979 Utroque
1026 1920 1080 1960 au·

126 1992 190 2047 tem
212 1986 356 2064 mysterio
378 1983 560 2044 Christianos
592 1985 649 2044 hac
671 1982 767 2043 torma
799 2001 900 2044 orasse
926 1985 1078 2045 existimat

125 2068 292 2130 Cardinalis
308 2070 398 2135 Bona,
418 2072 449 2127 ut
470 2072 501 2127 et
515 2066 622 2126 Adami
646 2068 932 2142 transgressionem,
957 2073 988 2126 et
1009 2065 1078 2125 lesu

126 2148 238 2211 Christi
261 2169 278 2211 e
301 2150 432 2227 patibulo
455 2149 633 2225 pendentis,
658 2164 693 2207 ac
715 2149 875 2225 pronubis
897 2147 1082 2209 satisfacien-

128 2233 166 2293 tis
188 2233 347 2310 imaginem
369 2231 583 2308 exprimerent.
597 2231 752 2307 Appareut
767 2232 877 2309 passim
898 2232 928 2289 in
951 2231 1076 2310 cryptiS,

128 2320 159 2375 et
180 2315 368 2375 coemeteriis
390 2313 542 2373 Romanae
564 2310 651 2373 Urbis
673 2312 831 2383 virorum,
854 2320 885 2374 ei
915 2314 1078 2373 mulierum

129 2397 259 2459 extensis
282 2396 421 2467 brachiis,
438 2400 469 2455 et
489 2395 612 2457 elevatis
627 2394 763 2455 manibus
778 2395 926 2456 orantium
942 2394 1082 2471 antiquis-

128 2480 222 2539 simae
244 2479 389 2556 picturae,
414 2494 487 2555 quas
502 2477 607 2537 Bosins
630 2476 805 2553 spectandas
827 2477 951 2537 exhibet
972 2477 1002 2533 iu
1018 2473 1079 2534 llo·

128 2576 179 2621 me
201 2562 404 2621 subterraneo.
819 2575 823 2587 ·

170 2642 210 2703 V.
235 2640 301 2702 Ndn
323 2640 418 2702 solum
441 2646 541 2699 autern
565 2641 593 2697 in
615 2636 735 2706 Missae,
752 2637 986 2714 Officiorumque
1007 2639 1078 2698 divi·

131 2742 240 2784 norum
263 2724 420 2785 Solemniis
446 2722 588 2785 Colteetae
610 2720 681 2779 olim
705 2722 823 2781 recitari
847 2719 1003 2790 solebant3
1027 2721 1079 2781 sed

130 2809 159 2865 in
185 2822 375 2883 quocumque
397 2803 581 2866 Clericorum
605 2818 657 2861 seu
679 2800 895 2862 Monachomm
918 2808 1078 2868 conventu,
1109 2878 1112 2885 Ι

131 2888 247 2965 quoties
269 2886 358 2947 simul
381 2886 531 2952 orabant,
560 2884 612 2960 qui
638 2884 824 2960 praesidebat
845 2885 928 2944 breui
951 2880 1082 2946 Collecta

107 3000 110 3007 ·
130 2973 310 3029 conventum
334 2968 484 3028 dimittere
506 2965 629 3025 solebat.
654 2963 750 3024 Testis
772 2972 818 3026 est
838 2966 930 3045 hujus
955 2984 1081 3026 consue·

131 3050 242 3111 tudinis
265 3050 431 3112 Waliridus
453 3048 559 3109 Strabo
581 3047 655 3122 Cap.
680 3044 721 3105 22
742 3047 867 3116 dicens,
891 3049 1080 3109 consuevisse

129 3138 248 3193 veteres
270 3130 396 3200 Patres,
420 3133 469 3207 qui
493 3132 618 3190 caeteris
646 3130 858 3191 eminentiores
880 3136 989 3198 erant,
1021 3147 1080 3189 non

131 3213 227 3274 solum
251 3214 328 3275 inter
349 3213 453 3274 Ollinia
476 3212 602 3282 Missae;
627 3213 847 3273 verumetiam
871 3214 901 3273 in
923 3213 987 3271 aliis
1008 3228 1079 3271 cou-

129 3297 279 3367 rentibus,
304 3301 335 3357 et
355 3294 625 3372 colloquutionibus
650 3294 731 3353 brevi
754 3295 886 3356 oratione
914 3312 989 3371 opus
1011 3311 1081 3353 con·

132 3377 265 3441 cludere.
280 3376 363 3439 Olim
386 3384 452 3455 post
466 3377 620 3437 recitatam
636 3374 811 3448 Collectam‚
828 3377 857 3435 iu
873 3374 1007 3435 Ecclesia
1021 3374 1081 3435 llo-

121 3478 218 3521 'mana
241 3460 410 3537 ceterisque
432 3460 460 3517 in
477 3456 629 3529 Ecclesia,
653 3457 756 3519 diebus
777 3458 1007 3519 solemnioribus
1028 3456 1081 3519 lie·

131 3542 203 3602 bant
219 3543 363 3621 speciales
378 3540 536 3602 Orationes
559 3540 613 3616 pro
628 3538 753 3601 Summo
767 3538 921 3608 Penthea,
939 3558 993 3619 pro
1007 3537 1081 3619 lipi-

131 3640 233 3701 scopo,
256 3625 452 3701 lmperatore,
477 3640 531 3701 pro
552 3621 646 3701 Rege,
670 3640 747 3701 quae
769 3620 926 3684 Orationes
941 3619 1080 3683 medem

900 3719 914 3745 ζ
