2517 4059
483 173 707 247 septimius»

120 303 189 363 dem
205 305 263 363 rliei
279 304 407 380 explicat
424 302 518 364 Diuus
534 304 730 380 Augustinus.
747 304 792 363 llo
816 304 871 362 bac
887 303 977 361 blissa
993 320 1078 363 men·

121 386 233 445 tionem
267 384 339 445 lacit
359 379 491 447 Maenius
521 387 550 444 in
572 404 626 445 suo
649 384 841 446 llierolexico
864 385 965 444 Verbo
988 383 1077 445 Sere

121 467 255 534 linium,
284 469 333 527 ubi
358 470 447 527 etiarn
473 467 624 533 advertit,
651 469 732 545 qnod
756 470 785 526 in
807 466 919 525 Ordine
942 468 1076 526 Romano

120 551 272 625 praedicta
294 550 382 609 Feria
404 551 630 610 antinomastiee
652 550 828 613 vocabatur,
845 546 936 608 Furio
960 546 1077 609 Sereti-

120 633 181 691 nii.
206 631 354 691 Serutinia
378 634 407 690 in
430 628 563 696 Ecclesia
586 630 721 691 Romana
747 638 861 707 septem
891 633 919 690 in
942 628 1077 703 Quadra-

123 714 237 790 gesima
260 714 409 774 celebrata
438 715 529 773 luisse
551 715 739 774 consentiunt
773 730 878 772 omnes
901 712 1073 779 tinctores,

123 794 175 869 qui
199 795 235 854 de
259 796 363 856 ritibus
385 794 600 856 Ecclesiaslieis
622 796 831 874 scripserunt;
854 812 933 870 quae
953 794 1075 869 quidem

120 874 272 937 Strutinia
296 896 353 937 non
375 884 460 939 erant
483 878 538 937 nisi
560 878 724 947 examina,
748 884 779 937 et
801 876 999 936 institutiones
1020 875 1075 937 Ca-

126 958 400 1029 tecbumenorum,
424 961 476 1037 qui
499 960 641 1038 baptizari
664 960 693 1018 in
717 959 853 1037 proximo
875 958 1033 1017 debebant.

583 1050 594 1075 0

491 1120 618 1183 CAPUT
640 1121 693 1182 lll.

217 1304 259 1347 mi
282 1302 373 1345 utsss
394 1302 534 1348 Pult'ars
557 1302 691 1356 elusone
714 1302 880 1345 eburneo
902 1301 969 1343 USU.

162 1450 188 1509 l.
212 1448 338 1527 Semper
360 1448 455 1526 viguit
487 1451 515 1510 in
538 1445 669 1510 Ecclesia
697 1448 832 1526 privatae
854 1447 989 1514 Missae,
1012 1464 1073 1507 uno

123 1532 229 1592 sallem
252 1537 407 1607 praesente
428 1537 460 1591 et
482 1532 681 1600 ministrante,
700 1528 856 1590 laudabilis
877 1528 1073 1598 consuetudo,

122 1630 213 1689 quam
238 1611 390 1675 Haeretici
413 1612 590 1691 Misoliturgi
607 1612 767 1689 aliquando
782 1610 967 1690 prohibitum
983 1609 1076 1671 inisse

121 1712 274 1771 nunquam
299 1699 439 1772 poterunt
459 1696 677 1758 demonstrare.
696 1692 766 1753 Stre
788 1694 869 1752 enim
884 1694 1000 1751 dicatur
1015 1692 1075 1769 pri·

121 1782 190 1837 rata
212 1795 228 1837 a
252 1779 342 1841 loco,
372 1777 452 1853 quia·
466 1776 493 1835 in
517 1778 633 1854 privato
664 1776 766 1853 aliqrro
787 1774 926 1834 Oratorio
948 1774 1072 1851 agitur:

119 1860 183 1921 sive
206 1878 222 1918 a
245 1859 479 1934 temporaneis
503 1876 559 1917 nnn
582 1858 677 1927 lestis,
694 1856 745 1916 sed
768 1859 891 1934 priuatis
906 1857 1012 1915 diebus
1027 1852 1071 1916 fit:

121 1941 185 2001 sire
208 1940 244 1999 ab
261 1939 476 2006 assistentibus,
494 1941 564 2017 quia
581 1940 629 1999 rel
647 1956 725 2001 unus
739 1938 906 2000 dumtaxat.
925 1938 970 1998 vel
989 1937 1075 2012 pauci

122 2023 149 2082 el
173 2025 329 2083 intersunt:
348 2024 411 2081 sire
432 2040 469 2081 ex
493 2022 624 2098 eoquod
645 2022 724 2081 solus
739 2021 886 2082 Sacerdos
899 2022 928 2079 in
944 2038 980 2081 ea
994 2035 1072 2078 com·

120 2108 275 2165 municat:
301 2104 364 2163 sire
386 2104 443 2163 alla
466 2120 658 2179 quacumque
681 2120 840 2164 excausa:
864 2119 983 2178 semper
1004 2118 1073 2161 eam

118 2186 253 2255 licitam,
277 2204 454 2262 semperque
476 2187 505 2243 in
528 2204 583 2246 usu
607 2186 718 2254 luisse,
742 2186 958 2263 probatissimis
981 2182 1072 2243 Vete-

117 2286 186 2330 rum
202 2269 326 2328 Patrum
343 2269 517 2327 testimoniis
533 2274 564 2328 et
578 2266 725 2343 exemplis
745 2268 979 2328 demonstratur.
992 2264 1069 2324 Nam

38 2386 41 2393 =
118 2352 216 2427 primo
239 2351 373 2428 Apostoli
397 2350 475 2409 circa
499 2350 602 2409 dornos
624 2366 732 2426 panem
754 2349 940 2427 frangebant,
957 2346 1072 2407 Eucba·

118 2434 252 2493 risticum
269 2432 419 2499 videlicet,
437 2438 469 2490 ut
491 2432 610 2492 illerum
623 2432 700 2491 Acta
716 2437 872 2492 testantur.
888 2430 976 2489 Viros
988 2429 1071 2487 dein-

119 2514 155 2573 de
177 2514 389 2592 Apostolicos,
418 2514 468 2589 qui
498 2530 547 2573 eos
570 2516 705 2591 proxime
727 2514 845 2590 sequuti
867 2519 956 2581 srrnt,
981 2527 1070 2587 saepe

118 2597 257 2674 privatim
281 2596 448 2671 celebrasse
472 2595 499 2654 in
522 2596 674 2661 domibus,
699 2596 727 2653 in
749 2594 931 2664 carceribus,
949 2594 977 2650 in
999 2607 1075 2669 cry->

117 2680 186 2756 ptis,
205 2684 235 2738 et
257 2680 286 2737 in
309 2677 499 2737 coemeteriis
520 2677 713 2737 manifestum
736 2682 792 2735 est.
817 2676 847 2736 S.
873 2676 1015 2735 irenaeus
1031 2670 1072 2732 E-

117 2761 256 2836 piscopus
278 2758 504 2835 Lugdunensis,
526 2746 560 2819 'et
581 2760 698 2833 blartyr
720 2758 908 2833 quotidianas
931 2755 1071 2816 Euchari-

118 2842 183 2902 slici
206 2840 349 2901 Sacrifieii
373 2838 536 2900 oblationes
565 2858 619 2899 suo
642 2844 779 2916 tempore
808 2839 900 2899 lactas
923 2842 1071 2899 memorat

114 2922 182 2982 Lib.
197 2921 240 2984 tv
262 2925 405 2985 adversus
428 2920 576 2981 Haereses
599 2920 672 2997 Cap.
691 2918 732 2979 {lb
753 2927 842 2997 alque
858 2920 1003 2998 adjungit:
1017 2918 1069 2981 Sic

118 3016 143 3066 et
161 3004 230 3065 ideo
252 3025 303 3065 nos
317 3022 431 3085 quoque
454 3003 561 3084 offerre
576 3001 720 3063 Dominus
746 3004 810 3062 uult
831 3022 940 3063 marnes
964 2998 1004 3061 ud
1020 2999 1070 3059 At-

118 3096 185 3147 tore
205 3090 379 3167 frequenter
392 3086 454 3145 sine
468 3085 693 3147 intermissione.
712 3082 858 3144 Eusebius
874 3087 902 3144 in
919 3087 978 3144 rita
993 3080 1070 3141 Con-

116 3171 235 3230 stantini
260 3169 324 3228 Lib.
348 3166 402 3228 lV.
426 3165 497 3246 Cap.
523 3164 561 3228 lib
584 3166 678 3228 relert
699 3165 880 3244 Episcopos,
947 3167 1014 3224 ier
1034 3180 1067 3223 o·

116 3252 236 3311 mnibus
259 3250 419 3328 provinciis
445 3251 482 3309 ad
506 3247 729 3309 llerlicationem
754 3185 1069 3319 Ecclesiaeffiieroso·

117 3331 267 3411 lymerum
290 3334 410 3409 copiosa
439 3331 628 3393 multitudine
656 3336 883 3396 convenerant,
913 3332 1069 3390 incruenta

117 3416 238 3492 saepius
260 3413 412 3474 Sacrifieia
435 3414 589 3473 obtulisse.
607 3411 783 3474 Marcellum
801 3410 911 3487 Papam
934 3428 1022 3487 saepe
1039 3411 1069 3469 in

113 3496 206 3559 mmo
221 3496 351 3557 Lucinae
372 3494 540 3557 celebrasse
556 3496 631 3555 Aeta
652 3492 719 3570 ejus
734 3500 982 3555 commemorant.
995 3491 1067 3553 Gre-

116 3580 218 3657 gorius
235 3576 440 3640 Nazianzenus
454 3576 595 3638 Oratione
608 3575 685 3637 xlx
700 3578 729 3637 in
746 3576 863 3637 laudem
880 3577 984 3653 patris,
998 3592 1070 3637 eum
