2517 4059
508 185 513 201 '
608 225 834 300 mitem

242 355 272 410 et
295 351 443 430 lacrymas
470 355 499 414 in
522 355 650 416 subiimi
664 356 761 416 hilari
784 371 887 415 coram
910 351 1017 413 Divina
1039 353 1193 434 hiajestate

242 433 395 494 exhibere.
420 433 463 495 tu
487 433 678 498 innocentius
692 438 737 498 iii
759 436 868 496 trhv
888 433 998 512 Canii
1020 443 1051 496 et
1074 437 1105 497 S.
1118 437 1194 497 Tho-

243 533 317 575 mas.
342 515 397 576 Sed
420 519 458 578 ad
481 536 543 578 rem
566 520 707 580 audiatur
730 517 843 596 Ponget
858 518 1069 578 institutiones
1089 517 1194 579 Catho-

245 594 318 657 licae
340 597 376 656 T.
395 599 423 659 ii
445 599 540 676 Caput
561 604 737 677 septimum:
758 601 833 663 Cum
854 600 1002 677 indiqnos,
1030 601 1127 678 inquit
1148 620 1195 661 nos

245 697 303 739 esse
324 681 494 749 sentiamus,
519 701 647 760 qnorum
664 703 678 742 e
693 685 830 742 manibus
851 683 978 742 hostiam
999 682 1080 743 hanc
1096 685 1195 742 imme-

243 764 374 822 eulatam
390 763 470 823 Deus
492 767 637 842 suscipere
659 764 809 843 diqnetur,
829 765 959 839 petimus
979 771 1013 822 ut
1029 765 1111 824 Deus
1131 765 1195 824 mit,-

243 853 289 903 tat
310 846 440 922 aliquem
468 863 506 904 ea
529 846 585 906 sibi
606 846 796 907 adstantibus
817 843 961 924 Anqelis,
991 849 1047 924 qui
1074 847 1194 907 hostiam

241 925 320 986 hane
337 944 396 1004 pro
419 927 499 986 ambis
522 938 549 986 et
570 940 671 989 nostro
693 928 809 986 nemine
831 927 870 988 ad
893 929 990 987 Altero
1012 927 1091 997 Dei,
1117 927 1192 995 idest,

243 1005 283 1066 ad
300 1006 452 1070 Christum
473 1009 569 1088 ipsum
590 1011 624 1070 in
645 1011 723 1069 curlo
739 1007 829 1070 Patri
849 1008 1027 1068 assidentem
1047 1013 1193 1088 perferat,

242 1099 276 1149 ut
291 1092 391 1170 prosit
412 1091 494 1150 nobis
510 1090 549 1149 ad
563 1093 690 1152 salutem
711 1091 819 1150 oblatio
833 1091 881 1150 hic
902 1109 922 1148 e
937 1091 1020 1150 nobis
1041 1092 1138 1168 fucta.
1154 1091 1194 1151 iix

240 1187 301 1246 quo
324 1177 425 1248 poscat
447 1171 606 1240 Sacerdos,
631 1184 665 1234 ut
687 1175 770 1231 omni
791 1172 991 1232 benedictione
1012 1175 1149 1242 coelesti,
1173 1179 1195 1228 et

240 1253 343 1330 qratia
364 1255 538 1330 rapitantur
560 1266 701 1336 quotquot
726 1254 841 1316 Christi
864 1255 994 1332 Corpus,
1019 1265 1048 1314 et
1073 1253 1196 1333 Sanqui-

240 1351 306 1391 nem
327 1336 506 1414 sumpserint
527 1353 566 1394 eac
581 1355 616 1396 ea
631 1338 742 1396 nitaris
760 1337 1023 1414 participatione,
1050 1333 1195 1415 ejusmodi

240 1415 405 1476 locutiones
421 1419 562 1478 evincunt
579 1435 699 1494 precem
716 1418 793 1476 haric
815 1418 852 1477 ad
874 1435 925 1476 eos
947 1418 1125 1496 singiliatim
1141 1433 1195 1493 spe·

240 1503 321 1559 ctare
337 1500 386 1574 qui
399 1495 625 1559 -lincharisiicae
643 1498 870 1560 communionis
885 1498 1117 1560 Sacramentum
1134 1515 1194 1574 pcr—

241 1579 363 1658 cipiunt.
383 1579 421 1640 tlt
444 1582 566 1657 quidem
583 1581 769 1643 Sacramcnli
791 1581 870 1657 qnod
892 1598 984 1656 super
998 1580 1099 1642 ditari
1115 1581 1194 1639 Tem·

242 1661 360 1738 piorum
377 1669 543 1724 nostrornm
559 1668 613 1729 est,
634 1664 793 1740 participes
815 1668 895 1726 sunt,
913 1660 1102 1740 eosdemque
1117 1666 1194 1738 optat

239 1739 374 1802 Ecclesia
397 1743 544 1804 bonorum
567 1762 646 1821 quae
668 1745 705 1803 ad
727 1745 809 1815 Coeli
833 1743 935 1803 hilare
958 1752 1108 1822 spectant,
1132 1760 1191 1821 par·

242 1826 346 1904 ticipcs
368 1821 446 1886 heri.
471 1825 614 1886 Sacerdos
636 1829 707 1886 dum
732 1828 865 1886 nominat
884 1823 995 1887 Christi
1012 1827 1133 1902 Corpus
1154 1825 1192 1883 ia·

241 1907 282 1967 cit
303 1923 393 1984 snper
407 1905 544 1968 Hostiam
568 1910 686 1986 signnm
701 1909 823 1977 Crucis,
841 1909 925 1967 ducit
945 1924 1037 1987 super
1052 1908 1188 1969 Calicem,

243 2007 311 2050 cnm
336 1990 468 2050 nominat
483 1991 667 2067 sanguinem,
686 1991 769 2049 ducit
791 2007 881 2066 snper
895 1991 1041 2066 seipsum,
1060 2006 1130 2050 cnm
1145 2005 1191 2046 no·

242 2073 335 2130 minat
356 2069 587 2132 benedictionem
610 2074 758 2132 coelestem
788 2083 813 2131 et
835 2074 977 2148 qratiam.
1002 2071 1190 2133 innocentius

241 2151 285 2212 ΙΙΙ
307 2150 414 2211 tihi
435 2153 541 2228 Cani>
563 2154 647 2223 dicit,
672 2157 789 2231 signum
806 2152 909 2213 Crucis
930 2151 995 2212 fieri
1016 2170 1112 2231 super
1125 2152 1189 2213 Cor·

243 2250 300 2312 pns
318 2243 442 2313 propter
456 2233 595 2295 sudorem
614 2236 765 2314 Corporis,
784 2253 844 2311 quo
858 2234 996 2296 Christus
1012 2238 1042 2294 in
1057 2255 1112 2296 sna
1128 2234 1189 2292 Pas·

241 2315 322 2376 sione
346 2316 484 2386 maduit,
509 2334 599 2396 super
621 2317 751 2378 Calicem
775 2323 897 2392 propter
918 2317 1020 2395 qultas
1039 2313 1188 2396 sanquinis

242 2413 333 2475 quem
356 2400 384 2456 in
407 2393 548 2457 Passieno
570 2397 672 2467 indit,
702 2401 819 2473 signare
842 2415 914 2457 vero
936 2401 1069 2476 seipsum
1094 2399 1190 2458 Sacer·

246 2480 344 2540 dotem
372 2480 441 2556 qnia
464 2478 599 2540 Christus
623 2479 758 2557 procidit
786 2481 821 2538 in
845 2481 956 2557 sociem
984 2499 1082 2541 suam.
1108 2475 1190 2540 Addit

246 2563 368 2638 insuper
390 2561 449 2620 dno
473 2563 569 2637 prima
592 2563 673 2638 signa
696 2559 800 2622 Crucis
826 2560 994 2637 significare
1022 2563 1145 2639 vincula
1163 2561 1189 2617 et

184 2719 186 2721 Ι
245 2639 361 2720 ssageiia
383 2635 520 2712 Christi,
548 2645 671 2704 tertium
694 2661 766 2703 rero
793 2645 917 2702 innuere
944 2644 1117 2713 satellites,
1145 2638 1189 2717 qul

245 2723 355 2785 Christi
379 2723 485 2785 iacicm
503 2727 719 2804 conspuebant.
737 2725 768 2785 S.
781 2724 914 2784 Thomas
936 2743 991 2802 per
1007 2727 1117 2788 trinam
1132 2737 1188 2782 cru·

245 2805 477 2882 assignationem
501 2808 552 2877 ait,
580 2808 800 2884 repraesentari
822 2808 1025 2867 extensionem
1042 2804 1186 2886 Corporis,

246 2887 419 2951 effusionem
442 2889 610 2970 Sanguinis,
626 2897 657 2951 et
678 2889 810 2952 fructum
833 2889 985 2966 passionis.

473 3045 476 3052 ⁴
571 3051 698 3114 CAPUT
719 3049 872 3113 xxvtlt.

412 3233 454 3276 DE
477 3231 772 3278 COMMEMORATIONE
795 3231 856 3275 PRO
877 3231 1025 3276 nonanis.

285 3379 309 3439 Ι.
335 3377 481 3438 Sacerdos
504 3387 570 3439 crat
591 3397 646 3456 pro
668 3379 793 3439 morinis
822 3380 852 3437 in
881 3379 963 3439 hunc
987 3381 1109 3439 modum
1132 3372 1184 3436 Mt·

245 3469 340 3517 mento
365 3463 475 3532 etiam,
502 3461 637 3528 Domine,
660 3462 844 3539 famulorum
864 3461 1109 3540 famularumque
1130 3470 1185 3520 tua·

245 3558 313 3599 rum
336 3539 406 3602 NN.
432 3551 458 3600 et
480 3545 535 3622 qni
555 3540 608 3602 no's
625 3555 849 3620 praecesserunt
871 3561 938 3603 cum
960 3545 1043 3620 siquo
1064 3542 1141 3624 fidei,
1161 3545 1183 3595 ti

126 3703 131 3714 Ι
247 3617 399 3683 dormiunt
421 3625 454 3682 in
470 3643 569 3686 somno
587 3627 683 3706 pacis.
701 3625 834 3687 Verbum
857 3626 928 3688 iilud
946 3625 1034 3687 etiam
1057 3643 1113 3686 non
1128 3636 1185 3698 sup·
