2517 4059
561 184 785 257 emlffiffi·

90 357 94 365 -
198 315 317 391 experti
331 312 450 403 Virgini
471 330 541 374 enm
564 315 708 399 nuncium
731 317 863 385 mittere,
888 316 938 392 qui
961 314 1165 391 purissimus,
1250 342 1251 383 i

197 397 331 471 itemque
353 396 469 472 peccati
491 395 644 473 cujusvis,
668 414 776 473 expers
798 398 887 459 locet.
911 396 1048 459 Secundo
1065 395 1166 455 'baud

196 475 285 536 facile
308 477 441 537 invenies
462 494 593 553 quanam
615 478 731 537 ratione
755 477 910 555 Virginem
934 478 1035 549 homo,
1065 494 1164 553 quem
1250 522 1251 549 ,

145 595 150 602 ,
197 559 343 618 nuncium
368 559 441 618 tanti
464 560 602 634 mysterii
625 576 692 619 esse
707 562 764 624 vis,
788 562 945 621 commode
967 560 1084 637 alloqui
1109 574 1169 635 po·

198 640 316 701 luisset.
331 637 469 699 Nonnulli
492 639 636 718 Tbeologi
659 647 764 717 putant
779 642 845 703 ideo
860 645 983 703 missum
1000 641 1100 701 luisse
1123 637 1164 697 ad
1250 640 1251 709 l

197 720 407 781 beatissimam
425 721 591 797 Virginem,
615 728 677 782 tam
693 724 830 785 sublimis
853 724 987 802 mysterii
1009 722 1164 783 nuncium
1250 718 1251 741 ³

198 800 400 874 Gabrielem,
425 804 496 879 quia
517 804 545 862 ei
565 802 628 879 jam
652 804 767 865 dudum
791 806 989 866 ministerium
1013 804 1166 863 lucarum·
1250 830 1251 875 ῃ

200 886 290 945 tionis
313 885 486 960 impositum
502 882 613 945 luerat.
638 884 747 947 Missus
762 887 874 949 seilicet
889 888 1021 963 primum
1038 882 1165 945 Danieli
1250 880 1251 933 ἶ

198 966 265 1033 luit,
282 974 317 1027 ut
337 967 365 1027 ei
388 965 626 1027 incarnationem
651 984 860 1042 praecessurae
883 986 1042 1046 regnorum
1068 967 1166 1025 uicis·
1250 984 1251 1051 p

197 1048 364 1113 situdines,
389 1055 422 1107 ut
442 1046 577 1124 ejusdem
601 1048 815 1109 iucarnationis
838 1056 977 1127 tempus,
1006 1048 1093 1124 quod
1125 1046 1164 1105 ad
1250 1052 1251 1128 l

202 1130 377 1206 erigendam
401 1129 569 1204 Prophetae
590 1147 674 1207 spem
699 1132 900 1191 abbreviatum
922 1132 1019 1199 dixit,
1050 1134 1086 1189 et
1108 1130 1165 1187 cir·-

201 1212 400 1279 cumstautias
423 1211 633 1285 praediceret,
658 1216 688 1270 et
710 1214 851 1289 aperiret.
881 1211 1023 1283 Rursus,
1048 1211 1167 1269 missus

199 1292 364 1351 Zachariae
387 1290 465 1360 luit,
491 1293 936 1357 uicum-certioremla'cerot
963 1295 1000 1355 de
1025 1290 1162 1351 mirabili
1250 1326 1251 1361 ,

198 1368 417 1451 Conceptione,¹
440 1379 471 1432 et
493 1375 648 1435 nativitate
669 1374 800 1435 loannis.
825 1372 954 1436 Censent
974 1374 1024 1435 alii
1048 1374 1163 1435 nesciri

198 1473 348 1531 prorsus,
373 1472 443 1513 cnm
466 1456 502 1513 ad
526 1456 552 1514 id
577 1473 687 1517 munus
709 1456 823 1517 electus
845 1457 967 1519 Gabriel
989 1457 1053 1524 sit,
1089 1472 1162 1517 cum
1250 1472 1251 1537 l

198 1536 280 1597 euim
303 1536 443 1613 inquiunt
463 1555 500 1595 ea
522 1537 629 1597 electio
651 1555 688 1597 ex
711 1538 847 1617 eligentis
869 1540 1020 1609 arbitrio,
1047 1555 1085 1597 ac
1108 1554 1185 1597 vo·-
1250 1547 1251 1617 l

198 1618 314 1678 luntate
336 1618 518 1695 provenerit,
542 1618 655 1678 nullam
671 1636 745 1680 vero
767 1622 802 1681 iis
818 1622 961 1681 revelarit
977 1617 1160 1697 hujusmodi

199 1701 356 1761 electionis
371 1700 531 1759 rationem.
554 1698 620 1759 Non
637 1699 760 1761 deluere
775 1703 831 1762 viri
848 1704 940 1763 etiam
956 1702 1083 1771 summi,
1109 1698 1161 1775 qni

200 1801 257 1842 nou
281 1782 370 1842 modo
391 1782 422 1839 iu
435 1786 573 1850 externa,
597 1788 628 1841 et
649 1783 757 1843 visibili
779 1786 891 1860 specie,
915 1802 950 1843 ac
972 1784 1085 1848 torma,
1108 1798 1162 1840 ve·

199 1881 270 1923 rum
292 1866 384 1923 etiam
406 1863 437 1920 in
453 1863 516 1937 ipsa
532 1864 661 1925 essentia
683 1866 859 1941 apparuisse
875 1866 989 1926 Mariae
1007 1862 1161 1941 Angelum

200 1946 349 2004 dicerent.
385 1944 495 2005 Suarez
526 1947 562 2004 in
581 1944 645 2004 111.
676 1955 758 2021 port.
790 1958 902 2025 quaest.
926 1946 1021 2006 XXX
1054 1938 1161 2005 arni

199 2028 313 2102 disput.
338 2025 383 2085 Xl
405 2023 518 2085 sacca
540 2026 615 2086 haee
639 2028 701 2087 ait:
725 2026 925 2089 Probabiliter
946 2027 1160 2103 credipotest,

200 2107 345 2183 Angelum
368 2126 427 2165 non
449 2116 570 2166 tuntum
592 2110 626 2167 in
648 2118 772 2169 externo
793 2114 908 2187 specie,
938 2108 986 2169 sed
1009 2112 1103 2168 etiam
1124 2105 1160 2164 in

200 2206 257 2246 suo
272 2189 437 2247 substantio
458 2189 644 2265 apparuisse,
668 2207 703 2247 oc
725 2192 820 2250 cisum
844 2210 900 2251 csse
922 2210 942 2249 a
962 2188 1001 2249 B.
1021 2189 1159 2265 Virgine.

201 2266 373 2343 Utcumque
394 2271 444 2337 sit,
468 2270 669 2331 indubitatum
692 2277 739 2330 est
760 2290 852 2339 sane,
877 2273 1009 2332 humana
1031 2272 1162 2344 ideoque
1250 2288 1251 2295 ,

201 2350 335 2410 sensibili
357 2351 466 2427 specie,
490 2368 525 2409 ac
540 2351 648 2419 torma,
673 2353 821 2429 Angelum
839 2352 953 2431 Virgini
969 2352 1160 2429 apparuisse.
1250 2372 1251 2423 3

201 2429 242 2491 Et
263 2449 334 2491 sane
356 2434 423 2507 quis
439 2451 473 2493 ea
496 2433 534 2492 de
549 2450 582 2498 re
596 2433 737 2495 dubitare
759 2434 878 2503 audeat,
905 2444 1058 2512 postquam
1086 2433 1161 2491 llaec
1250 2450 1251 2515 ἑ

202 2532 225 2585 a⁴
241 2512 326 2576 Luca
346 2512 540 2591 Evangelista
562 2516 717 2575 audierit?
740 2514 893 2593 inpressos
916 2519 1042 2594 Angeias
1063 2508 1159 2587 Capi
1250 2524 1251 2587 l

199 2594 309 2655 1v.28.
335 2594 375 2653 ad
398 2615 463 2655 eom
485 2594 589 2655 dimit:
619 2595 682 2657 Ane
700 2637 707 2652 .
728 2640 735 2655 .
756 2640 764 2656 .
784 2640 791 2653 .
812 2594 896 2671 Qnoe
917 2616 983 2657 cum
1005 2596 1157 2659 audisset,
1250 2598 1251 2665 j

202 2676 325 2735 turbato
347 2688 387 2736 est
404 2720 412 2735 .
430 2721 438 2736 .
459 2720 467 2735 .
484 2673 526 2736 Et
547 2680 592 2738 ait
607 2675 736 2755 Anpelns
751 2680 778 2743 n·
789 2696 800 2735 :
821 2697 859 2737 ne
882 2680 986 2739 timeae
1007 2678 1160 2738 dimitun-
1250 2678 1251 2749 g

204 2767 262 2817 tem
282 2761 385 2836 diario
406 2757 447 2818 ud
469 2754 637 2834 Angelum:
663 2758 807 2836 quomodo
829 2759 877 2837 fiet
899 2759 988 2827 istud,
1017 2757 1158 2837 quoniam
1250 2764 1251 2835 }

202 2842 305 2899 virum
337 2859 397 2898 non
418 2857 569 2917 cognosco.
603 2839 643 2899 Et
666 2839 841 2916 respondens
862 2840 993 2918 Ampelos
1016 2836 1157 2900 dimitri.
1250 2864 1251 2909 3

200 2925 265 2989 ele,
289 2921 465 2998 etreliqua,
490 2939 567 2997 quae
589 2939 605 2979 a
623 2920 704 2981 Luca
727 2921 884 2997 diligenter
906 2924 1086 2999 copioseque
1108 2920 1159 2979 de·
1250 2930 1251 2995 j

203 3003 390 3066 scribuntur.
415 3004 461 3061 Au
486 3002 560 3062 liaeo
583 3004 647 3062 siue
670 3003 815 3071 sensibili,
841 3003 1035 3080 humanaque
1058 3002 1160 3080 specie
1223 3002 1251 3092 a]

204 3083 272 3145 lieri
295 3084 440 3160 possunt?
461 3082 581 3143 Adsunt
603 3084 814 3159 suffragatores
830 3082 959 3160 hujusce
983 3086 1026 3145 rei
1043 3084 1158 3144 Patres.

118 3173 124 3179 '
203 3164 370 3242 Origenes,
394 3162 529 3225 Humilia
552 3163 593 3223 lV
616 3166 644 3223 iu
667 3164 780 3227 Lucam
800 3186 808 3234 ;
833 3166 1033 3234 Ambrosius,
1057 3166 1122 3225 Lib.
1139 3158 1159 3219 l
1250 3178 1251 3181 ¹

203 3248 249 3307 De
275 3244 383 3329 Officiis
404 3244 475 3323 Cap.
495 3243 600 3304 XVlll
622 3264 706 3305 num.
725 3245 781 3316 693
804 3244 1022 3325 Hieronymus,
1048 3248 1076 3305 in
1092 3241 1158 3323 Epi·
1250 3280 1251 3327 i

204 3330 279 3388 stolo
301 3326 423 3403 septima
445 3326 486 3384 od
507 3323 656 3398 Loetone,·
678 3328 873 3404 Augustinus,
897 3328 1040 3389 Sermone
1065 3321 1174 3387 181de
1250 3332 1251 3385 ξ

209 3407 371 3489 Tempore;
392 3406 614 3487 Chrysalogus,
639 3409 779 3473 Sermone
804 3408 875 3469 1120.
898 3408 1066 3487 Splendore
1087 3422 1160 3483 quo·

207 3492 277 3549 dam
300 3489 519 3552 circumfusum
543 3489 715 3566 Angelum,
740 3508 831 3567 quem
855 3490 1007 3558 dicimus,
1039 3488 1157 3551 exhibet

207 3570 431 3643 sannazarius,
466 3573 517 3649 qui
545 3589 669 3635 suavem
701 3572 825 3635 odorem
847 3571 885 3631 ab
912 3573 1017 3633 eodem
1045 3566 1157 3648 Angelo
