2517 4059
568 193 628 255 «ὣ
651 181 794 252 thiteva

206 312 348 372 cabimus.
366 307 455 388 Hugo
473 310 644 372 Victorinus
666 311 780 373 sustolli
797 312 868 373 dicit
883 329 988 389 panem
1007 313 1101 372 vitae.
1117 310 1165 370 Ex

205 394 235 455 S.
252 391 403 454 Germano
425 393 552 453 elevatio
574 391 700 454 Hostiae
721 401 751 454 et
772 393 889 460 Calicis,
914 393 1061 472 significat
1082 393 1168 455 Cru-

205 479 260 545 cis,
283 481 313 536 et
326 474 435 536 Christi
459 476 488 533 in
510 493 545 536 ea
568 475 703 536 crucifixi
725 477 934 542 elevationem,
953 475 1119 537 Durandus
1134 476 1166 534 id

205 557 270 619 lieri
293 557 375 626 dicit,
400 561 434 616 ιιι
455 557 526 618 sciat
548 558 677 634 populus
698 560 951 619 consecrationem
975 563 1093 618 secreto
1119 559 1167 618 la-

204 647 294 706 etam,
318 645 348 700 et
369 637 522 698 Christum
544 640 658 700 adoret.
683 638 763 700 Palla
784 642 918 718 cooperit
937 639 1068 701 Calicem
1091 647 1167 716 post

203 721 270 800 ejus
291 721 499 786 elevationem,
517 739 668 796 nunquam
685 740 758 782 vero
780 726 854 801 tegit
868 720 1019 782 Hostiam.
1032 720 1080 782 Ob
1096 721 1167 800 My·

205 805 329 865 sterium
354 803 380 862 id
404 800 468 862 fieri
490 803 563 862 dicit
585 803 756 864 llurandus.
780 804 813 863 ln
829 803 928 866 Calice
952 811 1166 881 repraesenta-

204 894 254 948 tur
273 883 411 946 Christus
434 891 466 945 ut
488 885 515 943 in
538 881 866 960 Sepulchroszristus
888 888 916 946 in
931 885 1102 964 Sepulchra
1128 904 1165 944 o-

205 975 309 1045 pertus
330 968 387 1029 luit
409 965 557 1046 syndone,
580 964 717 1039 Sudario,
741 965 851 1044 Lapide
873 972 984 1038 clauso,
1006 975 1039 1028 et
1062 970 1166 1046 sigua-

206 1057 248 1111 to.
274 1047 306 1108 lu
329 1047 433 1109 Hostia
457 1053 700 1125 repraesentatur
721 1048 880 1118 Christus,
905 1057 940 1110 ut
962 1052 991 1109 iu
1016 1048 1163 1110 Passioue
1252 1070 1253 1129 j

204 1138 289 1193 extra
312 1127 511 1207 Sepulchrum
527 1151 534 1199 ;
559 1130 597 1190 cb
619 1131 647 1191 id
670 1131 719 1190 ille
735 1133 793 1208 tegi
809 1133 910 1201 debet,
928 1151 984 1193 non
1001 1133 1070 1191 ista.
1089 1130 1165 1191 Per·
1252 1148 1254 1207 ff

202 1218 271 1275 acta
285 1212 513 1274 Consecratione
528 1210 636 1273 Calicis
657 1214 686 1272 iu
707 1214 845 1275 omnibus
860 1214 1001 1291 liturgiis
1023 1231 1163 1274 comme·
1252 1248 1253 1253 κ

205 1300 341 1356 moratur
363 1293 534 1354 mandatum
550 1291 660 1356 Christi
682 1297 903 1372 praecipientis,
928 1305 961 1357 ut
983 1298 1082 1372 ipsum
1106 1295 1161 1356 Sa-

204 1375 349 1438 crificium
373 1377 401 1434 in
416 1372 483 1452 ejus
498 1378 672 1437 memoriam
688 1383 859 1454 peragatur:
874 1378 946 1438 boec
962 1379 1161 1457 quotiescum-

205 1478 261 1540 que
281 1457 413 1536 feceritis
432 1460 467 1516 in
489 1461 547 1519 mei
567 1459 741 1518 memoriam
761 1461 888 1539 societis.
906 1459 1043 1520 Christus
1061 1457 1162 1519 Domi·

205 1558 262 1602 nus
284 1541 311 1600 id
336 1539 459 1600 faciendi
482 1539 561 1616 quod
584 1538 650 1616 lpse
672 1541 767 1611 lecit,
793 1547 967 1617 potestatem
990 1539 1163 1602 Sacerdoti-

205 1623 261 1684 bus
284 1623 432 1683 contulit:
456 1619 521 1681 Hoc
542 1621 661 1698 facite3
683 1623 853 1699 etquidem
876 1624 988 1700 absque
1012 1624 1162 1684 limitibus
1252 1630 1254 1667 l

207 1706 341 1766 contulit.
357 1703 529 1765 Sacerdotes
543 1709 622 1772 sunt.
641 1705 735 1782 inquit
755 1704 786 1766 S.
801 1704 1006 1784 Hieronymus
1023 1703 1160 1782 Epistola
1252 1728 1253 1735 ι

205 1786 246 1847 ed
267 1785 473 1852 Heliodorum,
498 1786 550 1864 qui
575 1785 820 1868 ctesiccorpos
840 1806 892 1847 coo
913 1805 998 1848 cccco
1019 1806 1067 1846 ore
1092 1807 1159 1847 con·

209 1869 320 1948 ficiunt,
342 1886 394 1928 aco
410 1871 510 1946 potios
528 1867 661 1930 Clrristor
674 1875 735 1946 ipre
756 1880 805 1938 est,
830 1871 882 1948 qui
901 1869 998 1939 iniis,
1017 1886 1078 1948 pro
1094 1886 1161 1930 oer-

204 1952 250 2012 bis
272 1969 347 2030 quae
365 1949 547 2029 proferunt,
572 1967 714 2028 moenum
735 1953 787 2012 boe
804 1950 980 2031 prodicium
1001 1949 1074 2010 edit.
1099 1949 1159 2010 lle-
1252 1978 1253 2003 r

201 2042 319 2110 potate,
337 2032 433 2108 inquit
443 2029 479 2091 S.
497 2030 621 2092 loannes
636 2030 867 2110 Chrysostomus
881 2030 1017 2092 Homilic
1039 2030 1075 2090 de
1086 2050 1156 2110 pro·
1252 2050 1253 2059 ¹

207 2111 321 2173 ditione
344 2111 437 2172 ledae
458 2114 492 2172 in
514 2113 673 2174 Sacerdote
697 2115 812 2178 Christi
831 2131 980 2181 menum,
1011 2132 1091 2193 quoe
1111 2133 1156 2174 oc·
1252 2132 1253 2151 ³

203 2196 288 2256 cotra
308 2197 338 2255 ci
359 2194 491 2273 quadam
512 2195 585 2272 opit.
601 2192 680 2256 Hinc
702 2197 775 2255 illud
792 2195 914 2256 Petrum
937 2195 1071 2256 solemne
1095 2213 1155 2256 mo·
1252 2234 1253 2237 =

209 2279 329 2346 ultum,
354 2277 404 2336 ubi
427 2277 464 2336 ad
488 2286 673 2338 momentum
695 2281 837 2356 temporis
859 2281 981 2338 ventum
1005 2282 1071 2347 est,
1097 2295 1156 2355 quo
1252 2306 1253 2345 ι

205 2359 430 2420 Sacramentum
454 2348 785 2434 pcr¹Consecvationem
808 2357 992 2437 perficiatur,
1014 2358 1156 2420 Sacerdo·
1252 2364 1253 2367 ’

209 2450 270 2504 tem
293 2459 351 2500 non
367 2442 494 2518 amplius
510 2441 618 2517 ipsum,
636 2439 687 2500 sed
710 2447 744 2500 ut
757 2440 869 2502 Christi
886 2459 1044 2516 personam
1066 2459 1159 2518 agen·
1252 2438 1253 2441 ’

206 2535 266 2588 tem
290 2523 397 2599 loqui,
428 2520 515 2600 cujus
543 2523 635 2598 ipsius
656 2522 770 2583 scilicet
792 2521 890 2582 verbis
911 2524 1015 2582 utitur.
1040 2521 1081 2582 ln
1103 2519 1163 2582 mei

206 2607 381 2666 memoriam
402 2604 526 2683 societis.
551 2603 635 2664 Adeo
665 2606 815 2665 excellens
843 2604 1048 2680 eximiumque
1081 2623 1156 2682 opus

206 2690 264 2748 hoc
287 2685 463 2747 Sacerdotes
488 2685 579 2746 edere
601 2686 711 2748 debent
735 2687 764 2746 iu
785 2686 884 2745 Divini
906 2686 1071 2747 Salvatoris
1096 2705 1158 2747 me·

208 2767 347 2836 moriam,
365 2785 470 2844 nempe
494 2772 526 2827 ut
541 2765 606 2844 ejus
627 2768 765 2828 immensi
788 2767 899 2829 amoris
922 2769 1099 2828 memoriam
1116 2787 1159 2828 re·

209 2858 327 2912 novent.
344 2848 506 2925 Postquam
529 2849 675 2911 Sacerdos
691 2848 821 2910 Calicem
843 2851 992 2928 deposuit.
1008 2850 1155 2928 dixitque:

207 2933 288 2995 Hccc
311 2932 546 3010 quotiescumque
568 2937 627 2992 etc.
652 2930 763 2994 Variae
785 2933 914 2991 rationes
937 2933 965 2990 io
988 2932 1045 2992 hoc
1068 2944 1159 3010 nego·
1252 2994 1253 3007 p

208 3017 249 3077 tio
270 3016 407 3086 extitere.
431 3012 549 3073 Alicubi
572 3014 672 3087 haec,
701 3021 734 3074 ut
756 3020 787 3074 et
807 3012 1043 3074 Consecrationis
1065 3015 1159 3076 verba
1252 3022 1253 3025 ’

207 3113 300 3174 super
313 3093 411 3156 Calicc
434 3094 620 3155 dicebantur.
640 3094 718 3155 Alibi
742 3096 851 3173 passim
874 3113 909 3155 ea
923 3097 1001 3155 dicta
1024 3094 1111 3157 tuere
1127 3098 1156 3156 in
1252 3148 1253 3153 ,

208 3181 269 3258 ipsa
285 3177 393 3240 Calicis
415 3177 592 3245 elevatione,
611 3177 691 3253 quod
714 3178 743 3236 in
759 3177 920 3238 senonensi
936 3175 1084 3246 Ecclesia,
1110 3196 1159 3257 pe·
1252 3172 1253 3229 ἶ

208 3278 260 3320 nes
275 3257 462 3326 Carmelitas,
480 3263 511 3320 et
526 3257 687 3328 Mediolani
702 3261 866 3331 etiamnum
881 3260 1006 3320 obtinet.
1023 3260 1070 3320 Ex
1085 3258 1159 3321 xlv

205 3343 339 3403 Romano
361 3338 472 3402 Ordine
495 3340 587 3400 verba
609 3339 686 3402 haec
714 3347 781 3419 post
801 3342 999 3403 elevationem
1020 3341 1160 3402 dicebau-

208 3429 268 3486 tur,
292 3427 324 3480 et
338 3423 379 3481 ila
400 3422 520 3498 quidem
543 3422 571 3480 in
587 3420 767 3484 Germaniae
783 3422 924 3485 Ecclesiis
939 3423 1156 3500 compluribus,
1252 3490 1253 3495 γ

207 3502 360 3571 Treviris,
384 3508 415 3562 et
436 3502 513 3564 Tulli
535 3501 600 3562 lteri
623 3506 802 3578 consuevit;
830 3505 968 3582 idemque
990 3503 1158 3568 Dominica·
1252 3528 1253 3565 3

140 3629 142 3636 .
210 3599 315 3642 norum
338 3599 403 3643 mos
424 3579 480 3652 est,
504 3601 594 3660 quem
617 3602 635 3645 a
655 3583 789 3648 Romana
812 3584 944 3650 Ecclesia
965 3588 1094 3652 mutuati
1115 3590 1157 3648 vi·
1252 3578 1253 3615 ³
