2517 4059
7 305 8 308 p
110 227 152 264 ’λ
483 221 706 295 mestrem-

118 357 274 425 Ecclesia,
298 360 334 416 ut
355 353 529 416 latinorum
551 352 677 416 Rituum
700 353 867 432 Scriptores
887 357 1067 430 ostendunt3

119 442 228 506 deinde
250 437 392 517 paulatim
416 445 481 498 turn
504 437 644 505 Romae,
673 442 736 499 ium
758 439 828 498 alibi
856 445 990 500 mutatus
1009 445 1066 500 est.

5 519 7 544 ⁴
119 523 287 588 Concilium
310 519 488 580 Toletanum
512 518 552 579 lv
575 517 648 596 Cap.
674 519 713 581 17
740 519 932 582 Sacerdotem
958 529 989 582 et
1013 522 1070 583 Le·

117 610 214 668 uitam
240 608 309 664 ente
331 602 434 663 Altare
457 603 679 662 communicare
708 603 885 671 constituit,
916 604 945 662 in
966 603 1068 665 Cboro

119 689 255 757 Clerum,
279 683 424 763 populum
446 689 531 744 extra
546 680 693 744 Chorum.
710 684 828 745 Desitu
849 687 1070 746 communicau-

5 767 7 846 ἶ
120 774 209 836 tium,
234 770 258 830 si
281 769 317 826 de
333 765 455 826 Graecis
477 783 576 827 sermo
592 766 641 834 sit,
668 765 746 827 nulla
761 772 806 826 est
826 765 984 837 dubitati03
999 769 1071 845 quic
1108 811 1114 819 -

5 903 6 908 ,
120 861 233 916 stantes
255 850 354 908 divina
375 848 452 907 dona
473 849 663 926 percipiant;
694 850 735 908 ita
759 850 838 908 enim
862 851 1070 925 praescribunt

6 933 7 936 ’
119 937 254 1014 ipsorum
278 930 418 998 Ritualia,
442 931 549 1006 quibus
570 938 733 990 consonant
754 931 852 990 Sancti
867 930 992 1001 Patres;
1016 934 1069 992 sed

5 1059 6 1062 κ
119 1033 215 1094 prono
237 1015 355 1090 capite,
378 1018 409 1072 et
430 1012 567 1072 demissis
588 1011 683 1071 oculis
706 1017 738 1073 ut
760 1010 890 1090 Cyrillus
915 1013 1069 1076 Ceteeberi

5 1143 7 1168 ,
119 1099 148 1159 V
164 1105 195 1161 et
209 1096 443 1172 Chrysostomus
458 1098 591 1154 monent.
609 1091 731 1153 Latinos
752 1097 842 1154 etiam
858 1094 928 1154 olim
944 1103 1067 1164 stanles,

5 1177 7 1254 ξ
120 1182 201 1242 sicut
214 1176 334 1246 Graeci,
351 1178 589 1237 communicasse
610 1175 742 1235 nonnulli
758 1195 794 1237 ex
811 1177 1003 1253 antiquorum
1019 1176 1070 1237 ali-

5 1283 7 1332 l
118 1268 194 1342 quot
216 1261 417 1322 monumentis
440 1259 575 1318 nituntur
598 1259 767 1322 ostendere,
791 1265 826 1317 ut
844 1257 995 1320 Henricus
1009 1260 1070 1319 Va·

5 1347 7 1392 ὶ
118 1346 223 1412 lesius,
247 1345 278 1401 in
299 1343 377 1402 notis
398 1339 439 1400 orl
455 1337 613 1399 Eusebium
629 1338 694 1398 Lib.
708 1340 768 1400 Vll
788 1337 862 1417 Cap.
878 1341 915 1411 93
941 1341 1069 1404 loannes

118 1426 286 1492 Thicrsius,
304 1421 564 1482 inbicerartoee
581 1419 616 1478 de
632 1421 796 1492 biberibus·
812 1423 950 1499 idemque
971 1443 989 1484 a
1004 1423 1068 1484 Mo·

5 1537 6 1540 ¹
119 1509 226 1570 uachls
248 1505 412 1580 antiquitus
426 1505 581 1564 actitatum
604 1504 730 1563 ostendit
745 1501 919 1564 Edmundus
934 1503 1070 1566 Martene

121 1589 349 1654 Commentario
369 1586 402 1644 in
418 1585 565 1662 Repetam
591 1580 623 1642 S.
640 1582 796 1645 Benedicti
817 1584 890 1663 Cap.
906 1585 957 1646 35.
981 1586 1069 1648 Certe

5 1677 7 1736 J
119 1677 242 1732 veteres
263 1667 428 1730 Monacbos
449 1673 550 1728 erecto
572 1683 698 1742 corpore
724 1671 962 1728 communicasse
983 1669 1071 1731 docet

120 1771 176 1814 uos
197 1752 341 1830 Mopr'etri
364 1747 498 1826 Repcle,
522 1765 600 1823 quae
623 1747 699 1808 haec
722 1750 826 1809 statuit
846 1749 919 1826 Cap.
936 1749 989 1810 21:
1005 1751 1071 1812 Port

118 1833 279 1900 modicam.
297 1831 403 1908 inquit,
422 1830 586 1890 orationem
603 1831 695 1889 erecti
714 1833 939 1900 communicent,
962 1843 988 1892 et
1002 1853 1070 1892 eon·

5 1969 6 1984 ,
119 1916 250 1996 firment.
275 1914 363 1974 Hunc
386 1912 525 1972 eumdem
550 1912 639 1970 ritum
663 1914 839 1988 comprobat
860 1913 969 1992 imago,
993 1933 1071 1991 quae

118 2001 150 2058 in
172 1997 424 2073 Metropolitanac.
434 1993 588 2054 blemensis
604 1991 756 2054 Ecclesiae
772 1993 847 2054 Navi
869 1999 984 2072 sculpta
999 2014 1069 2056 con·

119 2080 256 2158 spiritur,
280 2078 424 2137 exhibens
445 2075 585 2138 Sanctum
608 2074 764 2136 Nicasium
785 2076 920 2153 ejusdem
937 2077 1071 2140 Civitatis

118 2160 292 2222 Antistitem
314 2158 484 2220 venerabile
499 2157 726 2218 Sacramentum
751 2159 826 2218 laico
848 2161 948 2228 stanti,
966 2168 997 2220 et
1010 2178 1068 2220 non

120 2241 277 2320 gcnullexo
304 2240 534 2318 porrigentem3
563 2241 644 2315 quod
672 2238 765 2299 relert
792 2238 950 2300 Hubertus
977 2240 1070 2320 Monp

118 2323 260 2384 Decanus
286 2320 420 2399 ejusdem
442 2320 595 2382 Ecclesiae
624 2321 780 2383 ilemensis
803 2319 943 2382 Sermone
964 2321 1007 2382 36
1026 2324 1071 2384 De

122 2403 234 2467 Missae
256 2403 418 2483 Mysteriis,
442 2411 472 2464 ct
494 2423 533 2464 ex
555 2421 591 2463 eo
613 2404 761 2464 Antonius
783 2405 910 2464 Bellotte
931 2401 1072 2466 Obreree·

120 2490 213 2548 tiones
243 2486 278 2544 ire
300 2485 388 2545 Ritus
417 2483 566 2546 Ecclesiae
593 2482 802 2546 laudunensis
822 2485 972 2546 Ecclesiae
1001 2503 1068 2563 pag.

120 2567 193 2628 65⁷.
216 2567 397 2628 Praescribit
418 2567 515 2628 adbuc
538 2583 653 2626 morem
676 2567 757 2627 bunc
772 2565 944 2627 Pontificale
958 2564 1073 2627 Romal

119 2667 197 2710 num
219 2650 246 2708 in
268 2646 483 2710 Communione
505 2648 642 2726 Episcopi
666 2666 771 2709 recens
793 2649 968 2710 consecrati.
983 2650 1070 2710 Sum·

117 2749 189 2792 mus
204 2727 339 2791 Pontifex
363 2749 432 2791 cum
454 2730 626 2790 solemniter
649 2722 914 2799 celebrat,⁸sedens
936 2749 1071 2792 commu·
1101 2798 1104 2804 ,

119 2813 223 2880 nicet,
248 2815 339 2873 sumit
361 2829 450 2873 unam
472 2818 590 2890 partem
611 2811 759 2880 Hostiae,
783 2821 812 2872 ct
834 2815 923 2874 aliam
945 2815 974 2872 in
997 2816 1072 2876 duas

119 2893 229 2954 dividit
247 2913 301 2970 pro
323 2891 541 2954 Communione
561 2894 696 2963 Diaconi
720 2888 751 2955 et
772 2893 964 2956 Subdiaconi.
984 2895 1072 2956 Sum·

118 2981 183 3056 pto!
197 2981 299 3036 aulem
327 2994 343 3036 a
365 2973 507 3035 Pontifice
531 2974 596 3036 lesu
618 2974 731 3037 Christi
752 2972 884 3053 Corpore
905 2977 1070 3056 Episcopus

117 3054 285 3118 Cardinalis
307 3059 449 3118 assistens
471 3058 596 3134 porrigit
617 3059 645 3118 ei
667 3059 815 3118 calamum
837 3076 985 3128 aureum,
1010 3077 1069 3136 quo

117 3137 277 3218 Sanguinis
298 3145 414 3217 partem
438 3141 542 3217 sugit,
566 3140 720 3202 residuum
743 3141 894 3201 dimittens
922 3159 978 3218 pro
999 3141 1070 3200 Dia·
1190 3185 1193 3189 J

115 3237 192 3281 cono
214 3228 244 3281 et
266 3220 464 3282 Subdiacono.

142 3301 213 3368 ,111.
238 3301 319 3362 Olim
341 3301 494 3363 Fidelibus
515 3302 572 3362 sub
594 3303 697 3382 panis,
720 3302 830 3363 etvini
852 3302 1008 3380 speciebus
1029 3303 1072 3364 di·

118 3384 348 3456 stribuebatur3
378 3403 455 3445 nunc
477 3400 550 3443 vero
572 3385 629 3446 sub
651 3385 744 3445 solius
765 3386 848 3462 panis
869 3384 1072 3446 accidentibus
1164 3435 1167 3440 .

118 3465 319 3526 distribuitur,
342 3467 590 3528 communionem
615 3466 670 3527 sub
693 3473 822 3543 utraque
837 3467 937 3544 specie
959 3465 996 3526 ad
1018 3465 1069 3525 ini·

119 3547 160 3606 tia
182 3547 297 3611 Seccnli
314 3547 378 3610 Xll
398 3546 528 3624 viguisse
550 3553 666 3609 constat
687 3567 723 3610 ex
745 3551 791 3616 iis,
816 3551 866 3626 qui
890 3555 961 3610 tunc
980 3545 1069 3608 llore-

118 3629 189 3692 bent
212 3631 405 3702 Auctoribus,
429 3631 541 3710 Algero
565 3649 684 3711 nempe,
708 3634 759 3710 qui
781 3639 853 3694 tunc
875 3631 1017 3701 virebat,
1040 3634 1072 3690 et
