2517 4059
573 175 808 247 mittiss-
892 193 895 197 ⁴

211 308 294 367 lestis
316 305 447 372 (liebus,
471 306 650 381 praesertim
673 302 837 365 Dominicis
860 321 1032 364 sermonem
1053 304 1092 366 ad
1116 322 1168 380 po-

210 388 318 465 pulum
341 386 459 463 publica
483 385 595 457 babere
617 404 657 445 cx
677 388 824 446 constanti
846 385 1037 447 saeculorum
1053 400 1170 447 succes·-

209 470 294 529 sione
316 472 540 528 consueverunt
562 470 641 529 intra
661 468 725 546 ipsa
740 469 901 529 Missarom
924 467 1082 535 solemnia,
1100 486 1173 545 pro-

210 552 292 610 xime
315 556 382 627 posi
397 547 554 627 Evangelii
577 550 797 620 recitationem,
811 556 843 610 et
864 549 894 607 id
916 549 1039 625 quidem
1062 566 1102 609 ex
1118 549 1172 609 Al·

209 634 282 693 taris
305 632 458 709 gradibus,
475 632 524 691 ubi
547 636 672 702 stantes,
698 637 733 691 ut
755 631 933 707 plurimum,
950 631 1173 690 adhortatoriis
1195 686 1203 701 ,

209 712 405 774 sermonibus
427 713 523 789 plebis
545 714 601 773 sibi
624 714 802 773 commissae
824 730 924 773 mores
946 712 1119 789 corrigunt,
1143 718 1173 773 ct

208 794 355 855 formant.
373 793 460 867 Quod
483 799 586 855 autern
608 801 640 855 et
661 814 679 855 a
693 795 799 872 primis
812 794 967 856 Ecclesiae
981 793 1101 854 Seculis
1117 792 1174 853 Do-

209 878 321 937 minico
342 876 533 954 potissimum
554 876 602 936 die
617 876 790 955 hujusmodi
813 876 952 955 publicae
972 875 1172 936 allocutiones

209 957 333 1019 babilae
366 955 504 1025 luerint,
534 958 673 1034 pluribus
705 958 814 1034 probat
844 958 983 1017 laudatus
1010 954 1173 1019 Ferrarius

213 1036 352 1100 Veterum
378 1038 562 1102 Conciooom
589 1037 655 1099 Lib.
680 1038 725 1099 ΙΙΙ
746 1036 820 1116 Cap.
847 1036 986 1099 10.}1ac
1015 1039 1055 1098 de
1077 1058 1113 1100 re
1134 1039 1173 1099 le·

206 1122 324 1197 gendos
345 1117 523 1180 Franciscus
546 1119 675 1183 Amatus
695 1118 809 1197 Pouget
831 1118 1035 1180 Institutioaer
1059 1120 1172 1183 Carbo·

208 1202 287 1261 lione
303 1201 391 1262 Tom.
410 1200 438 1261 ll
460 1218 528 1277 pag.
546 1199 609 1262 936
631 1204 682 1262 ubi
700 1203 854 1277 praeclare
868 1202 905 1261 de
920 1201 1100 1281 hujusmodi
1115 1200 1172 1263 Pa·

209 1284 374 1342 rochorum
392 1283 571 1357 obligatione
593 1284 761 1361 exponendi
776 1282 870 1343 Verbi
887 1281 942 1341 Dei
958 1283 1098 1359 pluribus
1114 1284 1173 1343 dis·
1256 1297 1258 1336 t

208 1366 295 1425 serit.
320 1362 391 1424 Post
413 1361 612 1440 Evangelium
647 1360 679 1424 in'
703 1365 854 1441 plerisque
876 1362 1021 1424 Ecclesiis
1054 1364 1170 1441 publici
1256 1372 1258 1375 ’

207 1443 402 1507 Poeniien'tes
423 1446 539 1505 absolvi
561 1452 591 1506 et
614 1448 803 1507 reconciliari
824 1446 971 1510 sotebant,
989 1453 1023 1505 ut
1036 1446 1169 1507 ostendit

207 1526 347 1589 Morinos
367 1526 434 1587 Lib.
460 1525 534 1587 Vlll
557 1525 592 1586 cle
616 1526 806 1589 Paenitentia
838 1528 912 1605 Cap.
937 1524 988 1586 tt.
1023 1526 1062 1589 Ut
1088 1529 1171 1589 enim

210 1610 353 1670 observat
368 1608 475 1669 Beleth
498 1608 570 1685 Cap.
596 1607 636 1668 39
658 1607 857 1686 Evangelinm
879 1608 1038 1685 aliquando
1061 1610 1171 1688 legitur

207 1691 375 1752 secundum
398 1690 569 1758 historiam,
586 1690 665 1751 utin
687 1690 735 1751 dia
750 1690 1014 1761 Resurrectionis;
1038 1690 1170 1769 aliquan-

208 1772 247 1831 do
262 1772 428 1833 secundum
444 1771 633 1850 allegoriam,
657 1776 693 1834 ut
714 1773 744 1833 in
765 1772 841 1835 festo
857 1770 1080 1849 Assumptionis
1094 1772 1168 1834 Bea-
1256 1821 1257 1826 ,

207 1854 342 1915 tissimae
365 1851 524 1931 Virginis3
549 1854 709 1931 aliquando
739 1857 864 1931 propter
884 1855 1013 1929 aliquam
1037 1861 1165 1932 partem,

207 1941 241 1995 nt
263 1937 292 1995 in
315 1935 392 1996 lesto
414 1933 446 1994 S.
463 1933 567 1996 Crucis
589 1938 712 2012 ponitur
732 1935 931 2011 Evangelinm
953 1936 991 1996 de
1005 1934 1167 1997 Nicodemo
1256 1941 1257 1958 ¹

208 2018 247 2076 ob
264 2022 433 2077 extremam
456 2016 648 2093 particulam,
664 2018 742 2077 sicot
757 2016 874 2097 Moyses
888 2018 1035 2078 ccoiteoit
1056 2036 1168 2099 acmen-

208 2108 268 2158 tem
293 2099 329 2157 io
355 2097 492 2169 desorto,
520 2101 566 2159 ito
592 2098 728 2160 occultari
748 2107 863 2177 oportet
884 2096 998 2159 lilium
1019 2100 1168 2160 bominis:

208 2179 370 2255 aliquando
392 2179 561 2239 secundum
584 2185 709 2250 totum,
733 2186 767 2241 ut
788 2182 818 2240 in
840 2180 887 2239 die
908 2178 1163 2241 Circumcisionis.
1244 2203 1251 2211 ’

206 2259 279 2324 Ritu
295 2261 461 2321 monastico
478 2262 653 2323 immediate
676 2269 744 2339 post
758 2260 955 2340 Evangelium
971 2260 1049 2321 liunt
1063 2262 1168 2321 solem-

208 2360 262 2402 nes
283 2340 507 2402 Monachorum
530 2341 751 2403 Prolesssioncs
773 2342 863 2402 modo
886 2343 1041 2403 incorum
1065 2344 1166 2418 nitui-

206 2423 284 2483 llbus
299 2440 458 2501 expresso.
476 2422 592 2485 Varum
617 2426 667 2485 bic
689 2442 756 2486 mos
776 2441 836 2484 non
850 2424 963 2501 ubique
977 2425 1070 2500 viget,
1096 2442 1165 2484 narn

208 2507 238 2565 in
253 2504 369 2583 aliquot
379 2504 670 2583 congregationibus
683 2504 749 2566 fieri
765 2506 861 2567 solent
876 2512 943 2581 post
953 2504 1165 2567 Oliertoriurn.

205 2584 287 2646 Olim
309 2603 429 2663 quoque
452 2593 520 2664 post
541 2584 740 2666 Evangeliam
762 2589 851 2666 pueri
872 2606 889 2646 a
912 2588 1088 2663 parentibus
1103 2588 1167 2647 Mo-

204 2669 339 2729 naslerio
361 2667 578 2738 offerebantur,
598 2688 674 2747 puer
689 2675 791 2731 autem
816 2686 922 2745 panem
938 2674 971 2728 et
986 2669 1090 2728 vinum
1113 2687 1166 2745 pro

205 2766 264 2809 usu
288 2748 433 2810 Sacrificii
456 2750 612 2822 offerebat,
639 2769 728 2828 quem
751 2754 843 2812 ritum
864 2751 984 2813 erudite
1006 2755 1037 2811 et
1058 2748 1164 2812 dilluse

204 2830 339 2908 explicat
361 2829 535 2893 Menardus.

576 2992 703 3058 carun
725 2993 797 3055 xv.
883 2957 885 2960 ’

512 3156 820 3221 'unsrunoro
889 3169 893 3178 ’

250 3318 276 3379 1.
301 3318 489 3397 Symbolum,
506 3336 565 3379 vox
579 3319 695 3398 origine
710 3338 835 3397 graeca,
852 3321 900 3381 vel
918 3320 1048 3397 plurium
1064 3336 1168 3379 rerum

150 3426 151 3429 ¹
212 3403 242 3459 in
257 3416 419 3459 commune
441 3400 631 3461 collationem
654 3401 801 3480 significat
814 3404 894 3473 ,rel
907 3404 1026 3479 signum
1041 3406 1094 3459 aut
1109 3406 1167 3461 tas-
1256 3455 1257 3482 ἶ

213 3496 312 3541 seram
335 3479 519 3549 militarem,
542 3498 602 3557 qua
624 3485 690 3542 veri
712 3484 823 3546 milites
844 3485 883 3544 ab
904 3484 971 3544 aliis
995 3483 1165 3543 discernun-
1256 3493 1257 3502 ’

178 3631 180 3635 ¹
214 3566 278 3621 tur.
302 3560 390 3636 Apud
412 3558 581 3625 Catholicos
603 3564 734 3625 sumitur
756 3582 811 3643 pro
832 3562 948 3644 Regula
969 3561 1077 3634 Fidei,
1104 3564 1165 3625 sire
1256 3651 1257 3660 ἵ
