2517 4059
464 234 689 305 ‹noctant-

92 366 195 433 citur‚
218 363 475 425 Subdiaconornm
499 363 632 423 tunicam
654 362 744 423 tuisse
767 362 897 428 lineum.
921 380 956 423 ac
979 362 1052 424 taia-

93 466 170 508 rem.
195 446 252 507 Sed
275 446 396 507 saecuto.
419 444 491 505 viti
506 452 537 505 et
558 442 604 505 lX
619 462 688 503 raro
710 445 827 504 tunicae
849 442 1051 505 Subdiacona·

92 532 130 590 iis
153 546 261 587 nomen
285 532 463 603 usurpatum
487 526 617 595 ridetur,
641 525 768 603 ejusque
791 525 855 585 ioco
876 544 996 594 roccus.
1020 534 1051 589 et

91 611 199 671 subtile
226 608 434 669 substitutum.
462 607 586 673 Boccor,
608 615 642 667 ut
664 607 793 684 exiiiicat
814 606 968 683 Gangius‚
992 624 1051 669 vox

92 692 263 771 germanica
280 695 335 755 est,
359 706 531 763 supremam
547 696 662 747 vestem
686 687 863 762 significans.
888 689 1051 764 Ansegisus

92 774 212 836 saccos
230 772 248 832 1
254 773 277 827 V
295 768 449 830 Benedict.
474 775 551 847 part.
569 768 581 828 Ι
606 788 673 845 pag.
692 768 752 829 (iffls
774 790 805 829 n.
822 772 840 829 7
857 769 958 829 Abbas
974 769 1050 829 Fon·

94 855 265 915 teneiionsis
281 854 407 928 largitus
423 859 468 911 est
488 870 566 939 auno
589 853 709 911 Domini
724 851 785 911 820
808 852 952 911 coenobio
973 852 1051 911 Fon-

93 937 250 997 taneliensi
266 953 385 994 roccum
402 933 646 995 Subdtcrcortotcm
663 953 766 1002 unum,
790 952 848 1009 quo
873 935 990 995 nomine
1003 941 1050 995 tu·

92 1021 159 1078 nica
185 1018 441 1077 Subdiuconorurn
466 1018 558 1079 venit.
587 1014 711 1075 Praeter
735 1032 842 1075 nornen
865 1014 947 1073 rocci
979 1017 1049 1077 Sub·

94 1102 144 1160 tite
170 1099 248 1158 dicta
276 1104 323 1156 cst
352 1099 442 1156 restis
470 1097 740 1157 subdiaconorum.
765 1094 853 1155 Pinna
881 1097 1049 1157 testimonia

92 1183 229 1257 congerit
242 1178 373 1254 Cangins
388 1180 417 1236 in
433 1178 587 1240 Glossario
604 1180 640 1237 ad
659 1180 714 1238 boc
732 1180 870 1237 verbnm.
889 1177 920 1237 S.
940 1178 1049 1237 Meinv·

91 1281 202 1323 verens
224 1263 303 1337 apud
326 1260 501 1320 Boiiandum
526 1260 601 1320 lunii
626 1270 700 1321 tom.
724 1259 735 1319 Ι
760 1277 826 1334 neg.
844 1258 904 1319 5t9
927 1258 1049 1337 Episco-

92 1364 148 1422 pus
170 1343 426 1407 Paderbonensis,
451 1343 502 1417 qui
526 1343 600 1401 obiit
621 1362 649 1401 a.
677 1340 712 1399 l).
739 1341 818 1401 1036
843 1343 935 1401 muita
964 1360 1048 1403 sacre

90 1432 268 1487 ornamenta
291 1424 400 1483 obtulit
417 1425 596 1485 monasterio
619 1422 875 1500 Abdingboiiensi,
899 1441 963 1483 ase
979 1443 1050 1485 con-

90 1510 166 1573 dito,
192 1510 268 1566 inter
290 1523 367 1581 qrrac
383 1505 502 1565 subtilia
518 1510 591 1566 trin.
608 1506 719 1568 Tunica
737 1504 915 1565 subdiaconi
931 1506 969 1563 ab
986 1504 1050 1565 Ho-

91 1592 180 1650 norio
204 1588 345 1651 Gemmas
369 1590 491 1646 Animae
518 1588 584 1647 Lib.
610 1588 638 1648 ΙΙ
659 1586 731 1664 Cap.
756 1584 913 1647 CCXXIX
937 1588 1049 1647 Subb'ts

92 1650 276 1747 apponatur.
300 1664 472 1727 'l'uniceitao
494 1672 614 1730 nomine
637 1670 683 1731 usi
705 1672 774 1728 sunt
797 1666 983 1729 Pontiiicaies
1001 1668 1047 1728 Li·

89 1754 139 1814 hri
162 1750 239 1812 Xlil
261 1757 292 1809 et
313 1748 388 1808 xiv
411 1753 532 1810 saecuti.
558 1752 697 1811 rideticet
718 1750 872 1825 vulgatum
889 1748 1050 1811 Caeremo·

90 1835 170 1895 niaie
187 1833 404 1909 Episconorum
428 1833 464 1891 ed
481 1834 613 1893 tunicum
630 1833 837 1909 Enisronniem
854 1833 943 1889 etiam
960 1831 1050 1909 signi-

90 1916 252 1976 ficandam.
284 1912 394 1971 Forma
418 1914 509 1989 igitur
531 1918 649 1975 tunicae
675 1912 889 1974 subdiaconalis
917 1930 974 1971 non
998 1913 1049 1971 ad·

90 1998 213 2057 modurn
238 1994 388 2053 dissimilis
410 1996 481 2053 oiim
504 1994 703 2057 aDaimatica
725 1992 847 2053 Diaconi
871 1995 941 2062 iuit3
966 2001 996 2054 et
1019 1995 1048 2053 in

92 2082 152 2139 boc
174 2077 298 2137 differre
328 2094 365 2135 ex
388 2075 609 2152 Liturgicorum
636 2077 755 2151 scriptis
778 2078 937 2145 videmus,
967 2075 1047 2152 quod

89 2160 257 2221 strictiores
274 2160 405 2217 manicas
422 2158 573 2218 babuerit.
599 2158 641 2219 ita
659 2177 778 2234 qnoque
795 2161 934 2218 traditum
952 2164 998 2217 est
1019 2157 1047 2217 in

89 2240 309 2304 Caereriaoniaii
325 2242 541 2316 Episcoporum
558 2241 621 2301 Lib.
647 2242 662 2302 Ι
682 2238 754 2316 Cap.
773 2240 813 2300 X.
842 2240 956 2299 Diebus
971 2238 1047 2317 jeju·

90 2325 209 2383 nicrum
233 2327 264 2380 et
285 2320 314 2377 in
338 2322 477 2381 Adventu
499 2326 559 2382 tarn
581 2322 731 2391 Diaconi,
755 2340 844 2397 qrram
868 2321 1047 2382 Snbdiaeoni

90 2404 219 2483 planetis
236 2407 373 2461 utuntur.
397 2401 524 2474 Quando
552 2413 667 2473 autem,
692 2410 723 2463 et
745 2422 801 2480 qua
819 2406 976 2465 occasione
999 2404 1047 2463 hic

89 2487 167 2547 ritus
189 2484 345 2561 coeperit,
369 2502 426 2541 non
450 2485 553 2559 liquet.
577 2484 652 2565 Ejus
674 2488 811 2546 meminit
831 2486 914 2545 Ordo
937 2485 1046 2545 Roma·

88 2570 185 2636 nuel,
216 2584 232 2625 a
255 2583 315 2641 qno
341 2582 414 2623 usus
435 2564 574 2627 Pisuetae
597 2570 689 2627 ctiam
712 2569 870 2647 Acoiythis
891 2569 1043 2629 tribuitur.

131 2648 171 2709 ΙΙ.
197 2646 363 2707 Dalmatica
380 2649 472 2706 vestis
495 2656 650 2717 moreest,
673 2668 733 2726 qua
749 2652 872 2711 Diaconi
895 2648 958 2711 iere
973 2666 1048 2710 sern-

89 2748 145 2808 per
166 2732 196 2788 in
213 2729 321 2788 dirinis
337 2729 487 2806 mysteriis
509 2732 655 2808 obeundis
669 2732 714 2793 usi
731 2739 816 2803 snnt3
842 2748 1046 2807 sempernero

89 2811 220 2872 Romani
242 2807 412 2878 Pontifices,
436 2816 467 2870 et
489 2828 505 2868 a
528 2813 630 2872 multis
653 2813 781 2874 saeculis
802 2830 907 2873 omnes
924 2814 1049 2887 Episco-

92 2896 131 2971 pi.
157 2894 202 2953 De
224 2892 282 2951 hoc
305 2894 397 2951 restis
420 2910 529 2969 genere
552 2893 619 2955 inse
641 2896 747 2955 avitis
768 2896 861 2960 doctis
883 2902 929 2955 est
950 2894 1046 2955 disco·

92 2981 219 3052 piatum.
244 2972 305 3032 Nos
327 2991 362 3031 ea
384 2973 591 3050 decernemus,
615 2994 692 3050 qrrae
716 2978 848 3038 instituto
870 2978 954 3053 operi
976 2994 1047 3037 con·

90 3058 223 3117 venient.
247 3054 414 3128 Scriptores
437 3074 541 3116 omnes
562 3059 653 3133 vnigo
677 3060 808 3126 tradunt,
831 3061 907 3119 acii
930 3060 1043 3127 etiam,

91 3140 143 3214 qui
167 3138 204 3197 de
220 3136 310 3197 sacris
333 3136 441 3196 ritibus
462 3139 586 3198 uberius
607 3143 800 3202 commentati
817 3150 895 3212 sunt,
923 3144 1046 3205 Delma*

91 3221 181 3278 ticam
203 3229 308 3279 restem
332 3219 370 3276 ita
393 3219 513 3287 dictam,
536 3222 615 3296 quod
638 3222 666 3280 in
689 3221 836 3283 Dalmatia
861 3234 977 3301 reperta
994 3228 1042 3289 sit.

89 3300 255 3385 Perhibent
271 3299 415 3360 nonnulii.
432 3318 538 3361 earum
554 3320 655 3371 usum,-
672 3304 702 3362 in
718 3307 809 3364 sacris
827 3310 1045 3385 praescriptum

90 3381 181 3441 tuisse
202 3381 343 3441 Diaconis
365 3380 503 3442 aSancto
514 3382 668 3443 Silvestre.
691 3383 837 3447 Nituntur
851 3408 922 3452 vero
944 3396 1046 3451 aucto·
1103 3417 1107 3421 ·

92 3461 180 3523 ritate
205 3463 286 3522 Libri
309 3460 500 3529 Ponitur-abs.
516 3466 630 3542 vulgati
647 3468 776 3531 dicuini.
794 3470 831 3528 de
855 3471 968 3534 dicinis
993 3471 1045 3554 Os·

90 3544 166 3625 ficiis
188 3543 261 3619 Cap.
286 3542 450 3613 xxxw
476 3546 635 3605 Durandi.
668 3546 840 3611 Rationalis
863 3554 1044 3617 Ib'vr'norom

94 3624 267 3708 'officiorum
289 3625 356 3685 Lib.
369 3626 412 3687 lii
433 3626 506 3701 Con.
523 3626 602 3697 x1.;
626 3634 656 3689 ct
678 3632 818 3693 aliorum.
843 3636 883 3696 At
897 3638 1044 3715 loscpbns
