2517 4059
501 218 724 291 manime

138 351 197 414 128
219 351 256 410 ad
279 346 454 407 Fabiolam:
484 344 617 407 Tertium
640 364 731 425 penus
755 352 794 403 est
815 346 993 411 vestimenti,
1012 342 1090 422 qnod

137 437 186 497 iiii
209 430 364 506 (Hebraei
386 429 519 507 scilicet)
542 431 694 509 appeliant
717 424 816 485 Allner
838 443 891 486 nos
913 427 1089 503 cinpuinm,

135 519 179 577 uei
200 514 360 574 Balineum
374 553 381 576 ,
404 514 449 571 ael
465 510 578 571 Zonam
592 528 745 587 possennus
760 508 868 567 dicere.
881 508 1024 567 Similiter
1040 506 1093 566 ΑΙ-

135 598 243 658 cuinus
274 596 311 655 de
339 593 458 654 Divinis
490 590 598 674 Officiis
619 592 692 670 Cap.
717 590 778 649 39:
803 588 918 653 Deinde
955 588 1093 668 seqnitur

138 679 220 740 Zona
242 696 317 756 quae
346 674 461 735 dieitur
485 673 658 753 Cinpalam.
683 674 766 734 Varii
800 673 950 749 quondam
983 671 1093 732 coloris

137 762 225 823 luere
250 758 427 838 hujusmodi
448 757 588 835 Cinguli,
612 756 711 817 Zonae
727 799 733 823 ,
750 763 802 814 aut
816 754 933 815 Baltlrei
949 798 956 823 ,
973 762 1002 815 et
1017 770 1093 812 auro

137 842 317 917 quaudoque
340 841 458 907 ornati,
483 840 525 899 uti
549 840 700 915 colligitur
723 856 760 897 cx
782 835 891 897 Riculli
915 834 1093 897 Heleneusis

136 923 277 1001 Episcopi
298 921 490 983 Testamenta
522 921 601 996 apud
627 920 778 981 Baluzium
809 921 837 976 in
860 920 1033 997 ‚appendice
1055 916 1092 976 ad

136 1005 324 1083 Regiuonem
348 1023 416 1081 pag.
441 1001 502 1061 cett
525 1002 707 1079 ubi-legitur
728 1002 869 1062 eumdem
900 1002 1013 1077 legasse
1037 996 1094 1057 Ec·

137 1090 246 1149 clesiac
269 1103 341 1146 suae
357 1103 435 1144 anno
450 1084 512 1143 916
529 1082 624 1143 Zonas
641 1085 770 1163 quinque
786 1126 793 1149 ,
810 1101 905 1143 ernam
918 1102 983 1143 cnm
1000 1098 1089 1151 caro,

138 1181 166 1230 et
188 1168 309 1247 pemnris
326 1167 484 1246 pretiosis,
501 1167 577 1225 alias
592 1179 722 1245 quatuor
742 1185 808 1226 cum
831 1182 920 1225 auro.
938 1162 976 1224 Ut
991 1168 1094 1223 aulem

138 1251 358 1328 perspiciatur,
382 1266 472 1324 quam
505 1249 646 1321 antiquus
673 1250 703 1305 in
730 1249 863 1307 Romana
892 1246 1026 1307 Ecclesia
1055 1244 1095 1303 sit

137 1349 241 1393 sacrae
264 1327 355 1405 hujus
377 1331 467 1389 vestis
489 1348 543 1389 seu
563 1329 688 1407 Cinpuii
704 1348 787 1396 usus:
806 1330 930 1391 loannes
945 1328 1096 1387 Diaconus

138 1416 167 1473 in
190 1414 260 1473 Vita
282 1410 312 1470 S.
337 1410 473 1488 Gregorii
497 1412 597 1487 Magni
619 1412 686 1470 Lib.
711 1411 752 1471 lv
775 1412 848 1489 Cap.
873 1410 913 1469 80
936 1413 1038 1468 narrat
1059 1406 1096 1465 fi·

137 1497 220 1556 deles
243 1510 349 1567 magna
366 1494 557 1553 veneratione
574 1495 676 1553 solitos
692 1497 830 1570 prosequi
848 1495 939 1553 irrisse
956 1490 1095 1570 ejusdcm

139 1577 171 1638 S.
195 1573 348 1635 Pontificis
368 1576 553 1637 Ballheum:
576 1576 626 1635 scd
655 1586 682 1635 et
711 1578 773 1655 ep'us
796 1575 955 1635 Bellicum
977 1572 1094 1647 iuquit,

139 1656 429 1719 consuetudinaliter
457 1659 601 1718 osculatos
624 1676 693 1717 esse.
716 1656 781 1717 Non
815 1660 878 1717 sine
912 1656 1035 1734 mystica
1057 1654 1099 1711 si·

138 1738 344 1817 gnificatiouc,
368 1740 486 1799 lumbos
508 1738 633 1816 Cingulo
663 1741 860 1816 praecingunt
881 1737 964 1797 Sacri
988 1734 1094 1795 Eccle-

140 1825 203 1883 siae
226 1823 353 1882 llinistri
375 1840 412 1881 ex
435 1823 503 1883 lesu
527 1822 640 1882 Clrrlsti
665 1821 782 1881 llomini
806 1825 968 1899 praecepto
993 1817 1094 1877 anao

138 1903 235 1980 Caput
255 1902 318 1962 Xll
341 1904 391 1963 ubi
412 1908 475 1964 ait:
503 1901 570 1963 Sint
591 1905 685 1963 lumbi
705 1898 797 1964 oedtri
809 1902 991 1982 praecincti,
1016 1900 1096 1974 quod

138 1986 280 2045 Divinum
304 1986 478 2047 mandatum
503 1985 569 2045 licet
590 1986 627 2043 ad
651 1986 835 2047 Christianos
867 2002 972 2043 omnes
1004 1981 1097 2059 perti-

141 2072 230 2133 neat,
255 2067 415 2141 praecipue
437 2072 537 2127 tamen
553 2067 730 2142 Sacerdotes
753 2072 888 2145 spectat,
912 2068 989 2125 sicut
1010 2068 1040 2121 et
1062 2062 1099 2121 il·

141 2148 192 2209 lud
216 2146 374 2221 Apostoli:
398 2158 472 2208 state
495 2150 636 2209 succincti
657 2152 770 2211 lit-mltos
791 2158 896 2209 nestros
912 2144 1095 2212 inveritate,
1202 2220 1210 2229 .

140 2236 174 2289 ut
196 2228 414 2291 admoneantur
437 2233 659 2307 restringendus
675 2230 966 2309 omues'cupielitatis
983 2232 1095 2294 uictus,

140 2314 173 2371 ut
197 2310 224 2368 in
255 2312 326 2385 ipsis
357 2320 477 2373 maneat
502 2314 598 2372 virtus
626 2316 846 2377 continentiae,
871 2318 901 2371 el
929 2308 1095 2375 castitatis,

140 2391 396 2465 quemadmodum
421 2396 447 2454 in
471 2397 606 2456 oratioue
623 2398 741 2475 propria
757 2397 952 2471 exprimitur,
969 2389 1049 2465 quod
1065 2396 1098 2449 el

139 2471 171 2534 S.
196 2472 361 2551 Gregorius
383 2478 510 2554 Magnus
537 2475 669 2539 Humilia
693 2477 770 2537 Xlll
799 2479 827 2534 in
850 2473 1013 2551 Evangelia
1045 2471 1099 2529 de-

139 2556 234 2615 clarat
256 2558 379 2617 diccns:
403 2555 529 2618 anlos
550 2564 629 2621 enim
648 2560 892 2641 praecingimus,
911 2574 976 2615 cum
993 2552 1098 2613 carnis

141 2637 300 2697 incuriam
318 2657 376 2715 per
399 2641 613 2700 continentiam
641 2652 841 2702 coarctamus.
867 2638 1026 2697 Praeterea
1049 2634 1099 2692 ln-

141 2720 298 2779 nocentius
319 2720 366 2781 lll
388 2722 417 2779 in
442 2722 506 2782 Lib.
525 2720 536 2780 l
560 2722 596 2783 de
611 2724 760 2802 Mysteriis
776 2722 885 2784 Missae
900 2720 974 2797 Cap.
992 2715 1033 2777 52
1048 2716 1099 2775 ob-

139 2806 263 2870 servat,
288 2801 366 2877 quod
389 2803 467 2863 alba
490 2805 568 2863 circa
584 2807 703 2865 lumbos
725 2805 813 2865 debet
836 2820 909 2862 zona
932 2800 1096 2877 praecingi,

140 2886 174 2941 ut
197 2885 317 2953 castilas
338 2886 530 2946 sacerdotalis
553 2888 642 2946 nullis
658 2890 876 2947 incentivorum
894 2882 1023 2945 stimulis
1039 2882 1099 2939 dis-

140 2964 285 3023 solvatur.
310 2965 393 3025 ldem
417 2970 550 3029 sentiunt
571 2966 725 3029 Honorius
740 2966 1031 3046 augustodunensis,
1047 2960 1098 3039 Ti7

142 3043 334 3115 wimannus,
358 3053 389 3107 el
410 3046 533 3110 Suarez.
551 3048 679 3121 Quidam
703 3052 750 3129 pie
775 3054 879 3127 putant
892 3044 1043 3121 ‚Cingulo
1058 3046 1100 3121 si-¹

139 3122 274 3265 pollicari
297 3128 420 3195 sunem,
445 3149 505 3205 quo
527 3130 666 3193 Christus
690 3135 718 3191 in
742 3132 832 3193 horto
850 3130 958 3207 ligatus
974 3134 1030 3195 est,
1049 3124 1099 3185 alii

65 3250 69 3254 .
124 3289 127 3296 ¹
162 3208 256 3283 agella
285 3211 314 3267 in
344 3208 480 3287 ejusdem
516 3214 663 3287 passione.
687 3214 738 3275 lta
763 3212 944 3281 limandus,
970 3208 1098 3269 Sanctus

140 3288 295 3359 Thomna,
320 3290 446 3353 Sanctus
467 3292 701 3365 Beneventum,
725 3304 754 3355 et
777 3296 826 3354 alii
849 3312 917 3354 cum
941 3292 1024 3366 ipsis.
1050 3288 1097 3347 Ad

142 3370 322 3435 Orationes.
353 3390 432 3447 quae
460 3373 625 3447 dicuntur,
651 3379 833 3437 accedimus.
863 3376 896 3436 ln
929 3372 1099 3433 Pontificali

139 3450 293 3511 Prudentii
310 3451 466 3515 Trecensis
482 3454 622 3536 Episcopi
640 3460 779 3519 habetur:
799 3457 960 3533 Praecinpc
975 3473 1020 3514 ine
1037 3452 1099 3513 Do-

139 3535 241 3600 mine,
265 3537 398 3604 virtute,
423 3548 449 3597 et
468 3557 544 3616 pone
564 3542 790 3601 immaculatam
820 3532 899 3601 aiam
928 3555 1047 3603 meam,
1071 3546 1100 3596 et

134 3616 298 3692 praecinge
319 3616 431 3678 lambos
452 3638 551 3690 mcos‚·
574 3631 601 3681 et
624 3620 807 3683 circumcide
829 3621 904 3682 uitia
926 3616 1026 3679 cordis
1041 3618 1100 3677 mei
