<?xml version="1.0" encoding="UTF-8"?>
<!DOCTYPE html PUBLIC "-//W3C//DTD XHTML 1.0 Transitional//EN"
    "http://www.w3.org/TR/xhtml1/DTD/xhtml1-transitional.dtd">
<html xmlns="http://www.w3.org/1999/xhtml" xml:lang="en" lang="en">
 <head>
  <title>
</title>
<meta http-equiv="Content-Type" content="text/html;charset=utf-8" />
  <meta name='ocr-system' content='tesseract 3.04.00' />
  <meta name='ocr-capabilities' content='ocr_page ocr_carea ocr_par ocr_line ocrx_word'/>
</head>
<body>
  <div class='ocr_page' id='page_1' title='image "./institutionesli00marigoog_0212.png"; bbox 0 0 2517 4059; ppageno 0'>
   <div class='ocr_carea' id='block_1_1' title="bbox 549 200 776 274">
    <p class='ocr_par' dir='ltr' id='par_1_1' title="bbox 549 200 776 274">
     <span class='ocr_line' id='line_1_1' title="bbox 549 200 776 274; baseline 0.04 -12"><span class='ocrx_word' id='word_1_1' title='bbox 549 200 694 274; x_wconf 63' lang='lat' dir='ltr'>emtus</span> <span class='ocrx_word' id='word_1_2' title='bbox 715 208 776 271; x_wconf 59' lang='lat' dir='ltr'>to*</span> 
     </span>
    </p>
   </div>
   <div class='ocr_carea' id='block_1_2' title="bbox 167 329 1186 3665">
    <p class='ocr_par' dir='ltr' id='par_1_2' title="bbox 173 329 1186 2195">
     <span class='ocr_line' id='line_1_2' title="bbox 179 329 1142 411; baseline -0.003 -17"><span class='ocrx_word' id='word_1_3' title='bbox 179 332 262 394; x_wconf 89' lang='lat' dir='ltr'>tione</span> <span class='ocrx_word' id='word_1_4' title='bbox 284 331 390 393; x_wconf 84' lang='lat' dir='ltr'>addita</span> <span class='ocrx_word' id='word_1_5' title='bbox 405 340 445 393; x_wconf 89' lang='lat' dir='ltr'>est</span> <span class='ocrx_word' id='word_1_6' title='bbox 462 333 634 411; x_wconf 84' lang='lat' dir='ltr'>praeclaris</span> <span class='ocrx_word' id='word_1_7' title='bbox 650 330 800 391; x_wconf 73' lang='lat' dir='ltr'><strong><em>Ecclesiae</em></strong></span> <span class='ocrx_word' id='word_1_8' title='bbox 815 329 1055 391; x_wconf 69' lang='lat' dir='ltr'>solemnitatibus.</span> <span class='ocrx_word' id='word_1_9' title='bbox 1080 330 1142 391; x_wconf 82' lang='lat' dir='ltr'>Mi-</span> 
     </span>
     <span class='ocr_line' id='line_1_3' title="bbox 183 414 1142 500; baseline 0 -27"><span class='ocrx_word' id='word_1_10' title='bbox 183 432 251 475; x_wconf 89' lang='lat' dir='ltr'>rum</span> <span class='ocrx_word' id='word_1_11' title='bbox 275 417 375 491; x_wconf 89' lang='lat' dir='ltr'>itaqua</span> <span class='ocrx_word' id='word_1_12' title='bbox 400 433 456 474; x_wconf 92' lang='lat' dir='ltr'>non</span> <span class='ocrx_word' id='word_1_13' title='bbox 473 423 528 482; x_wconf 89' lang='lat' dir='ltr'>est,</span> <span class='ocrx_word' id='word_1_14' title='bbox 552 414 576 472; x_wconf 90' lang='lat' dir='ltr'>si</span> <span class='ocrx_word' id='word_1_15' title='bbox 599 414 759 491; x_wconf 80' lang='lat' dir='ltr'>Augustini</span> <span class='ocrx_word' id='word_1_16' title='bbox 783 417 919 500; x_wconf 83' lang='lat' dir='ltr'>tempore</span> <span class='ocrx_word' id='word_1_17' title='bbox 942 414 1065 473; x_wconf 87' lang='lat' dir='ltr'>minime</span> <span class='ocrx_word' id='word_1_18' title='bbox 1087 430 1142 473; x_wconf 77' lang='lat' dir='ltr'>ee·</span> 
     </span>
     <span class='ocr_line' id='line_1_4' title="bbox 182 493 1141 572; baseline -0.002 -16"><span class='ocrx_word' id='word_1_19' title='bbox 182 497 295 556; x_wconf 85' lang='lat' dir='ltr'>lebrata</span> <span class='ocrx_word' id='word_1_20' title='bbox 313 494 406 557; x_wconf 86' lang='lat' dir='ltr'>luerit</span> <span class='ocrx_word' id='word_1_21' title='bbox 427 497 456 554; x_wconf 91' lang='lat' dir='ltr'>in</span> <span class='ocrx_word' id='word_1_22' title='bbox 472 494 588 562; x_wconf 87' lang='lat' dir='ltr'>Airiea,</span> <span class='ocrx_word' id='word_1_23' title='bbox 612 494 759 572; x_wconf 83' lang='lat' dir='ltr'>peculiari</span> <span class='ocrx_word' id='word_1_24' title='bbox 775 493 934 553; x_wconf 88' lang='lat' dir='ltr'>testivitate</span> <span class='ocrx_word' id='word_1_25' title='bbox 950 494 1064 554; x_wconf 86' lang='lat' dir='ltr'>Mariae</span> <span class='ocrx_word' id='word_1_26' title='bbox 1078 493 1141 554; x_wconf 78' lang='lat' dir='ltr'>Na-</span> 
     </span>
     <span class='ocr_line' id='line_1_5' title="bbox 184 574 1140 652; baseline -0.002 -13"><span class='ocrx_word' id='word_1_27' title='bbox 184 574 280 639; x_wconf 84' lang='lat' dir='ltr'>tivita.</span> <span class='ocrx_word' id='word_1_28' title='bbox 303 577 336 638; x_wconf 94' lang='lat' dir='ltr'>ld</span> <span class='ocrx_word' id='word_1_29' title='bbox 352 576 509 638; x_wconf 77' lang='lat' dir='ltr'>manifesto</span> <span class='ocrx_word' id='word_1_30' title='bbox 531 577 721 651; x_wconf 82' lang='lat' dir='ltr'>assequimur</span> <span class='ocrx_word' id='word_1_31' title='bbox 741 593 779 633; x_wconf 74' lang='lat' dir='ltr'>ux</span> <span class='ocrx_word' id='word_1_32' title='bbox 792 574 987 635; x_wconf 82' lang='lat' dir='ltr'>sermonibus</span> <span class='ocrx_word' id='word_1_33' title='bbox 1001 574 1140 652; x_wconf 85' lang='lat' dir='ltr'>ejusdem</span> 
     </span>
     <span class='ocr_line' id='line_1_6' title="bbox 183 654 1141 741; baseline -0.001 -23"><span class='ocrx_word' id='word_1_34' title='bbox 183 658 354 737; x_wconf 77' lang='lat' dir='ltr'>Augustini.</span> <span class='ocrx_word' id='word_1_35' title='bbox 367 657 449 719; x_wconf 85' lang='lat' dir='ltr'>Hine</span> <span class='ocrx_word' id='word_1_36' title='bbox 465 657 604 736; x_wconf 81' lang='lat' dir='ltr'>etteudot</span> <span class='ocrx_word' id='word_1_37' title='bbox 614 657 799 719; x_wconf 85' lang='lat' dir='ltr'>iuSermonc</span> <span class='ocrx_word' id='word_1_38' title='bbox 810 654 870 715; x_wconf 73' lang='lat'>287</span> <span class='ocrx_word' id='word_1_39' title='bbox 883 658 989 741; x_wconf 86' lang='lat' dir='ltr'>inquit.</span> <span class='ocrx_word' id='word_1_40' title='bbox 1003 658 1141 717; x_wconf 81' lang='lat' dir='ltr'>claritas</span> 
     </span>
     <span class='ocr_line' id='line_1_7' title="bbox 178 738 1139 821; baseline -0.004 -19"><span class='ocrx_word' id='word_1_41' title='bbox 178 751 292 806; x_wconf 85' lang='lat' dir='ltr'>uestra,</span> <span class='ocrx_word' id='word_1_42' title='bbox 317 760 407 821; x_wconf 81' lang='lat' dir='ltr'>quom</span> <span class='ocrx_word' id='word_1_43' title='bbox 430 740 534 817; x_wconf 73' lang='lat' dir='ltr'>magui</span> <span class='ocrx_word' id='word_1_44' title='bbox 555 739 681 798; x_wconf 75' lang='lat' dir='ltr'>leontinis</span> <span class='ocrx_word' id='word_1_45' title='bbox 703 738 844 799; x_wconf 80' lang='lat' dir='ltr'>nativitus</span> <span class='ocrx_word' id='word_1_46' title='bbox 865 738 947 814; x_wconf 71' lang='lat' dir='ltr'>(cetu</span> <span class='ocrx_word' id='word_1_47' title='bbox 967 741 1026 799; x_wconf 90' lang='lat' dir='ltr'>sit:</span> <span class='ocrx_word' id='word_1_48' title='bbox 1049 749 1139 799; x_wconf 83' lang='lat' dir='ltr'>nutu·</span> 
     </span>
     <span class='ocr_line' id='line_1_8' title="bbox 182 820 1137 900; baseline -0.001 -19"><span class='ocrx_word' id='word_1_49' title='bbox 182 821 225 882; x_wconf 88' lang='lat' dir='ltr'>les</span> <span class='ocrx_word' id='word_1_50' title='bbox 246 821 310 881; x_wconf 86' lang='lat' dir='ltr'>dies</span> <span class='ocrx_word' id='word_1_51' title='bbox 325 821 427 881; x_wconf 84' lang='lat' dir='ltr'>caruis</span> <span class='ocrx_word' id='word_1_52' title='bbox 442 823 519 882; x_wconf 86' lang='lat' dir='ltr'>nulli</span> <span class='ocrx_word' id='word_1_53' title='bbox 532 821 759 900; x_wconf 74' lang='lat' dir='ltr'>prophetarum,</span> <span class='ocrx_word' id='word_1_54' title='bbox 783 820 863 877; x_wconf 81' lang='lat' dir='ltr'>nulli</span> <span class='ocrx_word' id='word_1_55' title='bbox 874 820 1137 897; x_wconf 74' lang='lat' dir='ltr'>patriarcharum,</span> 
     </span>
     <span class='ocr_line' id='line_1_9' title="bbox 178 898 1142 984; baseline -0.004 -21"><span class='ocrx_word' id='word_1_56' title='bbox 178 904 298 963; x_wconf 84' lang='lat' dir='ltr'>uemiui</span> <span class='ocrx_word' id='word_1_57' title='bbox 319 902 523 984; x_wconf 72' lang='lat' dir='ltr'>Apostolorum</span> <span class='ocrx_word' id='word_1_58' title='bbox 546 902 704 961; x_wconf 78' lang='lat' dir='ltr'>celebrauit</span> <span class='ocrx_word' id='word_1_59' title='bbox 727 901 879 962; x_wconf 84' lang='lat' dir='ltr'>Ecclesiar</span> <span class='ocrx_word' id='word_1_60' title='bbox 894 898 976 960; x_wconf 82' lang='lat' dir='ltr'>&#39;solos</span> <span class='ocrx_word' id='word_1_61' title='bbox 996 901 1069 962; x_wconf 87' lang='lat' dir='ltr'>duos</span> <span class='ocrx_word' id='word_1_62' title='bbox 1084 918 1142 959; x_wconf 81' lang='lat' dir='ltr'>use·</span> 
     </span>
     <span class='ocr_line' id='line_1_10' title="bbox 183 978 1139 1063; baseline -0.002 -18"><span class='ocrx_word' id='word_1_63' title='bbox 183 987 257 1048; x_wconf 82' lang='lat' dir='ltr'>tales</span> <span class='ocrx_word' id='word_1_64' title='bbox 278 986 418 1050; x_wconf 83' lang='lat' dir='ltr'>celebrat,</span> <span class='ocrx_word' id='word_1_65' title='bbox 441 984 531 1063; x_wconf 73' lang='lat' dir='ltr'>liujus</span> <span class='ocrx_word' id='word_1_66' title='bbox 553 990 579 1041; x_wconf 89' lang='lat' dir='ltr'>st</span> <span class='ocrx_word' id='word_1_67' title='bbox 602 978 726 1042; x_wconf 71' lang='lat' dir='ltr'>illusisti.</span> <span class='ocrx_word' id='word_1_68' title='bbox 747 982 836 1055; x_wconf 79' lang='lat' dir='ltr'>Quod</span> <span class='ocrx_word' id='word_1_69' title='bbox 851 988 955 1043; x_wconf 86' lang='lat' dir='ltr'>autem</span> <span class='ocrx_word' id='word_1_70' title='bbox 971 985 1077 1043; x_wconf 82' lang='lat' dir='ltr'>attinet</span> <span class='ocrx_word' id='word_1_71' title='bbox 1097 984 1139 1043; x_wconf 84' lang='lat' dir='ltr'>ad</span> 
     </span>
     <span class='ocr_line' id='line_1_11' title="bbox 177 1062 1137 1141; baseline -0.001 -15"><span class='ocrx_word' id='word_1_72' title='bbox 177 1084 351 1126; x_wconf 81' lang='lat' dir='ltr'>sermonem</span> <span class='ocrx_word' id='word_1_73' title='bbox 375 1065 458 1125; x_wconf 89' lang='lat' dir='ltr'>illum</span> <span class='ocrx_word' id='word_1_74' title='bbox 482 1064 514 1124; x_wconf 89' lang='lat' dir='ltr'>S.</span> <span class='ocrx_word' id='word_1_75' title='bbox 539 1064 724 1140; x_wconf 81' lang='lat' dir='ltr'>Augustini,</span> <span class='ocrx_word' id='word_1_76' title='bbox 758 1064 809 1139; x_wconf 92' lang='lat' dir='ltr'>qui</span> <span class='ocrx_word' id='word_1_77' title='bbox 833 1064 943 1141; x_wconf 87' lang='lat' dir='ltr'>legitur</span> <span class='ocrx_word' id='word_1_78' title='bbox 975 1063 1005 1121; x_wconf 93' lang='lat' dir='ltr'>in</span> <span class='ocrx_word' id='word_1_79' title='bbox 1026 1062 1137 1125; x_wconf 81' lang='lat' dir='ltr'>Officio</span> 
     </span>
     <span class='ocr_line' id='line_1_12' title="bbox 182 1143 1141 1224; baseline -0.004 -15"><span class='ocrx_word' id='word_1_80' title='bbox 182 1144 274 1224; x_wconf 86' lang='lat' dir='ltr'>hujus</span> <span class='ocrx_word' id='word_1_81' title='bbox 296 1147 375 1214; x_wconf 89' lang='lat' dir='ltr'>diei,</span> <span class='ocrx_word' id='word_1_82' title='bbox 399 1148 429 1204; x_wconf 93' lang='lat' dir='ltr'>in</span> <span class='ocrx_word' id='word_1_83' title='bbox 452 1146 631 1223; x_wconf 85' lang='lat' dir='ltr'>ecquidem</span> <span class='ocrx_word' id='word_1_84' title='bbox 655 1147 802 1221; x_wconf 88' lang='lat' dir='ltr'>genuinus</span> <span class='ocrx_word' id='word_1_85' title='bbox 824 1143 855 1204; x_wconf 89' lang='lat' dir='ltr'>S.</span> <span class='ocrx_word' id='word_1_86' title='bbox 881 1143 1017 1205; x_wconf 84' lang='lat' dir='ltr'>llooloris</span> <span class='ocrx_word' id='word_1_87' title='bbox 1039 1145 1141 1205; x_wconf 78' lang='lat' dir='ltr'>foetus</span> 
     </span>
     <span class='ocr_line' id='line_1_13' title="bbox 177 1225 1140 1306; baseline -0.002 -17"><span class='ocrx_word' id='word_1_88' title='bbox 177 1230 360 1306; x_wconf 86' lang='lat' dir='ltr'>agnoscitur,</span> <span class='ocrx_word' id='word_1_89' title='bbox 384 1228 436 1288; x_wconf 88' lang='lat' dir='ltr'>sad</span> <span class='ocrx_word' id='word_1_90' title='bbox 459 1246 516 1286; x_wconf 93' lang='lat' dir='ltr'>non</span> <span class='ocrx_word' id='word_1_91' title='bbox 541 1228 569 1285; x_wconf 93' lang='lat' dir='ltr'>in</span> <span class='ocrx_word' id='word_1_92' title='bbox 584 1225 757 1291; x_wconf 77' lang='lat' dir='ltr'>Nativitate,</span> <span class='ocrx_word' id='word_1_93' title='bbox 782 1226 857 1285; x_wconf 85' lang='lat' dir='ltr'>bena</span> <span class='ocrx_word' id='word_1_94' title='bbox 874 1245 946 1287; x_wconf 91' lang='lat' dir='ltr'>vero</span> <span class='ocrx_word' id='word_1_95' title='bbox 969 1228 997 1285; x_wconf 91' lang='lat' dir='ltr'>in</span> <span class='ocrx_word' id='word_1_96' title='bbox 1011 1226 1140 1287; x_wconf 87' lang='lat' dir='ltr'>Annun-</span> 
     </span>
     <span class='ocr_line' id='line_1_14' title="bbox 183 1307 1141 1386; baseline 0 -17"><span class='ocrx_word' id='word_1_97' title='bbox 183 1310 310 1370; x_wconf 86' lang='lat' dir='ltr'>ciatione</span> <span class='ocrx_word' id='word_1_98' title='bbox 332 1308 478 1386; x_wconf 86' lang='lat' dir='ltr'>Deiparae</span> <span class='ocrx_word' id='word_1_99' title='bbox 502 1308 634 1386; x_wconf 80' lang='lat' dir='ltr'>Virginis</span> <span class='ocrx_word' id='word_1_100' title='bbox 657 1307 777 1367; x_wconf 89' lang='lat' dir='ltr'>habitus</span> <span class='ocrx_word' id='word_1_101' title='bbox 799 1312 869 1373; x_wconf 86' lang='lat' dir='ltr'>ost,</span> <span class='ocrx_word' id='word_1_102' title='bbox 905 1315 937 1369; x_wconf 88' lang='lat' dir='ltr'>ot</span> <span class='ocrx_word' id='word_1_103' title='bbox 958 1308 1016 1367; x_wconf 87' lang='lat' dir='ltr'>levi</span> <span class='ocrx_word' id='word_1_104' title='bbox 1039 1314 1141 1369; x_wconf 87' lang='lat' dir='ltr'>muta·</span> 
     </span>
     <span class='ocr_line' id='line_1_15' title="bbox 179 1388 1140 1458; baseline -0.003 -6"><span class='ocrx_word' id='word_1_105' title='bbox 179 1391 262 1452; x_wconf 88' lang='lat' dir='ltr'>tione</span> <span class='ocrx_word' id='word_1_106' title='bbox 284 1390 362 1449; x_wconf 87' lang='lat' dir='ltr'>laeta</span> <span class='ocrx_word' id='word_1_107' title='bbox 386 1392 422 1448; x_wconf 93' lang='lat' dir='ltr'>ad</span> <span class='ocrx_word' id='word_1_108' title='bbox 438 1390 628 1450; x_wconf 76' lang='lat' dir='ltr'>Nativitatem</span> <span class='ocrx_word' id='word_1_109' title='bbox 653 1388 816 1448; x_wconf 87' lang='lat' dir='ltr'>translatus</span> <span class='ocrx_word' id='word_1_110' title='bbox 830 1388 905 1458; x_wconf 67' lang='lat' dir='ltr'>tntu</span> <span class='ocrx_word' id='word_1_111' title='bbox 929 1390 971 1449; x_wconf 86' lang='lat' dir='ltr'>sic</span> <span class='ocrx_word' id='word_1_112' title='bbox 992 1391 1072 1449; x_wconf 85' lang='lat' dir='ltr'>enim</span> <span class='ocrx_word' id='word_1_113' title='bbox 1095 1390 1140 1449; x_wconf 82' lang='lat' dir='ltr'>le-</span> 
     </span>
     <span class='ocr_line' id='line_1_16' title="bbox 179 1468 1140 1549; baseline 0.002 -19"><span class='ocrx_word' id='word_1_114' title='bbox 179 1474 263 1549; x_wconf 84' lang='lat' dir='ltr'>gitur</span> <span class='ocrx_word' id='word_1_115' title='bbox 285 1472 313 1530; x_wconf 94' lang='lat' dir='ltr'>in</span> <span class='ocrx_word' id='word_1_116' title='bbox 336 1470 481 1531; x_wconf 79' lang='lat' dir='ltr'>Sermone</span> <span class='ocrx_word' id='word_1_117' title='bbox 503 1470 535 1530; x_wconf 90' lang='lat' dir='ltr'>S.</span> <span class='ocrx_word' id='word_1_118' title='bbox 559 1472 743 1548; x_wconf 84' lang='lat' dir='ltr'>Augustini:</span> <span class='ocrx_word' id='word_1_119' title='bbox 770 1468 909 1533; x_wconf 83' lang='lat' dir='ltr'>Gaudeat</span> <span class='ocrx_word' id='word_1_120' title='bbox 932 1481 1017 1531; x_wconf 84' lang='lat' dir='ltr'>terre</span> <span class='ocrx_word' id='word_1_121' title='bbox 1037 1483 1140 1532; x_wconf 81' lang='lat' dir='ltr'>nostru</span> 
     </span>
     <span class='ocr_line' id='line_1_17' title="bbox 176 1549 1138 1630; baseline -0.005 -13"><span class='ocrx_word' id='word_1_122' title='bbox 176 1564 284 1617; x_wconf 76' lang='lat' dir='ltr'>tantae</span> <span class='ocrx_word' id='word_1_123' title='bbox 309 1552 441 1630; x_wconf 74' lang='lat' dir='ltr'>Virginis</span> <span class='ocrx_word' id='word_1_124' title='bbox 463 1553 618 1613; x_wconf 86' lang='lat' dir='ltr'>illustrato</span> <span class='ocrx_word' id='word_1_125' title='bbox 640 1552 766 1611; x_wconf 76' lang='lat' dir='ltr'>solemni</span> <span class='ocrx_word' id='word_1_126' title='bbox 787 1550 847 1611; x_wconf 89' lang='lat' dir='ltr'>die.</span> <span class='ocrx_word' id='word_1_127' title='bbox 881 1550 913 1610; x_wconf 87' lang='lat' dir='ltr'>ld</span> <span class='ocrx_word' id='word_1_128' title='bbox 933 1549 994 1628; x_wconf 87' lang='lat' dir='ltr'>jam</span> <span class='ocrx_word' id='word_1_129' title='bbox 1018 1552 1138 1629; x_wconf 83' lang='lat' dir='ltr'>pridem</span> 
     </span>
     <span class='ocr_line' id='line_1_18' title="bbox 181 1630 1140 1709; baseline -0.001 -14"><span class='ocrx_word' id='word_1_130' title='bbox 181 1635 415 1700; x_wconf 86' lang='lat' dir='ltr'>animadvertit,</span> <span class='ocrx_word' id='word_1_131' title='bbox 440 1635 616 1709; x_wconf 84' lang='lat' dir='ltr'>monuitque</span> <span class='ocrx_word' id='word_1_132' title='bbox 639 1630 841 1694; x_wconf 84' lang='lat' dir='ltr'>Florentinius</span> <span class='ocrx_word' id='word_1_133' title='bbox 872 1634 908 1691; x_wconf 88' lang='lat' dir='ltr'>iu</span> <span class='ocrx_word' id='word_1_134' title='bbox 929 1632 1072 1694; x_wconf 85' lang='lat' dir='ltr'>Auuolut.</span> <span class='ocrx_word' id='word_1_135' title='bbox 1096 1632 1140 1694; x_wconf 87' lang='lat' dir='ltr'>ad</span> 
     </span>
     <span class='ocr_line' id='line_1_19' title="bbox 173 1714 1137 1795; baseline -0.005 -15"><span class='ocrx_word' id='word_1_136' title='bbox 173 1714 435 1795; x_wconf 77' lang='lat' dir='ltr'>&#39;Martyroloqium</span> <span class='ocrx_word' id='word_1_137' title='bbox 450 1734 467 1775; x_wconf 90' lang='lat' dir='ltr'>a</span> <span class='ocrx_word' id='word_1_138' title='bbox 483 1734 514 1775; x_wconf 85' lang='lat' dir='ltr'>se</span> <span class='ocrx_word' id='word_1_139' title='bbox 529 1715 644 1775; x_wconf 83' lang='lat' dir='ltr'>editum</span> <span class='ocrx_word' id='word_1_140' title='bbox 661 1714 699 1772; x_wconf 92' lang='lat' dir='ltr'>ad</span> <span class='ocrx_word' id='word_1_141' title='bbox 709 1720 846 1774; x_wconf 87' lang='lat' dir='ltr'>octavam</span> <span class='ocrx_word' id='word_1_142' title='bbox 860 1714 1043 1791; x_wconf 80' lang='lat' dir='ltr'>Septembris</span> <span class='ocrx_word' id='word_1_143' title='bbox 1055 1716 1137 1775; x_wconf 86' lang='lat' dir='ltr'>diem</span> 
     </span>
     <span class='ocr_line' id='line_1_20' title="bbox 181 1795 1139 1875; baseline 0 -17"><span class='ocrx_word' id='word_1_144' title='bbox 181 1797 254 1858; x_wconf 89' lang='lat' dir='ltr'>haec</span> <span class='ocrx_word' id='word_1_145' title='bbox 278 1798 428 1857; x_wconf 85' lang='lat' dir='ltr'>scribens:</span> <span class='ocrx_word' id='word_1_146' title='bbox 450 1795 641 1875; x_wconf 52' lang='lat' dir='ltr'>&amp;amquam</span> <span class='ocrx_word' id='word_1_147' title='bbox 663 1798 742 1855; x_wconf 80' lang='lat' dir='ltr'>assim</span> <span class='ocrx_word' id='word_1_148' title='bbox 764 1813 868 1855; x_wconf 85' lang='lat' dir='ltr'>sermo·</span> <span class='ocrx_word' id='word_1_149' title='bbox 885 1796 955 1856; x_wconf 86' lang='lat' dir='ltr'>llioi</span> <span class='ocrx_word' id='word_1_150' title='bbox 978 1796 1139 1873; x_wconf 71' lang='lat' dir='ltr'>Augustini</span> 
     </span>
     <span class='ocr_line' id='line_1_21' title="bbox 176 1874 1186 1957; baseline -0.001 -19"><span class='ocrx_word' id='word_1_151' title='bbox 176 1880 214 1939; x_wconf 84' lang='lat' dir='ltr'>iu</span> <span class='ocrx_word' id='word_1_152' title='bbox 235 1876 368 1938; x_wconf 78' lang='lat' dir='ltr'>Ecclesia</span> <span class='ocrx_word' id='word_1_153' title='bbox 390 1879 519 1956; x_wconf 74' lang='lat' dir='ltr'>legetur,</span> <span class='ocrx_word' id='word_1_154' title='bbox 544 1888 571 1937; x_wconf 89' lang='lat' dir='ltr'>et</span> <span class='ocrx_word' id='word_1_155' title='bbox 591 1878 685 1957; x_wconf 84' lang='lat' dir='ltr'>ipsius</span> <span class='ocrx_word' id='word_1_156' title='bbox 707 1894 815 1937; x_wconf 87' lang='lat' dir='ltr'>reuera</span> <span class='ocrx_word' id='word_1_157' title='bbox 835 1878 883 1945; x_wconf 92' lang='lat' dir='ltr'>sit,</span> <span class='ocrx_word' id='word_1_158' title='bbox 907 1874 1072 1937; x_wconf 82' lang='lat' dir='ltr'>Natiuitnti</span> <span class='ocrx_word' id='word_1_159' title='bbox 1093 1887 1140 1937; x_wconf 82' lang='lat' dir='ltr'>to·</span> <span class='ocrx_word' id='word_1_160' title='bbox 1179 1934 1186 1945; x_wconf 88' lang='grc'>,</span> 
     </span>
     <span class='ocr_line' id='line_1_22' title="bbox 175 1958 1140 2038; baseline -0.002 -17"><span class='ocrx_word' id='word_1_161' title='bbox 175 1978 248 2021; x_wconf 75' lang='lat' dir='ltr'>rnen</span> <span class='ocrx_word' id='word_1_162' title='bbox 263 1959 469 2020; x_wconf 86' lang='lat' dir='ltr'>accomodatus</span> <span class='ocrx_word' id='word_1_163' title='bbox 485 1968 534 2028; x_wconf 87' lang='lat' dir='ltr'>est,</span> <span class='ocrx_word' id='word_1_164' title='bbox 558 1960 628 2019; x_wconf 86' lang='lat' dir='ltr'>licet</span> <span class='ocrx_word' id='word_1_165' title='bbox 647 1958 938 2031; x_wconf 66' lang='lat' dir='ltr'>induuuuciatioue</span> <span class='ocrx_word' id='word_1_166' title='bbox 962 1958 1140 2038; x_wconf 68' lang='lat' dir='ltr'>dietusfue·</span> 
     </span>
     <span class='ocr_line' id='line_1_23' title="bbox 176 2036 1140 2119; baseline 0.001 -17"><span class='ocrx_word' id='word_1_167' title='bbox 176 2036 234 2102; x_wconf 72' lang='lat' dir='ltr'>&#39;rit</span> <span class='ocrx_word' id='word_1_168' title='bbox 257 2039 345 2103; x_wconf 87' lang='lat' dir='ltr'>Haec</span> <span class='ocrx_word' id='word_1_169' title='bbox 367 2059 488 2118; x_wconf 86' lang='lat' dir='ltr'>quoque</span> <span class='ocrx_word' id='word_1_170' title='bbox 510 2041 666 2101; x_wconf 80' lang='lat' dir='ltr'>adnotavit</span> <span class='ocrx_word' id='word_1_171' title='bbox 680 2040 919 2119; x_wconf 88' lang='lat' dir='ltr'>sapientissimus</span> <span class='ocrx_word' id='word_1_172' title='bbox 934 2038 1140 2103; x_wconf 66' lang='lat' dir='ltr'>pontumue</span> 
     </span>
     <span class='ocr_line' id='line_1_24' title="bbox 180 2120 846 2195; baseline 0.002 -15"><span class='ocrx_word' id='word_1_173' title='bbox 180 2122 317 2183; x_wconf 84' lang='lat' dir='ltr'>nedictus</span> <span class='ocrx_word' id='word_1_174' title='bbox 339 2120 428 2195; x_wconf 72' lang='lat' dir='ltr'>xlv.</span> <span class='ocrx_word' id='word_1_175' title='bbox 702 2154 706 2163; x_wconf 90' lang='lat'><em>·</em></span> <span class='ocrx_word' id='word_1_176' title='bbox 844 2134 846 2164; x_wconf 77' lang='lat'>³</span> 
     </span>
    </p>

    <p class='ocr_par' dir='ltr' id='par_1_3' title="bbox 167 2198 1139 3665">
     <span class='ocr_line' id='line_1_25' title="bbox 172 2198 1139 2279; baseline 0.001 -16"><span class='ocrx_word' id='word_1_177' title='bbox 172 2198 175 2205; x_wconf 81' lang='grc'><strong>’</strong></span> <span class='ocrx_word' id='word_1_178' title='bbox 221 2203 262 2264; x_wconf 86' lang='lat' dir='ltr'>lt.</span> <span class='ocrx_word' id='word_1_179' title='bbox 287 2202 364 2263; x_wconf 87' lang='lat' dir='ltr'>Sane</span> <span class='ocrx_word' id='word_1_180' title='bbox 386 2204 623 2279; x_wconf 84' lang='lat' dir='ltr'>antiquissimam</span> <span class='ocrx_word' id='word_1_181' title='bbox 644 2220 713 2263; x_wconf 87' lang='lat' dir='ltr'>ossa</span> <span class='ocrx_word' id='word_1_182' title='bbox 734 2204 763 2261; x_wconf 91' lang='lat' dir='ltr'>in</span> <span class='ocrx_word' id='word_1_183' title='bbox 779 2198 914 2263; x_wconf 77' lang='lat' dir='ltr'>Ecclesia</span> <span class='ocrx_word' id='word_1_184' title='bbox 934 2202 1070 2263; x_wconf 81' lang='lat' dir='ltr'>Romana</span> <span class='ocrx_word' id='word_1_185' title='bbox 1091 2203 1139 2264; x_wconf 82' lang='lat' dir='ltr'>lu·</span> 
     </span>
     <span class='ocr_line' id='line_1_26' title="bbox 181 2282 1138 2365; baseline 0.001 -20"><span class='ocrx_word' id='word_1_186' title='bbox 181 2284 344 2345; x_wconf 87' lang='lat' dir='ltr'>stivitatem</span> <span class='ocrx_word' id='word_1_187' title='bbox 357 2286 446 2354; x_wconf 89' lang='lat' dir='ltr'>hanc,</span> <span class='ocrx_word' id='word_1_188' title='bbox 471 2284 668 2362; x_wconf 87' lang='lat' dir='ltr'>comprobant</span> <span class='ocrx_word' id='word_1_189' title='bbox 683 2282 921 2362; x_wconf 83' lang='lat' dir='ltr'>Responsoriele,</span> <span class='ocrx_word' id='word_1_190' title='bbox 946 2290 977 2343; x_wconf 87' lang='lat' dir='ltr'>et</span> <span class='ocrx_word' id='word_1_191' title='bbox 994 2286 1138 2365; x_wconf 82' lang='lat' dir='ltr'>Autiplto·</span> 
     </span>
     <span class='ocr_line' id='line_1_27' title="bbox 169 2354 1138 2443; baseline 0.003 -17"><span class='ocrx_word' id='word_1_192' title='bbox 169 2369 304 2427; x_wconf 53' lang='lat' dir='ltr'>*uarium</span> <span class='ocrx_word' id='word_1_193' title='bbox 332 2364 480 2426; x_wconf 84' lang='lat' dir='ltr'>Ecclesiae</span> <span class='ocrx_word' id='word_1_194' title='bbox 506 2366 671 2426; x_wconf 83' lang='lat' dir='ltr'>Romanae.</span> <span class='ocrx_word' id='word_1_195' title='bbox 704 2354 761 2425; x_wconf 81' lang='lat' dir='ltr'>tlts</span> <span class='ocrx_word' id='word_1_196' title='bbox 783 2364 879 2443; x_wconf 86' lang='lat' dir='ltr'>adjice</span> <span class='ocrx_word' id='word_1_197' title='bbox 898 2364 1138 2430; x_wconf 85' lang='lat' dir='ltr'>Sacramentalia</span> 
     </span>
     <span class='ocr_line' id='line_1_28' title="bbox 178 2444 1138 2524; baseline 0.004 -18"><span class='ocrx_word' id='word_1_198' title='bbox 178 2444 303 2507; x_wconf 88' lang='lat' dir='ltr'>Pamelii</span> <span class='ocrx_word' id='word_1_199' title='bbox 326 2448 487 2516; x_wconf 83' lang='lat' dir='ltr'>llocchae,</span> <span class='ocrx_word' id='word_1_200' title='bbox 511 2447 669 2515; x_wconf 84' lang='lat' dir='ltr'>Menardi,</span> <span class='ocrx_word' id='word_1_201' title='bbox 692 2447 810 2524; x_wconf 88' lang='lat' dir='ltr'>aliaque</span> <span class='ocrx_word' id='word_1_202' title='bbox 833 2448 942 2516; x_wconf 87' lang='lat' dir='ltr'>etiam,</span> <span class='ocrx_word' id='word_1_203' title='bbox 966 2464 1043 2523; x_wconf 88' lang='lat' dir='ltr'>quae</span> <span class='ocrx_word' id='word_1_204' title='bbox 1066 2466 1138 2523; x_wconf 89' lang='lat' dir='ltr'>pro·</span> 
     </span>
     <span class='ocr_line' id='line_1_29' title="bbox 180 2528 1137 2603; baseline 0.004 -14"><span class='ocrx_word' id='word_1_205' title='bbox 180 2530 229 2591; x_wconf 90' lang='lat' dir='ltr'>cul</span> <span class='ocrx_word' id='word_1_206' title='bbox 250 2528 342 2587; x_wconf 87' lang='lat' dir='ltr'>dubio</span> <span class='ocrx_word' id='word_1_207' title='bbox 363 2529 569 2603; x_wconf 87' lang='lat' dir='ltr'>antiquissima</span> <span class='ocrx_word' id='word_1_208' title='bbox 591 2535 660 2588; x_wconf 87' lang='lat' dir='ltr'>suut</span> <span class='ocrx_word' id='word_1_209' title='bbox 673 2571 681 2598; x_wconf 97' lang='lat'>,</span> <span class='ocrx_word' id='word_1_210' title='bbox 696 2551 699 2564; x_wconf 92' lang='lat'><em>·</em></span> <span class='ocrx_word' id='word_1_211' title='bbox 715 2538 747 2589; x_wconf 87' lang='lat' dir='ltr'>et</span> <span class='ocrx_word' id='word_1_212' title='bbox 777 2530 814 2589; x_wconf 88' lang='lat' dir='ltr'>ab</span> <span class='ocrx_word' id='word_1_213' title='bbox 843 2530 975 2589; x_wconf 80' lang='lat' dir='ltr'>Ecclesia</span> <span class='ocrx_word' id='word_1_214' title='bbox 998 2528 1137 2596; x_wconf 83' lang='lat' dir='ltr'>Romana</span> 
     </span>
     <span class='ocr_line' id='line_1_30' title="bbox 179 2607 1138 2691; baseline 0.007 -22"><span class='ocrx_word' id='word_1_215' title='bbox 179 2610 397 2687; x_wconf 89' lang='lat' dir='ltr'>provenientia.</span> <span class='ocrx_word' id='word_1_216' title='bbox 422 2608 550 2670; x_wconf 88' lang='lat' dir='ltr'>Notatur</span> <span class='ocrx_word' id='word_1_217' title='bbox 571 2612 688 2686; x_wconf 85' lang='lat' dir='ltr'>pariter</span> <span class='ocrx_word' id='word_1_218' title='bbox 708 2607 1005 2673; x_wconf 71' lang='lat' dir='ltr'>in,Sucrumeulario</span> <span class='ocrx_word' id='word_1_219' title='bbox 1019 2610 1138 2691; x_wconf 85' lang='lat' dir='ltr'>Grego-</span> 
     </span>
     <span class='ocr_line' id='line_1_31' title="bbox 179 2688 1132 2771; baseline 0.004 -20"><span class='ocrx_word' id='word_1_220' title='bbox 179 2690 218 2751; x_wconf 90' lang='lat' dir='ltr'>rii</span> <span class='ocrx_word' id='word_1_221' title='bbox 239 2690 352 2767; x_wconf 84' lang='lat' dir='ltr'>Magni,</span> <span class='ocrx_word' id='word_1_222' title='bbox 377 2699 407 2751; x_wconf 86' lang='lat' dir='ltr'>et</span> <span class='ocrx_word' id='word_1_223' title='bbox 429 2693 458 2749; x_wconf 94' lang='lat' dir='ltr'>in</span> <span class='ocrx_word' id='word_1_224' title='bbox 480 2691 615 2751; x_wconf 85' lang='lat' dir='ltr'>Romano</span> <span class='ocrx_word' id='word_1_225' title='bbox 637 2688 801 2771; x_wconf 83' lang='lat' dir='ltr'>Frontonis¹</span> <span class='ocrx_word' id='word_1_226' title='bbox 818 2690 1010 2770; x_wconf 84' lang='lat' dir='ltr'>Kalendario.</span> <span class='ocrx_word' id='word_1_227' title='bbox 1036 2692 1132 2769; x_wconf 82' lang='lat' dir='ltr'>erid,</span> 
     </span>
     <span class='ocr_line' id='line_1_32' title="bbox 170 2767 1137 2852; baseline 0.008 -21"><span class='ocrx_word' id='word_1_228' title='bbox 170 2767 257 2851; x_wconf 81' lang='lat' dir='ltr'>¹quod</span> <span class='ocrx_word' id='word_1_229' title='bbox 281 2772 489 2848; x_wconf 86' lang='lat' dir='ltr'>antiquitatem</span> <span class='ocrx_word' id='word_1_230' title='bbox 513 2772 641 2852; x_wconf 78' lang='lat' dir='ltr'>hujusce</span> <span class='ocrx_word' id='word_1_231' title='bbox 663 2773 692 2831; x_wconf 91' lang='lat' dir='ltr'>in</span> <span class='ocrx_word' id='word_1_232' title='bbox 708 2770 838 2833; x_wconf 80' lang='lat' dir='ltr'>Ecclesia</span> <span class='ocrx_word' id='word_1_233' title='bbox 863 2772 995 2832; x_wconf 83' lang='lat' dir='ltr'>Romana</span> <span class='ocrx_word' id='word_1_234' title='bbox 1019 2775 1137 2839; x_wconf 80' lang='lat' dir='ltr'>testivi-</span> 
     </span>
     <span class='ocr_line' id='line_1_33' title="bbox 179 2853 1133 2936; baseline 0.006 -21"><span class='ocrx_word' id='word_1_235' title='bbox 179 2853 248 2915; x_wconf 87' lang='lat' dir='ltr'>tatis</span> <span class='ocrx_word' id='word_1_236' title='bbox 271 2854 426 2936; x_wconf 84' lang='lat' dir='ltr'>declarant</span> <span class='ocrx_word' id='word_1_237' title='bbox 447 2874 503 2921; x_wconf 85' lang='lat' dir='ltr'>aa,</span> <span class='ocrx_word' id='word_1_238' title='bbox 528 2873 605 2931; x_wconf 88' lang='lat' dir='ltr'>quae</span> <span class='ocrx_word' id='word_1_239' title='bbox 628 2856 665 2914; x_wconf 84' lang='lat' dir='ltr'>da</span> <span class='ocrx_word' id='word_1_240' title='bbox 688 2853 793 2931; x_wconf 82' lang='lat' dir='ltr'>Sergio</span> <span class='ocrx_word' id='word_1_241' title='bbox 813 2854 952 2913; x_wconf 85' lang='lat' dir='ltr'>Romano</span> <span class='ocrx_word' id='word_1_242' title='bbox 972 2854 1133 2931; x_wconf 76' lang='lat' dir='ltr'>pontifico,</span> 
     </span>
     <span class='ocr_line' id='line_1_34' title="bbox 169 2932 1132 3024; baseline 0.009 -31"><span class='ocrx_word' id='word_1_243' title='bbox 169 2936 231 3024; x_wconf 82' lang='lat' dir='ltr'>qui</span> <span class='ocrx_word' id='word_1_244' title='bbox 246 2932 324 2994; x_wconf 88' lang='lat' dir='ltr'>anno</span> <span class='ocrx_word' id='word_1_245' title='bbox 340 2934 402 2994; x_wconf 86' lang='grc'>688</span> <span class='ocrx_word' id='word_1_246' title='bbox 415 2935 582 2996; x_wconf 87' lang='lat' dir='ltr'>Romanam</span> <span class='ocrx_word' id='word_1_247' title='bbox 600 2934 768 2996; x_wconf 83' lang='lat' dir='ltr'>Ecclesiam</span> <span class='ocrx_word' id='word_1_248' title='bbox 784 2938 917 3012; x_wconf 86' lang='lat' dir='ltr'>regebat,</span> <span class='ocrx_word' id='word_1_249' title='bbox 941 2934 1132 3015; x_wconf 85' lang='lat' dir='ltr'>Anastasius,</span> 
     </span>
     <span class='ocr_line' id='line_1_35' title="bbox 178 3014 1134 3099; baseline 0.004 -25"><span class='ocrx_word' id='word_1_250' title='bbox 178 3031 267 3091; x_wconf 84' lang='lat' dir='ltr'>quem</span> <span class='ocrx_word' id='word_1_251' title='bbox 292 3014 558 3077; x_wconf 81' lang='lat' dir='ltr'>Bibliotleecrium</span> <span class='ocrx_word' id='word_1_252' title='bbox 579 3016 755 3095; x_wconf 84' lang='lat' dir='ltr'>appellant,</span> <span class='ocrx_word' id='word_1_253' title='bbox 789 3017 978 3077; x_wconf 84' lang='lat' dir='ltr'>tradithaae</span> <span class='ocrx_word' id='word_1_254' title='bbox 1001 3038 1134 3099; x_wconf 79' lang='lat' dir='ltr'>nempe:</span> 
     </span>
     <span class='ocr_line' id='line_1_36' title="bbox 167 3095 1135 3173; baseline 0.011 -18"><span class='ocrx_word' id='word_1_255' title='bbox 167 3095 356 3167; x_wconf 60' lang='lat' dir='ltr'>&#39;Constituit</span> <span class='ocrx_word' id='word_1_256' title='bbox 381 3106 415 3156; x_wconf 85' lang='lat' dir='ltr'>ut</span> <span class='ocrx_word' id='word_1_257' title='bbox 430 3099 529 3158; x_wconf 84' lang='lat' dir='ltr'>diedu&#39;s</span> <span class='ocrx_word' id='word_1_258' title='bbox 551 3095 804 3158; x_wconf 79' lang='lat' dir='ltr'>Annuueiuts&#39;ouis</span> <span class='ocrx_word' id='word_1_259' title='bbox 820 3099 954 3173; x_wconf 81' lang='lat' dir='ltr'>Domini,</span> <span class='ocrx_word' id='word_1_260' title='bbox 979 3098 1135 3166; x_wconf 81' lang='lat' dir='ltr'>Natiuita-</span> 
     </span>
     <span class='ocr_line' id='line_1_37' title="bbox 177 3176 1135 3265; baseline 0.01 -28"><span class='ocrx_word' id='word_1_261' title='bbox 177 3180 226 3244; x_wconf 88' lang='lat' dir='ltr'>tis,</span> <span class='ocrx_word' id='word_1_262' title='bbox 249 3187 276 3235; x_wconf 88' lang='lat' dir='ltr'>et</span> <span class='ocrx_word' id='word_1_263' title='bbox 297 3179 493 3239; x_wconf 85' lang='lat' dir='ltr'>Dormitionis</span> <span class='ocrx_word' id='word_1_264' title='bbox 522 3179 649 3240; x_wconf 84' lang='lat' dir='ltr'>Sanctae</span> <span class='ocrx_word' id='word_1_265' title='bbox 671 3179 728 3239; x_wconf 86' lang='lat' dir='ltr'>Dei</span> <span class='ocrx_word' id='word_1_266' title='bbox 753 3176 936 3249; x_wconf 81' lang='lat' dir='ltr'>Genitricis,</span> <span class='ocrx_word' id='word_1_267' title='bbox 963 3198 1135 3265; x_wconf 81' lang='lat' dir='ltr'>semperque</span> 
     </span>
     <span class='ocr_line' id='line_1_38' title="bbox 179 3257 1136 3348; baseline 0.006 -28"><span class='ocrx_word' id='word_1_268' title='bbox 179 3257 324 3335; x_wconf 76' lang='lat' dir='ltr'>Vispinis,</span> <span class='ocrx_word' id='word_1_269' title='bbox 348 3268 374 3319; x_wconf 90' lang='lat' dir='ltr'>et</span> <span class='ocrx_word' id='word_1_270' title='bbox 397 3260 429 3326; x_wconf 86' lang='lat' dir='ltr'>S.</span> <span class='ocrx_word' id='word_1_271' title='bbox 450 3258 607 3339; x_wconf 79' lang='lat' dir='ltr'>Simeonis,</span> <span class='ocrx_word' id='word_1_272' title='bbox 621 3260 700 3339; x_wconf 78' lang='lat' dir='ltr'>&#39;qreod</span> <span class='ocrx_word' id='word_1_273' title='bbox 720 3258 928 3341; x_wconf 81' lang='lat' dir='ltr'>Hypupnutem</span> <span class='ocrx_word' id='word_1_274' title='bbox 946 3259 1056 3328; x_wconf 79' lang='lat' dir='ltr'>Graeci</span> <span class='ocrx_word' id='word_1_275' title='bbox 1078 3284 1136 3348; x_wconf 85' lang='lat' dir='ltr'>np-</span> 
     </span>
     <span class='ocr_line' id='line_1_39' title="bbox 172 3338 1135 3426; baseline 0.01 -28"><span class='ocrx_word' id='word_1_276' title='bbox 172 3341 300 3419; x_wconf 81' lang='lat' dir='ltr'>pellunl,</span> <span class='ocrx_word' id='word_1_277' title='bbox 323 3338 446 3426; x_wconf 73' lang='lat' dir='ltr'>litania</span> <span class='ocrx_word' id='word_1_278' title='bbox 469 3352 592 3403; x_wconf 77' lang='lat' dir='ltr'>euecta</span> <span class='ocrx_word' id='word_1_279' title='bbox 618 3341 649 3402; x_wconf 91' lang='lat' dir='ltr'>S.</span> <span class='ocrx_word' id='word_1_280' title='bbox 667 3340 814 3411; x_wconf 81' lang='lat' dir='ltr'>Adriano,</span> <span class='ocrx_word' id='word_1_281' title='bbox 839 3352 866 3401; x_wconf 91' lang='lat' dir='ltr'>et</span> <span class='ocrx_word' id='word_1_282' title='bbox 886 3343 928 3402; x_wconf 88' lang='lat' dir='ltr'>ud</span> <span class='ocrx_word' id='word_1_283' title='bbox 950 3344 982 3405; x_wconf 89' lang='lat' dir='ltr'>S.</span> <span class='ocrx_word' id='word_1_284' title='bbox 999 3350 1135 3411; x_wconf 77' lang='lat' dir='ltr'>Mucium</span> 
     </span>
     <span class='ocr_line' id='line_1_40' title="bbox 172 3422 1135 3502; baseline 0.012 -23"><span class='ocrx_word' id='word_1_285' title='bbox 172 3422 304 3502; x_wconf 76' lang='lat' dir='ltr'>populus</span> <span class='ocrx_word' id='word_1_286' title='bbox 323 3433 473 3484; x_wconf 79' lang='lat' dir='ltr'>occurrat.</span> <span class='ocrx_word' id='word_1_287' title='bbox 496 3422 536 3483; x_wconf 87' lang='lat' dir='ltr'>Ut</span> <span class='ocrx_word' id='word_1_288' title='bbox 560 3440 650 3500; x_wconf 91' lang='lat' dir='ltr'>porro</span> <span class='ocrx_word' id='word_1_289' title='bbox 672 3425 709 3485; x_wconf 84' lang='lat' dir='ltr'>de</span> <span class='ocrx_word' id='word_1_290' title='bbox 731 3425 796 3483; x_wconf 87' lang='lat' dir='ltr'>aliis</span> <span class='ocrx_word' id='word_1_291' title='bbox 820 3425 988 3495; x_wconf 79' lang='lat' dir='ltr'>Ecclesiis,</span> <span class='ocrx_word' id='word_1_292' title='bbox 1012 3435 1043 3489; x_wconf 88' lang='lat' dir='ltr'>et</span> <span class='ocrx_word' id='word_1_293' title='bbox 1064 3447 1135 3491; x_wconf 91' lang='lat' dir='ltr'>con·</span> 
     </span>
     <span class='ocr_line' id='line_1_41' title="bbox 170 3501 1134 3584; baseline 0.01 -22"><span class='ocrx_word' id='word_1_294' title='bbox 170 3503 341 3576; x_wconf 63' lang='lat' dir='ltr'>&#39;tinuatioue</span> <span class='ocrx_word' id='word_1_295' title='bbox 369 3501 505 3581; x_wconf 88' lang='lat' dir='ltr'>ejusdem</span> <span class='ocrx_word' id='word_1_296' title='bbox 526 3506 703 3567; x_wconf 60' lang='lat' dir='ltr'>&#39;festivitatis</span> <span class='ocrx_word' id='word_1_297' title='bbox 736 3507 765 3563; x_wconf 92' lang='lat' dir='ltr'>in</span> <span class='ocrx_word' id='word_1_298' title='bbox 785 3504 862 3565; x_wconf 85' lang='lat' dir='ltr'>aliis</span> <span class='ocrx_word' id='word_1_299' title='bbox 891 3508 1048 3584; x_wconf 88' lang='lat' dir='ltr'>provinciis</span> <span class='ocrx_word' id='word_1_300' title='bbox 1076 3512 1134 3571; x_wconf 91' lang='lat' dir='ltr'>ali-</span> 
     </span>
     <span class='ocr_line' id='line_1_42' title="bbox 176 3584 1131 3665; baseline 0.012 -21"><span class='ocrx_word' id='word_1_301' title='bbox 176 3584 248 3658; x_wconf 91' lang='lat' dir='ltr'>quid</span> <span class='ocrx_word' id='word_1_302' title='bbox 271 3584 367 3644; x_wconf 89' lang='lat' dir='ltr'>dieam</span> <span class='ocrx_word' id='word_1_303' title='bbox 386 3585 555 3664; x_wconf 85' lang='lat' dir='ltr'>,ejusdem</span> <span class='ocrx_word' id='word_1_304' title='bbox 576 3585 746 3648; x_wconf 79' lang='lat' dir='ltr'>festivitatis</span> <span class='ocrx_word' id='word_1_305' title='bbox 768 3589 933 3649; x_wconf 85' lang='lat' dir='ltr'>meminere</span> <span class='ocrx_word' id='word_1_306' title='bbox 956 3588 1131 3665; x_wconf 86' lang='lat' dir='ltr'>Usuardns,</span> 
     </span>
    </p>
   </div>
   <div class='ocr_carea' id='block_1_3' title="bbox 0 0 1264 4059">
    <p class='ocr_par' dir='ltr' id='par_1_4' title="bbox 0 0 1264 4059">
     <span class='ocr_line' id='line_1_43' title="bbox 0 0 1264 4059; baseline 0 1"><span class='ocrx_word' id='word_1_307' title='bbox 0 0 1264 4059; x_wconf 95' lang='lat' dir='ltr'> </span> 
     </span>
    </p>
   </div>
  </div>
 </body>
</html>
