2517 4059
525 139 750 264 &mures

171 317 244 389 §A
268 316 307 376 Et
328 316 522 379 Innocentius
549 317 593 380 tlt
624 320 667 380 uti
700 338 737 379 cx
770 318 841 398 ejus,
867 318 992 398 Ecpcsto
1018 317 1129 383 isat

170 398 268 476 Epist.
283 398 348 460 518
363 398 536 476 hujusmodi
561 400 718 477 privilegio
734 403 840 462 eodem
864 404 984 463 saeculo
1007 403 1124 465 labente

168 482 246 539 circa
268 500 378 541 annum
403 479 481 541 1199
503 478 664 542 Falconem
680 480 891 559 Corbejenscm
908 483 1056 543 Abbatem
1073 502 1122 544 or-

168 564 260 622 navit.
285 560 364 623 Usus
390 564 550 623 anulorum
572 562 823 625 christifidelibus
850 582 867 623 a
890 565 995 640 primis
1018 563 1124 626 Eccle-

168 645 230 703 siae
254 644 439 719 temporibus
462 644 626 719 permissus
649 643 723 711 luit,
749 651 782 705 ut
805 646 862 704 lale
886 647 972 703 docet
995 664 1122 724 magnus

167 723 327 785 Annalium
352 742 478 799 parens,
503 731 534 784 et
554 722 666 801 Georgi
689 725 782 785 multa
806 726 843 785 de
866 726 962 785 anulis
977 725 1123 787 Christifi-

165 806 279 865 delium
302 808 478 879 disceptavit
498 809 529 865 in
551 805 765 867 lttsserrauone
797 806 832 866 de
860 806 1120 883 Monoprsmmatc

165 885 283 948 Christi
304 888 438 947 Domini.
455 885 587 947 Plurima
610 894 765 964 praeterea
788 889 825 948 dc
846 889 934 947 anulo
951 888 1118 966 Episcopali

166 971 315 1044 congessit
337 967 473 1027 Andreas
494 968 652 1047 Saussajus
675 968 837 1047 Panopliuc
855 967 1035 1049 Episcopulis
1050 970 1116 1030 Lib.

137 1050 206 1118 ·lt‚
224 1049 378 1126 praeclara
401 1051 492 1108 eliam
515 1052 661 1126 quaedam
687 1051 808 1127 protulit
832 1049 976 1123 Iosephus
994 1049 1129 1113 vicero:

164 1150 228 1192 mes
250 1130 312 1191 Lib.
338 1129 392 1189 111
410 1129 445 1188 do
468 1129 626 1209 Apporotu
648 1129 757 1192 Missus
782 1130 859 1210 Cap.
878 1129 1063 1224 XXXVIII.

159 1248 163 1253 ’
520 1291 647 1352 cneus
670 1291 756 1355 xur.

546 1472 589 1516 DE
612 1473 724 1516 stitus.

201 1617 225 1677 Ι.
251 1617 339 1677 Mitra
355 1614 535 1676 Pontificalis
550 1636 587 1677 ex
602 1619 699 1679 reteri
715 1617 907 1679 Testamento
922 1626 1042 1693 sumpta
1057 1626 1112 1689 est,

159 1703 194 1758 ut
218 1704 298 1759 recte
320 1699 424 1758 scribit
445 1694 599 1759 Honorius
613 1696 676 1759 Lib.
695 1698 868 1762 IGommcc
888 1698 962 1777 Cap.
978 1698 1050 1759 ult.
1069 1697 1112 1759 Ea

156 1781 236 1839 euim
259 1780 422 1840 utebantur
443 1778 640 1846 Sacerdotes,
660 1786 698 1856 ,ut
718 1779 827 1841 Sacrae
845 1779 960 1840 Liberae
984 1781 1113 1840 indicant

154 1861 249 1921 Exodi
270 1860 345 1939 Cup.
360 1860 404 1921 29
418 1868 448 1921 et
463 1862 587 1921 Levitici
605 1860 681 1940 Cup.
700 1863 730 1921 8.
748 1860 822 1922 Erat
837 1862 1039 1938 elprolanum
1062 1879 1111 1920 ca-

153 1942 222 2018 pitis
244 1952 477 2008 ornamentum,
501 1959 560 2017 quo
582 1944 713 2017 primum
738 1942 857 2011 lunius,
881 1944 987 2003 deinde
1011 1943 1111 2021 Aegy-

152 2025 240 2099 ptios,
255 2022 359 2101 Syros,
374 2031 403 2084 el
425 2023 512 2082 Lidos
534 2041 604 2086 usos
626 2024 716 2084 luisse
732 2022 852 2083 Elhnici
875 2026 1042 2100 scriptores
1053 2032 1109 2085 tra-

151 2104 303 2165 didcrunt.
327 2104 406 2165 Olim
429 2107 520 2166 etiam
545 2115 598 2182 pro
621 2106 755 2165 muliebri
779 2124 887 2165 corona
909 2108 1107 2171 sumebatur,

150 2203 188 2245 ex
211 2204 269 2262 qua
291 2187 429 2246 lasciolae
453 2186 636 2261 pendebant,
662 2188 740 2248 unde
762 2186 906 2263 Virgilius
929 2185 1110 2246 redimicula
1199 2212 1202 2217 ·

150 2264 261 2326 Mitras
293 2273 520 2327 commemorat.
544 2268 577 2329 lu
600 2264 787 2329 Christianae
816 2267 970 2344 Religionc
1003 2268 1108 2343 primis

148 2348 270 2423 quidem
294 2348 404 2409 Christi
427 2349 554 2408 sacculis
577 2350 688 2425 imponi
711 2350 900 2409 consuevisse
917 2350 1037 2408 hlilram
1061 2366 1107 2408 sa-

149 2431 241 2489 cratis
275 2427 338 2489 Deo
370 2431 561 2507 virginibus,
592 2436 720 2491 testatur
752 2430 880 2506 Optatus
912 2430 1106 2491 Milevitanus

148 2507 211 2571 Lib.
237 2511 276 2571 ΙΙ
294 2510 435 2572 aduersus
458 2512 646 2572 Donatistos.
670 2508 901 2572 Ecclesiastioae
923 2513 1030 2573 Mitrae
1052 2528 1105 2571 va·

145 2592 187 2650 ria
210 2611 227 2669 a
251 2593 453 2670 Scriptonbos
475 2594 621 2652 vocabula
646 2592 850 2670 im'pouuntur.
865 2593 911 2653 Ab
935 2593 1103 2671 Augustino

145 2669 231 2750 Apso
252 2675 442 2751 appellatur,
467 2679 585 2736 Sestum
607 2692 675 2733 cum
697 2678 819 2754 pssumis
840 2674 878 2734 ab
900 2672 1036 2734 Ennodio
1057 2673 1104 2733 Ti·

144 2753 278 2823 elnensi,
305 2755 426 2819 Corona
446 2774 463 2815 a
486 2754 518 2814 S.
542 2752 729 2833 Hieronymo
753 2754 890 2833 Epistola
907 2754 946 2815 od
962 2753 1103 2833 ,luperti-

144 2853 239 2902 num,
263 2857 376 2898 corono
397 2836 595 2898 sacerdotalis
616 2836 655 2895 ab
677 2834 813 2899 Ennodio
835 2837 1028 2913 supradicto,
1053 2854 1101 2897 co·

136 2936 220 2978 rona
244 2920 359 2998 plotino
380 2920 418 2978 ab
440 2919 590 2984 Alcuino,
617 2917 740 2981 Cidaris
754 2919 791 2978 ab
806 2917 949 2977 Anselmo
971 2916 1100 2979 Lucensi

141 2996 313 3077 Episcopo,
338 2999 502 3081 Phrypium
525 3019 542 3059 a
565 2997 711 3068 Graecis,
734 2997 928 3077 Nicephoro,
953 3003 984 3057 et
1004 2998 1101 3059 Balsa·

142 3098 252 3152 mone,
276 3083 409 3158 itemque
424 3102 441 3143 a
454 3080 599 3142 Gratiano
614 3082 642 3139 in
661 3078 790 3141 Decreto
811 3081 867 3141 sub
889 3079 975 3140 titulo
997 3081 1097 3148 Polou,

139 3162 190 3222 ubi
212 3169 244 3224 ct
263 3162 413 3224 Diodcma
433 3165 524 3224 etiam
547 3168 705 3222 vocatur.-

180 3242 219 3305 tl.
244 3242 349 3318 Quoad
386 3244 509 3306 Mittam
533 3243 674 3320 Episcopi
706 3246 841 3319 spectat,
866 3258 937 3301 sanc
959 3246 1095 3315 constal,

139 3325 251 3386 nullam
275 3328 369 3403 ipsius
391 3326 456 3389 lieri
479 3326 663 3387 mentionem
688 3325 716 3383 in
741 3325 872 3400 antiquis
886 3322 983 3382 Libris
998 3320 1099 3383 Ponti-

95 3482 101 3487 .
137 3405 276 3469 ficalibus
298 3427 369 3469 mss.
395 3426 493 3486 neque
514 3406 593 3483 opud
617 3403 823 3473 Anralarium,
847 3402 1015 3473 Rabanum,
1032 3404 1097 3465 vul·

137 3494 239 3567 gatum
263 3488 447 3561 Alcuinum,
469 3490 604 3563 aliosque
628 3488 743 3563 priscos
771 3492 933 3553 auctores,
964 3488 1015 3563 qui
1038 3484 1094 3545 alia

134 3586 222 3631 saura
245 3567 421 3633 Pontificum
451 3574 627 3631 ornamenta
649 3568 882 3645 descripserunt.
907 3564 987 3628 Hinc
1015 3566 1094 3649 lorle
