2517 4059
508 261 731 335 wistiliano

142 392 231 451 etiam
255 391 291 450 de
307 390 407 451 Missis
423 392 546 468 privatis
562 390 703 469 frequens
720 399 766 454 est
788 393 863 453 haec
877 392 1007 454 lormula
1023 414 1094 454 oon-

139 480 205 532 tare
219 474 351 558 Mosam.
368 470 486 533 Rursus
502 475 605 533 callem
621 474 711 535 Missa
734 475 850 554 privata
871 475 981 535 dicitur
1003 479 1093 536 etiam

139 553 250 621 Plana,
268 557 309 613 sic
326 572 390 615 earn
408 555 538 631 appellat
551 555 776 617 Caeremnniale
791 558 1008 635 Episcoporum
1023 559 1090 618 Lib.

138 636 246 714 lCap.
269 636 332 696 Xll
355 654 438 696 num.
465 636 507 696 lx
542 638 699 700 celebrans
732 640 766 698 in
796 657 827 697 co
849 639 909 699 noe
930 641 1091 710 solemnes,
1157 640 1160 645 ’

138 720 197 781 nuo
214 720 325 799 planas
340 720 454 779 Missas.
472 718 563 779 Missa
586 721 744 797 peculiaris
766 719 877 799 pariter
900 720 978 780 idem
1001 723 1093 798 signi-

141 800 211 862 lic'at
232 818 267 861 ac
289 802 378 862 Missa
404 803 540 877 privata:
566 802 622 861 hac
645 805 764 863 notione
786 804 968 878 exprimitur
991 804 1019 862 in
1035 803 1090 865 Ca-

137 885 239 962 pitulis
261 880 451 958 Theodulpbi
476 884 699 945 Aurelianensis
714 882 787 962 Cap.
803 882 893 944 xiv.
910 883 1001 944 Missa
1022 904 1089 963 spe-

140 966 228 1027 cialis¹
243 972 289 1037 est
310 964 421 1043 pariter
436 964 528 1025 Missa
550 966 677 1043 privata,
701 967 738 1026 de
760 984 818 1042 qua
841 968 1023 1027 mentionem
1045 966 1092 1028 la-

139 1049 221 1110 ciunt
236 1046 417 1123 Capitularia
433 1045 611 1108 Theudorici
626 1048 850 1110 Cantuariensis
872 1047 945 1125 Cap.
958 1048 1001 1108 X.
1019 1046 1091 1110 Mis-

139 1150 189 1192 sae
211 1129 492 1205 Quadragesimales
513 1137 659 1191 vocantur
681 1130 775 1199 illae,
803 1149 881 1207 quae
903 1132 932 1189 in
954 1119 1091 1203 Quirdra-

138 1213 250 1289 gesima
272 1211 424 1271 dicuntur.
442 1207 486 1270 lta
509 1214 700 1288 appellantur
721 1214 751 1271 in
765 1213 897 1273 Concilio
914 1211 1090 1274 Vasionensi

138 1292 207 1355 Can.
232 1292 273 1353 20
294 1298 324 1353 et
349 1290 474 1351 vasensi
497 1291 570 1353 Can.
598 1294 626 1354 3.
652 1294 744 1353 Missa
766 1295 802 1355 de
825 1294 943 1372 iejunio
965 1302 1090 1355 vocatur

137 1376 199 1444 illa,
223 1374 298 1453 quae
321 1375 368 1435 die
384 1371 489 1450 iejunii
514 1376 704 1436 celebratur:
728 1376 765 1435 de
788 1377 844 1436 bac
862 1377 972 1435 mentio
996 1378 1088 1436 habe-

137 1464 186 1519 tur
222 1458 299 1535 apud
323 1456 458 1516 Matiene
487 1456 598 1518 Turnus
625 1457 668 1518 lv
693 1457 903 1519 lanciolarum
932 1457 989 1517 cal.
1015 1456 1087 1521 706.

137 1538 191 1601 Est
218 1543 338 1615 insuper
361 1538 450 1598 Missa
474 1536 827 1622 Praesanctificatornm,
857 1545 982 1599 vocatur
1011 1540 1087 1610 illa,

137 1622 165 1681 in
190 1641 248 1698 qua
264 1620 406 1681 Sacerdos
427 1624 640 1692 communicat,
664 1622 715 1683 sed
739 1640 796 1680 non
812 1627 978 1681 consecrat.
996 1620 1088 1697 Origo

127 1703 228 1782 bajus
250 1704 359 1763 Missae
383 1705 542 1778 repetenda
566 1710 611 1764 est
631 1723 647 1763 a
672 1702 791 1782 Synndo
812 1701 998 1771 Laodicena,
1022 1721 1089 1762 san-

139 1788 231 1847 citum
255 1785 333 1845 enim
357 1785 384 1842 in
401 1784 477 1844 dicta
495 1784 614 1865 Synodo
637 1785 694 1846 luit
709 1784 828 1846 Canone
846 1782 896 1842 le:
913 1783 983 1845 Non
1004 1802 1088 1861 opor·

137 1878 199 1927 tere
220 1868 253 1927 in
281 1865 518 1943 Quadrmcsima
536 1886 647 1945 panem
668 1866 786 1947 offerre,
810 1866 869 1925 nisi
891 1866 1040 1936 Sabbato;
1063 1877 1090 1927 et

137 1950 299 2010 Dominica
321 1958 450 2008 tantam.
470 1948 501 2007 ln
519 1948 639 2028 Synoda
663 1967 734 2007 vera
756 1946 899 2007 Trullana
914 1947 1033 2008 Canane
1048 1948 1090 2008 52

135 2033 282 2092 sancitum
306 2037 375 2090 est:
403 2027 491 2103 Quod
518 2030 552 2090 in
574 2031 711 2089 omnibus
732 2030 859 2090 Sanctae
886 2026 1088 2108 Qooadrapcsi-

137 2132 204 2196 mac
224 2114 339 2195 jejunii
361 2111 482 2181 dicbus,
502 2124 717 2191 praeterquam
738 2112 880 2182 Sabbata,
904 2122 931 2171 et
953 2112 1089 2173 Domini-

126 2215 181 2266 ·ca,
207 2207 233 2256 ct
254 2195 361 2256 Macro
384 2196 624 2255 renuntiationis
646 2194 693 2252 olio
713 2193 767 2274 fiat
789 2193 917 2254 Sacrum
940 2192 1090 2254 Praesan-

138 2277 347 2357 ctificalorum.
370 2275 403 2335 ln
426 2271 562 2335 Ecclesia
584 2276 730 2337 Orientali
760 2275 858 2335 adhuc
880 2282 1017 2335 servatur
1039 2278 1088 2336 bic

136 2377 204 2419 mos
228 2359 429 2436 praescriptus
452 2358 479 2414 in
497 2356 641 2419 Trullano
656 2357 800 2418 Concilio.
817 2355 1017 2416 Occidentalis
1039 2378 1090 2419 au·

137 2449 197 2501 tem
215 2437 348 2500 Ecclesia
371 2456 428 2497 non
451 2438 891 2501 utitur·Praesanctiiicalorum
908 2438 1009 2507 Missa,
1033 2441 1087 2499 nisi

136 2522 223 2585 Feria
246 2522 334 2583 Sexta
356 2520 548 2581 Parasceves
574 2522 618 2583 Dc
640 2523 714 2590 ritu,
737 2539 772 2581 ac
795 2520 884 2587 modo
907 2517 997 2595 hujus
1019 2520 1087 2581 Mis-

136 2623 185 2666 sae
202 2602 530 2664 Pracsanciiiicatorum
548 2604 743 2663 celebrandae
760 2604 818 2663 latc
839 2607 869 2661 et
884 2601 1000 2662 erudite
1016 2602 1088 2661 scri-

135 2690 194 2765 psit
215 2686 276 2746 Leo
298 2685 425 2746 Allatius
448 2686 477 2744 in
499 2682 558 2746 fine
580 2684 687 2761 Operis
709 2684 746 2743 de
767 2682 919 2744 Ecclesiae
941 2681 1088 2745 Occiden-

137 2769 204 2830 talis
226 2775 315 2845 atque
337 2766 498 2829 Orientalis
521 2774 668 2845 perpetua
689 2766 893 2826 consensione.
911 2765 998 2826 Ritus
1020 2764 1085 2843 ejus

136 2850 213 2927 apud
237 2849 368 2910 Graecos
390 2848 438 2908 bic
462 2851 519 2909 est.
536 2847 590 2909 Die
608 2847 762 2909 Dominica
785 2853 906 2925 praeter
928 2845 1005 2907 illius
1027 2850 1086 2908 diei

141 2932 335 3001 oblationem,
351 2933 481 3007 quinque
503 2930 576 2989 alias
593 2948 684 3008 panes
699 2935 873 2990 consecrant
894 2945 948 3005 pro
965 2930 1088 2989 totidem

141 3013 334 3090 sequentibus
356 3014 439 3073 ieriis
470 3029 566 3088 usque
597 3013 633 3072 ad
656 3009 832 3071 Sabbatum.
857 3008 934 3071 'lum
966 3011 1089 3087 singulis

138 3096 243 3155 diebus
265 3095 321 3155 sub
336 3112 495 3173 vesperum
512 3094 695 3154 conveniunt
717 3094 745 3151 in
761 3091 906 3161 Ecclesia,
922 3097 954 3153 et
976 3092 1004 3150 in
1021 3093 1085 3170 ipso

125 3176 379 3255 ·Vesperiinarum
404 3194 528 3254 precum
544 3174 649 3235 Ollicio
665 3174 891 3236 Sacramentum
913 3180 999 3235 antea
1014 3193 1085 3235 con-

134 3262 285 3320 secratum
309 3264 453 3327 sumunt,
478 3259 651 3335 praemissis
674 3255 798 3317 Psalmis
820 3254 1029 3322 Gradualibus‚
1054 3263 1085 3316 ot

132 3340 264 3401 recitatis
286 3340 465 3416 quibusdam
487 3338 629 3408 Canticis‚
654 3337 856 3407 Lectionibus,
880 3346 911 3399 et
932 3336 1084 3398 Orationi-

131 3422 205 3489 bus,
230 3439 307 3496 quae
329 3422 385 3499 legi
405 3418 530 3499 ¹possunt
553 3422 581 3481 in
605 3420 791 3499 Eucbologio
814 3439 883 3481 cum
906 3422 983 3479 notis
1004 3418 1085 3480 Goar

132 3521 201 3581 pag.
227 3500 286 3563 187
308 3503 563 3581 obsequentibus.
587 3500 626 3563 Et
648 3504 717 3578 quia
740 3521 849 3581 panem
872 3508 958 3563 antea
980 3520 1084 3564 conse-

133 3590 261 3656 cratum,
286 3592 420 3654 sumunt,
444 3584 631 3661 vocantboe
654 3584 785 3645 officium
807 3582 1083 3646 Praesanctiiicato·

132 3684 221 3739 rum;
247 3685 306 3745 qao
329 3668 357 3728 in
380 3668 441 3729 sola
463 3666 715 3747 Quadragesima,
739 3686 796 3727 non
819 3669 848 3727 in
871 3667 936 3727 allis
956 3665 1080 3745 jejuniis

902 3764 915 3791 4
