2517 4059
556 199 783 271 *bilh-

189 325 244 402 qui
255 324 431 386 Orationem
444 328 578 388 exaravit
589 328 618 386 iu
630 328 854 407 conceptionem
865 324 1017 396 S.Auuee,
1028 324 1149 405 quaudo

189 408 321 485 concepit
345 408 469 466 Sanctae
484 407 542 467 na·
566 407 761 489 Genitricem.
785 408 912 469 Saeculo
924 412 1042 469 decimo
1061 406 1150 485 jussu

190 488 290 548 Basilii
304 487 433 566 junioris
444 492 646 568 couscriptum
664 497 710 551 est
724 490 917 551 Graecorum.
928 489 1146 566 Menologiurn,

189 570 220 629 iu
231 587 307 645 quo,
324 572 430 645 quinto
445 572 510 629 idus
525 570 699 633 Decembris
716 578 846 632 notatur:
867 570 1028 649 Correptio
1040 572 1072 630 S.
1087 568 1152 628 Au-

189 666 258 718 uae,
276 650 389 713 Matris
412 649 587 714 Gessitricis.
613 653 793 714 Emmanuel
816 652 987 713 Cumneuus
1015 653 1151 725 lmpera·

190 740 249 798 ror,
273 734 325 809 qui
348 750 438 793 suum
462 737 633 811 auspicatus
656 742 703 795 est
723 737 884 811 imperium
908 752 986 793 anno
1002 732 1095 801 lil3,
1119 738 1151 794 et

189 814 265 875 obiit
287 831 365 873 anno
389 813 470 873 1180
492 817 521 874 in
538 815 665 877 Novella
687 818 765 894 apud
788 816 981 875 Theodorum
997 816 1151 875 Balsama·

189 913 258 955 nem
281 898 311 955 in
332 892 591 958 Obseroetieuibcs
612 898 654 957 od
669 896 908 959 Nomocouooem
923 896 1031 963 Ptotir',
1058 894 1150 956 Festa

188 994 363 1042 recensens,
388 996 466 1056 quae
490 996 506 1036 a
530 981 640 1057 populo
663 987 762 1039 essent
783 980 979 1047 observanda,
1005 979 1062 1037 ait:
1088 974 1150 1035 No·

187 1078 246 1118 uus
257 1058 321 1117 dies
335 1056 505 1119 Decembris
513 1080 524 1128 ,·
547 1061 618 1138 quic
631 1071 702 1121 tuuc
715 1058 878 1122 Genitrr‘er's
890 1060 947 1119 Dei
961 1060 1055 1125 uestri
1072 1058 1150 1121 Con·

186 1141 281 1217 ceptio
304 1140 498 1209 celebretur,⁴
519 1160 649 1216 quorum
674 1161 731 1201 non
754 1144 779 1202 is
801 1158 905 1202 sensus
927 1146 989 1207 est,
1015 1146 1048 1201 ut
1071 1139 1149 1199 banc

188 1222 239 1281 ille
261 1218 468 1280 Festivitatem
500 1227 570 1282 lunc
595 1225 788 1292 institueret,
818 1224 869 1286 sed
900 1227 933 1281 ut
954 1230 1088 1283 veterem
1118 1224 1151 1280 et

188 1302 287 1362 multo
310 1308 398 1360 antea
420 1304 584 1364 institutam
609 1306 750 1381 populus,
774 1304 1028 1379 quemadmodum
1051 1310 1149 1363 caete·

187 1401 239 1445 ras
261 1384 298 1441 de
316 1390 476 1461 praecepto
491 1384 684 1447 Festivitatcs
700 1388 830 1445 coleret:
855 1386 1007 1445 nonenim
1025 1402 1146 1455 novam,

188 1465 241 1525 sed
265 1470 414 1525 vetustam
439 1483 505 1525 esse
527 1467 604 1527 banc
627 1468 835 1527 celebritatem
858 1472 983 1527 testatur
999 1463 1148 1544 Georgius

185 1545 354 1623 Episcopus
368 1545 605 1609 Nicomediensis
628 1550 685 1608 sub
701 1550 835 1623 Imperio
850 1548 997 1607 lleraclii:
1020 1567 1058 1605 uo
1095 1564 1149 1604 uo-

185 1628 301 1688 uissime
323 1629 504 1687 institutum.
536 1629 663 1707 lnsuper
693 1631 904 1705 antiquitatem
935 1630 1027 1689 nostri
1060 1565 1148 1689 {esti

185 1712 265 1787 apud
277 1702 410 1770 Graecos
422 1710 577 1771 evidenter
596 1712 701 1786 probat
712 1712 862 1773 unanimis
874 1713 903 1769 in
916 1728 952 1770 eo
964 1710 1148 1771 celebrando

187 1809 351 1852 consensus
372 1793 507 1851 omniurn
531 1794 734 1853 Ecclesiarum
757 1791 971 1854 Orientalium.
996 1794 1148 1853 omnium·

185 1892 245 1951 que
267 1873 464 1941 Graecorum,
490 1882 549 1932 tam
566 1874 803 1939 Catbolicorum‘,
827 1892 918 1950 qrram
941 1874 1150 1933 schismatico-

186 1972 266 2022 rum,
289 1961 320 2013 et
342 1956 586 2022 baereticorum,
610 1957 660 2031 qui
685 1954 754 2013 licet
778 1957 807 2013 in
830 1956 948 2022 multis,
971 1954 1080 2015 Officia
1102 1954 1149 2015 di·

185 2038 252 2096 rina
276 2038 525 2097 concernentibus
547 2038 585 2097 ab
607 2038 737 2099 invicem
760 2036 924 2113 plurimum
948 2039 1147 2113 discrepent,

185 2119 215 2176 in
237 2118 295 2199 hoe
319 2123 419 2177 tamen
442 2119 626 2177 unanimiter
648 2136 752 2177 omnes
774 2120 968 2179 conveniunt.
994 2118 1024 2177 Si
1041 2119 1077 2177 ad
1092 2117 1147 2177 la·

185 2200 263 2259 tinos
285 2216 455 2259 sermonem
471 2206 640 2266 convertas,
665 2198 907 2275 §.ildephonsus
919 2198 1083 2259 Toletenus
1101 2216 1148 2259 re·

109 2312 119 2329 ·
183 2280 239 2343 bus
262 2280 291 2337 in
314 2278 495 2356 Episcopatu
518 2282 619 2358 gestis,
643 2282 799 2341 sanctitate
815 2287 847 2341 et
868 2282 985 2357 scriptis
1007 2281 1149 2341 celebra-

185 2362 344 2430 tissimus,
375 2364 486 2438 quique
507 2365 628 2422 saeculo
649 2360 707 2422 Vll
730 2364 806 2422 vixit
828 2362 955 2440 hujusce
978 2362 1150 2422 festivitatis

184 2450 289 2505 auctor
311 2441 404 2502 luisse
427 2447 558 2519 putatur.
583 2442 616 2502 ld
634 2462 705 2503 sane
728 2445 819 2504 tradit
840 2444 1028 2504 Tritbemius
1050 2445 1079 2502 in
1097 2442 1151 2501 Li·

182 2527 239 2587 bro
256 2524 291 2583 de
310 2521 513 2601 scriptoribus
529 2523 758 2591 Ecclesiasticis,
776 2544 849 2585 care
865 2544 937 2585 vcro
953 2532 1051 2600 putes,
1069 2524 1149 2585 haec

183 2606 393 2668 tantummodo
416 2605 617 2666 aTritlretnio
640 2606 732 2666 luisse
756 2609 875 2667 tradita.
900 2604 985 2665 Haec
1007 2624 1078 2667 sane
1096 2622 1149 2665 oc—

186 2694 316 2749 currunt
342 2688 372 2745 in
394 2688 630 2748 celebratissimo
652 2686 765 2764 Opere,
783 2690 863 2765 quod
886 2688 919 2748 P.
939 2688 1077 2750 Martene
1099 2688 1149 2747 vir

185 2769 451 2848 praeclarissimus
472 2769 507 2828 de
529 2770 663 2849 outipeis
685 2768 832 2830 Ecclesiae
863 2772 970 2830 ritibus
991 2770 1146 2839 inscribit,

183 2869 262 2929 quae
285 2852 336 2911 hic
351 2851 557 2910 describamus
571 2858 709 2925 oportet:
732 2851 775 2911 Vl
785 2850 853 2911 idos
868 2849 932 2911 Lib.
949 2851 993 2914 ll'
1008 2851 1085 2930 Cep.
1102 2850 1149 2911 30

182 2952 269 2993 uum.
297 2932 616 2994 remuttendi
641 2932 815 2993 Decembris
838 2934 1015 2993 celebremus
1037 2933 1148 2993 Imma·

183 3016 301 3075 celotes
320 3014 454 3089 Virpr'm's
478 3014 686 3093 conceptionis
707 3015 911 3093 festivitatem,
936 3017 1023 3094 cujus
1043 3016 1150 3092 prima

183 3096 335 3157 institutio
358 3095 390 3155 S.
408 3094 582 3172 ltdeptomo
597 3094 741 3175 Episcopo
764 3095 921 3173 reserenda
941 3096 1069 3157 ridetur.
1094 3094 1149 3157 Sa-

183 3177 264 3237 lazar
287 3177 322 3236 de
347 3177 541 3255 Correptionc
563 3174 601 3234 B.
633 3173 765 3255 Virpiuis
786 3176 858 3255 Cap.
883 3176 922 3237 35
945 3196 1028 3237 num.
1053 3176 1094 3239 53
1115 3183 1149 3238 et

183 3276 254 3319 cum
277 3258 463 3318 Bernardiuo
479 3256 571 3318 Busto
583 3258 660 3318 lacit
675 3267 829 3320 auctorem
847 3258 1061 3320 Gondisalrum
1078 3260 1148 3337 Epi·

184 3357 310 3418 scopum
333 3338 564 3409 Tholosenum,
589 3341 640 3415 qui
663 3340 752 3416 paulo
776 3348 842 3417 post
863 3340 1076 3416 ildephonsum
1101 3341 1149 3399 vi·

183 3423 228 3481 xit
249 3440 319 3481 anu.
337 3418 410 3482 800.
435 3420 495 3480 Alli
517 3420 1066 3503 porroFridericumdorrilcjsrnsem
1084 3421 1149 3481 An-

183 3503 307 3564 tistitem
330 3502 511 3579 ldelpbonso
533 3502 730 3567 substituunt,
755 3504 779 3563 is
800 3510 847 3564 est
869 3500 1026 3564 Pelbartus
1048 3522 1064 3563 a
1086 3502 1146 3562 Te·

182 3600 316 3646 metuar
336 3586 366 3645 in
381 3600 473 3661 opere
495 3585 545 3645 eui
567 3584 690 3646 titulusc
706 3584 885 3648 Stelloriem
899 3581 1112 3667 Lil.·1l⁷pert.
1128 3584 1152 3645 1
