2517 4059
420 180 627 255 ΜΗΘ·

72 306 163 369 ledicta
182 312 215 371 in
230 330 295 369 enen
316 320 452 389 conpecto
467 319 557 381 sunt‚·
579 320 606 371 et
628 311 761 393 qualiter
782 313 845 393 eins
868 310 1002 391 exemplo

71 390 117 467 ipsi
135 391 166 451 de
186 391 317 454 Ecclesia
341 392 381 451 ad
407 405 518 472 tempas
543 393 684 475 ejiciendi
708 402 804 459 sunt,
836 393 934 470 lagare
956 398 1003 455 ast

72 474 172 549 quidem
194 495 253 535 uon
275 475 364 535 modo
397 476 426 534 in
449 474 659 553 manuscriptis
682 476 745 537 lere
767 476 904 536 omnibus
926 477 1002 535 anti·

72 556 122 629 quis
136 558 406 633 recentioribusque
422 556 644 619 Pontificaiibns
661 557 769 627 Libris,
785 575 893 618 uerum
910 560 1002 619 etiarn

71 636 93 693 iu
110 638 263 715 Agathensi
285 639 418 708 Concilio
450 642 529 717 apud
552 640 788 709 Burchardum,
813 638 947 712 ivonem,
971 648 1002 701 et

70 714 248 789 Gratianum,
273 718 346 781 Can.
371 720 412 782 In
441 720 570 801 Capite,
593 720 792 782 Distinctione
820 722 1002 801 quinquepe-

69 800 137 863 sino.
158 803 311 876 Quantum
333 803 370 863 ad
386 805 528 864 orationis
543 802 688 871 studium,
711 805 904 880 corporisque
925 804 1000 865 aiiii-

70 886 229 956 ctationem,
255 888 364 964 piaque
394 888 478 945 varia
507 904 600 963 opera
621 902 638 943 a
663 883 887 973 Poenitentibus
916 904 1002 945 exer·
1047 932 1051 941 .

69 966 153 1034 canda,
177 971 335 1028 innumera
357 986 432 1045 pene
455 972 556 1028 extant
577 965 657 1045 apud
679 968 816 1043 antiquos
838 967 940 1027 Patres
962 974 1001 1029 te-

67 1048 204 1121 stimonia,
228 1049 428 1127 exemplaque
450 1050 575 1110 illustria
597 1048 677 1127 apud
699 1050 812 1127 priscos
839 1050 1002 1127 scriptores

67 1126 281 1194 Ecclesiasticos.
310 1128 414 1193 Oratio
444 1129 535 1209 hujus
557 1132 639 1198 diei,
666 1128 798 1195 Concede
826 1148 1001 1211 quaesumus

66 1218 132 1273 extat
150 1215 225 1291 apud
248 1212 448 1291 Microiogum
470 1210 542 1291 Cap.
559 1212 602 1273 lii
625 1231 680 1290 pro
701 1215 750 1273 dia
770 1210 932 1275 Cinaram:
949 1215 1001 1290 qui

67 1290 160 1355 diesin
181 1296 345 1373 quamdam
367 1295 435 1357 festi
458 1297 586 1371 speciem
611 1303 735 1356 evectus
757 1300 818 1366 est,
845 1302 877 1358 ut
897 1296 1001 1357 videre

66 1379 100 1433 est
118 1378 143 1437 in
154 1376 286 1438 Concilio
308 1376 513 1439 Suessionensi
535 1396 584 1437 an.
600 1374 663 1438 853
677 1378 714 1437 ad
737 1377 805 1446 hoo,
824 1384 858 1438 ut
872 1380 1002 1455 populus

68 1459 199 1521 matutinis
222 1459 338 1521 Officiis
361 1462 506 1521 interesse
529 1464 693 1520 teneretur.
724 1458 800 1521 Cum
823 1466 924 1521 autem
947 1462 1003 1520 sin·

67 1539 129 1613 gulis
150 1539 407 1619 Quadragosimae
430 1542 536 1601 diebus
559 1540 727 1602 habeantur
750 1540 912 1617 Evangelia
934 1560 1002 1620 pro·

68 1621 140 1694 pria,
162 1624 202 1685 ita
225 1626 320 1685 etiam
342 1624 465 1703 singuiis
487 1621 590 1683 diebus
612 1623 649 1682 ad
675 1621 878 1693 Benedictus,
913 1630 945 1685 et
964 1624 1002 1685 ad

69 1698 226 1785 Maqnificat
249 1706 401 1767 habentur
424 1704 614 1783 Antiphonae
638 1705 777 1782 propriae
800 1705 888 1764 abiis
908 1704 1004 1767 Euan·

66 1784 134 1857 geiiis
153 1789 339 1865 desumptae.
364 1788 396 1848 in
415 1788 551 1847 Adventu
573 1792 604 1846 et
626 1787 654 1844 in
670 1785 907 1862 Quadragesima
921 1786 1003 1866 Papa

30 1900 32 1911 ι
67 1882 111 1925 nou
130 1868 196 1930 dicit
218 1874 247 1931 in
271 1871 363 1932 Missa
390 1868 461 1930 Parc
482 1870 574 1937 uobis,
598 1867 651 1927 sed
674 1868 820 1928 mainus
840 1870 1000 1941 vobiscum,

66 1952 91 2006 ut
108 1956 182 2025 patet
202 1954 232 2011 in
257 1954 372 2012 cunctis
394 1949 557 2012 Ordinibus
579 1947 733 2009 Romanis.
767 1947 853 2008 Nunc
875 1950 1004 2027 genufle-

66 2029 138 2091 ctitur
166 2036 202 2094 ad
225 2033 384 2095 Horarum
408 2050 535 2109 preces,
569 2029 648 2105 quod
672 2031 745 2090 alias
767 2030 888 2109 singuiis
920 2031 1002 2094 ieriis

66 2106 157 2173 tiebat:
178 2120 289 2175 verum
307 2115 397 2175 hodie
418 2120 479 2175 tam
495 2111 692 2191 genuflexio,
717 2130 807 2190 qnam
829 2132 934 2191 preces
955 2133 1002 2177 re·

66 2202 189 2257 servatae.
203 2201 276 2257 sunt
298 2197 335 2257 ad
350 2197 413 2257 dies
434 2194 544 2274 jejunii
566 2195 644 2257 uude
667 2195 741 2256 istae
757 2212 862 2273 preces
881 2192 1003 2259 Oratio·

66 2288 104 2333 nes
121 2277 222 2356 [labiles
246 2283 318 2339 sunt
338 2279 517 2358 appellatae.

429 2436 556 2501 CAPUT
578 2438 618 2501 V.

313 2623 354 2666 nu
376 2620 529 2666 nourmcs
552 2621 740 2667 unumunurn.

96 2761 117 2823 i.
137 2766 291 2829 Dominioa
307 2763 479 2827 Palmarum
502 2767 628 2829 diversis
641 2766 679 2849 (1)
697 2768 867 2832 nominibus
888 2778 935 2833 est
949 2787 1000 2847 ap-

68 2842 172 2921 pellata,
194 2851 232 2911 ab
255 2846 406 2924 aliquibus
428 2846 574 2909 Hoeanna
594 2857 717 2929 proptor
738 2850 936 2912 multitudinis
958 2849 1004 2911 Ie·

68 2938 118 2985 tum
136 2928 285 2994 Christum
306 2928 550 3009 Hierosolymam
579 2932 739 2992 intrantem
761 2932 935 3009 excipientis
956 2948 1005 2991 ac·

69 3005 249 3083 clamationes,
275 3013 313 3073 ab
334 3011 400 3071 aiiis
422 3013 584 3073 Dominica
598 3012 820 3092 induiqentiae,
844 3018 877 3074 ut
898 3014 928 3073 in
942 3014 1004 3074 vita

95 3176 125 3239 (1)
140 3182 282 3245 Catalauo,
302 3180 461 3250 Pontificaia
478 3184 635 3234 Romanam
655 3184 861 3236 Commentariis
879 3183 1004 3237 iliustra-

71 3244 124 3306 tnm,
140 3250 200 3303 Pars
219 3250 296 3303 tertia
315 3250 418 3303 Titulus
437 3254 489 3315 lv:
510 3260 537 3303 ct
556 3252 754 3305 Caeremoniole
778 3254 891 3305 Sanctae
908 3256 1005 3304 Roma·

71 3315 257 3383 aeccclesiae,
277 3318 356 3371 Liber
375 3322 399 3371 ii
417 3323 501 3386 Caput
520 3322 660 3386 XXXViii‚
679 3326 721 3385 Li,
741 3331 768 3373 et
785 3327 847 3386 Lii;
867 3326 983 3375 Marcone
997 3361 1005 3386 ,
1020 3333 1031 3341 “

72 3373 94 3427 ie
103 3385 214 3454 antiquis
233 3386 431 3443 Monaohornin
449 3389 562 3455 Rite'bns,
583 3390 660 3442 Liber
672 3393 709 3443 111
727 3393 811 3458 Caput
824 3392 857 3442 13
875 3399 902 3443 et
913 3405 1007 3457 seqq.;

73 3444 170 3518 longer,
188 3456 379 3509 Institutiones
399 3458 570 3523 Catholicae,
591 3462 688 3510 Tomos
707 3463 731 3511 11
748 3460 828 3513 sectio
846 3466 939 3525 quarta
957 3462 1004 3513 Ga·

75 3524 110 3577 put
125 3524 164 3585 11;
181 3527 288 3589 barris,
309 3526 341 3577 de
361 3524 500 3578 Conore'iea
518 3528 666 3597 disciplina
690 3530 763 3580 circo
785 3529 1004 3594 Paenitentiam,

72 3580 137 3651 Caput
151 3594 228 3649 xxvi
238 3609 246 3658 3
265 3592 439 3660 Sirmondus,
460 3596 583 3651 Historia
601 3598 788 3650 Paenitentiac
803 3598 938 3667 publicae,
957 3598 1006 3652 Ga·
