2517 4059
509 214 732 289 asseman-

523 423 651 487 CbPUT
673 425 727 485 tlt.

296 604 338 647 DE
361 604 520 649 bladastis
544 606 588 649 SS.
613 606 740 650 etnim
762 608 803 650 ET
825 604 950 649 tissimi.

188 749 212 813 l.
230 748 363 827 Cprillus
375 747 670 829 Hierosolymitanns
686 754 715 811 in
731 753 792 811 suis
807 748 1019 812 Catecbesibus
1036 748 1107 826 plu-

147 850 196 891 res
218 831 342 892 exhibet
365 830 509 891 formulas
533 834 561 891 in
585 833 772 895 conterendis
793 832 962 909 Baptismi,
991 826 1105 889 Confir-

147 914 310 982 mationis,
334 919 364 971 ct
387 913 598 974 Eucharistiae
621 914 823 976 Sacramentis
846 931 898 974 sua
920 916 1020 973 aetate
1052 908 1103 968 ad·

147 994 260 1062 bibitis,
285 1000 347 1055 turn
372 996 518 1071 integram
541 996 667 1057 exbibet
689 1014 763 1073 pena
786 993 955 1073 Liturgiam
980 1012 1033 1070 pro
1051 990 1105 1051 Sa*-

147 1074 262 1137 crilicio
278 1074 403 1144 ditaris,
428 1078 606 1152 pracsertim
630 1079 747 1157 longam
764 1077 990 1154 praefationem,
1015 1090 1105 1150 quam

147 1157 297 1235 hymnum
322 1160 478 1234 appellat,
502 1160 666 1219 orationem
690 1160 907 1220 consecrationi
931 1158 1105 1236 praeviam,

147 1248 179 1298 et
195 1240 268 1299 alias
283 1242 433 1299 orationes
456 1244 522 1315 post
537 1242 792 1301 consecrationem
810 1259 864 1318 pro
880 1238 1030 1299 communi
1052 1236 1106 1297 br-

100 1384 105 1391 ,
148 1322 311 1380 clesiarum
334 1338 418 1397 pace,
444 1339 498 1397 pru
521 1325 739 1402 tranquillitate
762 1322 878 1390 mundi,
903 1339 956 1400 pro
973 1318 1105 1397 Regibus

147 1408 207 1461 etc.
224 1420 278 1478 pro
301 1402 459 1463 defunctis.

190 1482 229 1542 ll.
255 1482 382 1543 Sanctus
398 1483 524 1544 Basilius
537 1482 706 1563 Episcopus
720 1484 896 1555 Caesareae,
911 1482 1011 1543 adbuc
1032 1482 1106 1541 Pre-

150 1565 254 1645 sbyter
273 1566 304 1656 l¹¹
327 1583 414 1625 usum
439 1562 592 1627 Ecclesiae
615 1568 818 1629 Caesariensis
840 1566 1004 1642 Liturgiam
1035 1580 1107 1623 cun-

152 1648 283 1724 scripsit,
308 1665 397 1724 qrram
414 1644 631 1718 Nazianzenus,
650 1650 701 1726 qui
726 1649 819 1729 bujus
845 1649 887 1707 rei
912 1648 996 1707 nobis
1017 1644 1107 1704 fidam

149 1728 245 1796 facil,
269 1728 397 1788 Precum
424 1728 666 1805 descriptiones,
692 1738 721 1791 et
743 1728 871 1791 Sacrarii
895 1728 1110 1788 concinnitates

149 1817 248 1870 vocat.
273 1808 416 1886 Ejusdem
433 1811 536 1869 Basilii
558 1811 713 1888 liturgiae
734 1814 812 1870 intra
828 1811 983 1869 dimidium
1007 1810 1044 1868 ab
1059 1823 1110 1866 aa·

151 1895 212 1950 tate
235 1892 338 1951 Basilii
362 1891 516 1953 saeculum
542 1896 709 1953 meminere
732 1910 851 1970 qrroque
872 1889 981 1953 Petrus
1003 1889 1111 1948 iliaco-

151 1992 208 2033 nns
232 1972 275 2034 lle
299 1973 522 2033 incarnatione
537 1979 619 2035 inter
642 1974 721 2051 Opp.
746 1973 907 2052 Fulqcnlii,
931 1980 963 2031 et
984 1971 1110 2031 Procius

150 2052 495 2130 Constantinopolitauus
517 2056 554 2116 de
581 2054 755 2117 Traditionc
779 2057 909 2115 moines
935 2050 1110 2131 Liturpr'um

151 2138 202 2210 uui
226 2154 366 2212 expresse
390 2154 515 2209 precum
546 2138 695 2199 formulas
717 2140 745 2196 in
775 2155 811 2196 ea
837 2142 993 2195 contentas
1022 2133 1111 2210 signi·

150 2216 254 2275 licant.
279 2216 358 2276 Tum
383 2218 511 2278 Basilius
528 2221 591 2298 ipse
614 2220 752 2294 pluribus
775 2221 804 2277 in
827 2219 913 2287 locis,
946 2219 988 2277 uti
1012 2213 1108 2293 Epist.

150 2297 254 2359 LXlll
282 2305 313 2357 et
334 2295 455 2358 ccxli
488 2317 522 2358 ac
557 2300 686 2362 LXVlll
721 2302 932 2376 precationum
964 2296 1110 2357 formulas

151 2400 208 2460 pro
231 2381 369 2439 omnibus
392 2380 549 2441 bominum
572 2383 728 2443 ordinibus
752 2383 779 2442 in
795 2380 930 2441 Ecclesia
952 2377 1018 2442 fieri
1041 2378 1110 2438 soli·

153 2470 199 2523 tas
222 2461 342 2521 indicat.
369 2461 411 2520 Ac
434 2467 609 2527 earumdem
633 2467 725 2525 etiam
749 2464 899 2524 sectiones
923 2461 1038 2537 aliquot
1059 2478 1112 2519 ex-

152 2561 255 2622 presse
277 2544 426 2611 exbibet,
451 2561 485 2603 ac
508 2548 628 2607 tandem
663 2547 700 2607 dc
723 2545 845 2622 psalmis
868 2543 1038 2604 alternatim
1063 2558 1111 2601 ca·

153 2625 260 2684 nendis
283 2626 437 2701 loquitur,
463 2630 527 2686 tum
551 2634 582 2689 et
604 2630 640 2689 de
661 2628 783 2707 bymnis
806 2625 1011 2701 Athenogenis
1032 2621 1112 2683 aliis-

154 2724 215 2783 que
238 2708 387 2775 rantiois,
418 2726 495 2783 quae
517 2710 702 2788 jampridem
731 2710 758 2768 in
782 2709 873 2767 divini
907 2706 1006 2766 cultus
1029 2706 1112 2765 mini-

154 2788 248 2848 sterio
283 2791 348 2860 carri
379 2793 570 2852 consuevisse
593 2792 709 2853 scribit.
734 2790 861 2851 lacobus
888 2786 970 2847 Goar
991 2786 1113 2847 Ordinis

154 2867 400 2929 Praedicatorum
423 2872 470 2929 air
492 2874 620 2941 doctus,
645 2888 861 2947 sacrorumque
883 2868 1008 2929 ltituum
1032 2869 1113 2945 peri·

155 2951 287 3011 tissimus
303 2954 338 3037 jn
354 2950 537 3015 Graecorum
561 2953 749 3030 Eucbolugio
772 2971 840 3031 pag.
859 2950 919 3012 185
940 2969 977 3011 ex
993 2952 1114 3028 gemino

155 3031 227 3103 bne,
251 3051 341 3109 quern
365 3034 422 3093 sibi
437 3036 581 3097 Basilium
606 3039 635 3097 in
652 3036 765 3110 edenda
787 3033 923 3111 Liturgia
940 3030 1113 3109 praefixisse

155 3120 293 3173 asserunt
315 3111 438 3176 Procius
460 3123 492 3176 et
513 3117 627 3178 Auctor
644 3120 735 3183 vitae.
759 3118 909 3191 geminam
932 3131 1053 3190 quoque
1076 3114 1113 3174 ab

155 3197 221 3273 ipso
232 3195 359 3255 diversis
370 3199 559 3275 temporibus
570 3201 714 3276 scriptam
727 3200 820 3258 luisse
833 3192 1114 3274 suspicatur.Unam

154 3276 361 3355 proxiliorem,
386 3297 446 3355 quo
469 3280 581 3341 diutius
602 3282 666 3341 Deo
689 3286 822 3347 vacaret,
840 3278 966 3339 alteram
991 3277 1112 3338 brevio-

157 3377 236 3424 rem,
254 3376 291 3416 ne
313 3361 426 3435 pupulo
448 3366 478 3421 ct
500 3362 572 3435 ipsis
594 3366 688 3423 sacris
711 3361 855 3422 ministris
871 3360 1003 3421 taedium
1026 3363 1113 3437 parc·

159 3446 224 3501 ret:
248 3445 279 3499 et
300 3439 379 3499 banc
398 3447 481 3517 putat
504 3441 585 3504 Goar
596 3445 764 3523 posteritati
787 3442 941 3504 traditam,
965 3442 1115 3501 omnium·

159 3539 217 3597 que
234 3538 379 3580 consensu
396 3525 605 3600 approbatam.
629 3525 675 3586 bc
698 3524 841 3603 quicquid
863 3525 902 3584 sit
924 3523 960 3583 de
974 3523 1115 3595 baccon-

156 3602 294 3679 jectura‚
318 3604 391 3662 illud
415 3606 618 3694 certissimum
642 3615 688 3670 est
710 3608 859 3687 duplicem
883 3610 987 3667 extare
1015 3602 1117 3665 Basilii
