2517 4059
530 140 590 199 ur»)
613 127 754 197 3166111

166 251 344 313 Dioscorum
357 254 604 317 Alexandrinum.
615 257 681 318 Alia
695 257 788 319 Missa
804 261 948 317 nocturna
962 263 1029 317 acta
1044 259 1116 318 olim

167 336 262 394 estin
285 336 393 412 Vigitia
418 335 620 407 Pentecostes‚
644 343 674 400 in
697 342 760 414 ipsa
781 339 896 399 scilicet
917 345 1016 406 nocte,
1036 358 1116 417 quae
1180 360 1184 365 ·

165 416 288 477 lucescit
307 420 334 475 iu
352 420 517 484 ltominica,
536 427 568 481 ut
584 429 667 482 notat
682 421 844 481 Meuardus
866 421 903 479 ad
921 420 1043 482 librum
1060 422 1116 485 sa-

165 501 361 560 cramentarii
382 518 450 578 pag.
469 501 540 563 161.
557 501 680 567 Certum
695 510 740 565 est
761 504 852 564 etiam
876 508 965 563 noctu
987 504 1025 562 ad
1042 506 1113 567 Mis·

163 598 213 640 sas
233 583 407 642 convenisse
430 582 542 655 sidetes,
560 604 628 647 cum
653 590 849 665 tyrannorum
873 588 1041 662 persecutio
1063 604 1117 648 ve·

163 664 253 723 xabat
273 661 465 731 Ecclesiam,
494 666 530 727 de
553 686 610 744 qua
635 687 668 728 re
695 668 848 728 notissima
869 673 915 729 est
935 666 1113 728 Tertulliani

163 747 310 805 sententia
333 745 424 807 Libro
448 748 483 807 dc
508 750 582 828 supa
615 751 650 809 in
678 750 883 829 persecutione
905 749 977 826 Cap.
1003 748 1054 809 1t.
1083 748 1116 811 St

164 828 301 905 roltipere
317 829 452 889 interdiu
466 842 617 910 conpotes
633 833 718 893 111111
733 842 857 891 noctem.
873 830 1038 892 subscribit
1052 832 1117 894 Au·

163 911 302 985 gustiuus
324 908 456 988 Epistola
478 910 518 971 86
543 915 579 973 ad
602 913 795 976 Casulanum.
819 911 887 973 Huc
909 915 1000 973 etiam
1024 915 1116 989 perti-

164 996 235 1051 nent
249 999 352 1051 coetus
367 995 545 1061 antelucani,
558 998 681 1074 propter
692 1014 765 1074 quos
781 998 862 1055 natio
872 994 1112 1057 Christianorum
1166 1056 1175 1071 ,

164 1073 243 1150 apud
266 1072 424 1135 Minutinm
449 1077 597 1139 latebrosa
619 1086 650 1140 et
673 1078 802 1157 lucifuga
826 1078 993 1137 dicebatur.
1009 1076 1043 1138 lu
1065 1080 1114 1140 bis

60 1212 63 1219 ,
163 1162 265 1214 autem
288 1157 483 1218 conventibus
505 1158 769 1223 sacramentorum
798 1160 1028 1221 celebrationem
1053 1178 1112 1221 nou

162 1235 292 1296 deiuisse
317 1256 352 1298 ex
377 1241 511 1299 moribus
534 1242 613 1304 illius
635 1241 752 1303 Saeculi
777 1242 966 1303 manifestum
990 1248 1048 1302 est.

203 1314 257 1376 Vl.
282 1320 372 1379 Missa
397 1321 584 1401 Vespertino,
602 1321 1112 1398 111181νοὶ1111,(111111111011-
1173 1346 1180 1363 ·

161 1398 366 1476 dragesimalis
395 1403 472 1463 dicta
495 1410 561 1472 esi,
585 1408 744 1472 11111111,
769 1423 847 1483 quae
867 1404 924 1465 sub
946 1404 1114 1479 Vesperam

161 1480 381 1547 celebrabatur,
391 1486 530 1547 videlicet
545 1488 624 1549 circa
638 1490 788 1564 quintam,
804 1491 857 1548 aut
871 1493 988 1547 sextam
1004 1487 1114 1547 boram

160 1568 228 1639 post
250 1565 420 1635 meridiem,
438 1565 540 1630 fideles
554 1572 634 1631 cuim
650 1572 686 1630 ad
703 1570 868 1649 vesperam
892 1568 950 1629 hoc
962 1567 1113 1648 jejunium

161 1646 317 1707 solvebant
342 1650 443 1709 audito
465 1670 562 1711 sacro.
585 1653 668 1714 ldem
693 1655 767 1715 ritus
788 1652 968 1713 servabatur
989 1653 1061 1712 olim
1085 1652 1114 1711 iu

160 1725 270 1803 Vigilia
297 1727 467 1793 Natiuitatis
488 1733 632 1795 Domini,
657 1739 691 1794 ut
712 1755 749 1795 ex
771 1733 884 1795 Ordine
908 1734 1040 1817 anruuo
1062 1751 1115 1811 pa·

164 1810 224 1869 lam
247 1810 290 1872 fit.
309 1810 348 1870 Io
366 1814 476 1891 Vigilio
491 1817 597 1891 inquit,
614 1813 791 1877 Natiuitatis
806 1815 929 1877 Domini
942 1816 1020 1875 liora
1034 1834 1115 1875 nona

165 1902 279 1953 currunt
299 1890 423 1955 mnsam
448 1897 488 1956 ud
503 1897 533 1958 S.
558 1896 702 1962 Mariam,
717 1917 776 1977 quo
798 1899 914 1976 expleto
935 1909 1048 1957 canunt
1067 1916 1116 1957 oc-

160 1976 353 2053 spertioolem
375 1980 540 2055 synopsim,
565 1979 669 2039 debinc
689 1981 804 2040 cadunt
825 1978 865 2039 od
887 1980 994 2039 cibum.
1018 1978 1113 2040 Pauli-

159 2074 215 2115 uus
238 2074 356 2133 quoque
384 2058 479 2121 Natali
502 2062 560 2123 Vll
586 2060 617 2121 S.
643 2059 748 2122 Felicis
779 2060 921 2123 eumdem
956 2064 1047 2121 ritum
1069 2062 1113 2120 ri-

159 2138 258 2213 guisse
280 2140 360 2199 canit
386 2140 416 2199 iu
438 2144 529 2218 ipsius
551 2141 721 2221 Pervigilio.
745 2141 829 2203 Unde
849 2142 998 2219 colligitur
1020 2144 1113 2204 etiam

159 2224 244 2278 extra
258 2218 525 2300 Quadragesimam
541 2225 665 2286 dilatum
681 2227 857 2302 quandoque
873 2224 997 2285 Sacrum
1016 2242 1119 2301 usque.

158 2299 194 2359 ad
218 2319 386 2379 vesperam.
405 2305 436 2366 ln
453 2307 560 2367 celebri
577 2307 812 2385 Sandionysiauo
830 2307 955 2384 Templo
977 2324 1047 2366 cum
1063 2324 1114 2365 so·

157 2384 272 2443 lemnes
293 2382 410 2462 Regum
433 2389 661 2451 celebrabantur
683 2387 846 2467 Exequiae‚
871 2386 1036 2466 Episcopus
1061 2405 1111 2448 ce-

157 2464 292 2534 lebrans,
316 2470 430 2529 nonnisi
452 2488 577 2549 vespere
598 2470 787 2533 Sacrificium
809 2470 994 2533 absolvebat.
1020 2468 1112 2529 Missa

159 2546 194 2605 rie
217 2546 300 2609 Gotti
322 2554 410 2612 cantu
431 2558 478 2613 cst
498 2554 625 2619 eadem,
650 2572 729 2630 quae
750 2555 787 2617 de
809 2553 929 2613 Aurora
953 2551 1041 2611 hodie
1064 2552 1109 2609 di·

158 2629 257 2689 citur:
281 2630 318 2690 de
342 2632 399 2693 hac
421 2653 589 2696 sermonem
612 2635 704 2696 babet
724 2634 888 2696 Gauiridus
903 2633 1056 2693 Vosieusis
1079 2634 1108 2693 iu

95 2718 99 2727 ’
157 2709 305 2771 Chronico
334 2720 410 2788 part,
437 2717 452 2774 1
482 2733 548 2793 cap.
572 2716 721 2776 171111.
745 2718 783 2779 21
809 2715 1009 2777 Bibliothecae
1032 2713 1108 2775 Lab·

156 2791 280 2854 beaune.
305 2794 395 2857 Missa
419 2794 570 2859 Scrutioii
601 2804 669 2859 erat
700 2798 774 2867 illa,
797 2815 874 2876 quac
906 2798 933 2858 in
956 2796 1045 2858 Feria
1065 2794 1109 2856 lV

156 2872 362 2937 Hebdomadis
384 2884 507 2954 quartae
528 2878 803 2958 Quadragesimalis
823 2880 1049 2948 celebrabatur,
1080 2883 1111 2939 et
1142 2917 1155 2944 ,

157 2974 233 3033 quae
254 2958 291 3018 ad
314 2957 553 3023 Catacbumenos
574 2963 689 3024 directa
713 2963 951 3040 intelligebatur;
975 2979 1044 3023 uam
1066 2961 1111 3021 in·

155 3040 294 3116 cipiendo.
318 3041 355 3100 ab
379 3043 500 3104 introitu
522 3045 560 3109 de
582 3044 640 3105 iilis
661 3050 707 3106 est
728 3063 856 3116 sermo,
879 3044 908 3103 in
932 3042 987 3103 illis
1008 3044 1111 3103 verbis

158 3120 234 3182 Cum
254 3122 457 3202 sanctificatus
475 3126 561 3203 sucro
581 3128 616 3185 io
630 3129 708 3188 cobis
730 3126 884 3207 effundam
904 3143 994 3203 anper
1013 3142 1063 3185 eos
1076 3142 1110 3183 u·

155 3222 247 3281 quam
268 3203 413 3265 mnodum
437 3207 466 3265 iu
489 3224 525 3269 eo
549 3209 661 3285 pariter
681 3227 771 3271 seusu
790 3209 898 3285 iegitur
914 3204 1059 3282 Epistola,
1074 3224 1112 3267 ac

153 3286 263 3349 clarius
284 3284 479 3363 Euangelium
503 3291 531 3348 in
554 3306 613 3366 quo
636 3292 765 3353 babetur
786 3292 869 3352 coeci
892 3291 952 3349 nati
976 3289 1108 3352 miracu·

153 3368 228 3434 lum,
251 3370 280 3427 iu
302 3366 455 3431 Natatoria
477 3369 555 3431 Siloe
577 3372 676 3434 risum
699 3373 896 3450 recipientis3
920 3371 999 3446 quod
1021 3368 1109 3449 Sym

153 3449 256 3509 bolum
284 3468 390 3510 revera
412 3450 628 3515 Cateclrumeui
660 3460 731 3525 est,
755 3456 806 3534 qui
827 3453 984 3532 spirituale
1004 3452 1109 3516 tumen

153 3531 182 3587 in
204 3528 293 3591 Sacro
314 3532 506 3609 Baptismatis
527 3534 609 3597 tonte
632 3537 751 3614 recipit,
768 3543 801 3599 ut
823 3537 852 3597 in
874 3532 1007 3596 Humilia
1028 3531 1107 3610 ejus·
