2517 4059
587 176 793 250 ¹558&

212 306 344 386 plenam,
368 304 438 366 lesu
460 304 575 368 Christi
597 309 724 369 sitientis
745 308 792 367 ori
814 306 949 368 admovit
969 323 1046 367 unus
1068 299 1104 364 cn
1118 301 1161 363 ad·

212 388 371 449 stantibus.

258 468 347 529 xlv.
365 469 551 546 Redemptor
567 474 667 529 noster
675 469 820 532 Dominus
834 472 918 533 lesus
929 475 1089 545 antequam
1101 482 1163 542 sup

214 550 336 629 plicium
359 547 465 611 Crucis
487 550 568 611 ultro
583 552 693 619 adiret,
718 554 748 612 in
769 554 877 615 ultima
899 550 996 613 Coena
1014 546 1164 627 Apostolo-

213 650 282 693 rom
305 633 396 709 pedes
419 649 496 707 aqua
512 650 710 711 perpurgans,
734 636 832 711 prima
854 634 931 695 sacri
950 634 1037 692 istius
1059 626 1164 689 lavacri

214 711 408 789 iupdamenla
430 714 516 792 jecit,
540 732 595 773 suo
610 715 750 792 exemplo
774 718 973 778 instructurus
987 712 1161 777 Ecclesiam,

214 801 248 855 ut
275 794 304 854 in
333 796 414 872 paria
439 794 617 856 humilitatis
650 803 681 857 et
702 798 857 859 charitatis
882 797 980 858 officia
1002 793 1106 856 sedulo
1125 792 1165 849 in·

213 877 383 946 cumberet3
405 875 593 953 Exemplum,
612 878 719 954 inquit,
745 878 815 939 dedi
829 881 916 945 nobis,
933 887 968 937 nt
984 872 1165 956 quemadmo-

215 956 287 1017 dum
304 978 355 1037 epo
377 957 437 1039 feei
451 959 537 1025 uobis,
560 959 604 1017 ita
621 969 647 1018 et
660 978 708 1019 eos
722 960 854 1037 faciatis.
878 959 961 1020 Istud
985 958 1098 1019 lavacri
1120 968 1165 1029 ge·

215 1058 281 1109 nus,
305 1042 386 1117 qrrod
409 1040 465 1098 lrac
487 1039 535 1101 die
558 1042 697 1115 proponit
718 1040 864 1110 Ecclesia,
888 1040 989 1102 lesum
1013 1039 1165 1101 Christum

213 1123 336 1197 agnovit
364 1126 541 1191 auctorem,
573 1118 660 1197 cujus
688 1123 827 1201 exemplo
861 1123 1038 1183 instruimur
1068 1118 1167 1179 mutua

215 1200 290 1263 haec
306 1204 426 1279 pietatis
441 1220 531 1279 opera
546 1220 599 1261 nos
615 1220 687 1279 erga
701 1202 810 1264 iratres
825 1211 943 1264 nostros
958 1203 1068 1279 exequi
1081 1211 1163 1277 opor·

214 1287 298 1349 lere;
321 1284 399 1344 sicut
414 1284 567 1359 praeclare
582 1284 735 1345 adnotavit
750 1284 900 1345 Arnoldus
911 1284 1102 1345 Carnotensis
1112 1276 1166 1339 Ab·
1230 1285 1231 1292 ’

214 1360 266 1425 bas
288 1364 475 1425 Bonaevallis
497 1368 526 1424 in
548 1363 639 1424 Libro
666 1366 702 1425 de
722 1369 859 1427 unctione
887 1365 1068 1428 cirismatis
1093 1364 1165 1421 inter

213 1456 305 1523 opera
327 1444 357 1507 S.
374 1445 538 1525 Cypriani:
564 1444 669 1515 Hodie,
694 1447 800 1523 inquit,
826 1447 967 1511 Christos
984 1447 1074 1527 pedes
1095 1440 1165 1503 tacit

213 1524 365 1611 Apostotia,
390 1537 418 1589 et
433 1529 485 1586 boa
500 1529 623 1589 solemni
649 1528 803 1588 devotione
829 1529 1059 1606 omnitempore
1083 1520 1167 1586 insti·
1233 1525 1234 1570 t

214 1609 282 1669 tait.
306 1606 392 1670 Ritus
413 1627 485 1669 saue
507 1611 642 1670 omnium
666 1611 926 1670 commendatione
948 1610 1058 1686 dignus
1079 1619 1167 1685 quem
1234 1627 1235 1672 t

215 1693 342 1749 summis
366 1691 503 1751 laudibus
526 1691 675 1752 extollunt
695 1690 796 1752 Sancti
819 1690 946 1759 Patres,
970 1690 1165 1765 Augustinus
1235 1721 1237 1732 v

218 1768 317 1832 Tract.
342 1772 382 1833 55
404 1778 436 1831 et
457 1772 497 1833 56
520 1790 611 1848 super
634 1772 799 1842 Ioannem,
822 1774 1000 1843 Ambrosias,
1024 1769 1115 1831 Libro
1138 1763 1169 1823 dt

215 1851 382 1915 initiandis
403 1852 476 1931 Cap.
500 1853 542 1922 63
566 1854 758 1923 Bernardus,
786 1856 821 1912 in
848 1851 991 1912 Sermone
1013 1853 1047 1911 de
1075 1851 1170 1915 Coena
1236 1885 1237 1892 κ

209 1934 339 1996 Domini
351 1955 362 2004 ,·
384 1936 548 2006 Arnoldus,
573 1934 714 1996 Sermone
737 1934 773 1994 de
788 1936 939 1995 ablutione
956 1935 1090 2017 pedam,·
1112 1928 1169 1990 Eli·

215 2015 292 2092 gius·
307 2014 518 2076 Noviomensis
545 2014 737 2095 Episcopus,
760 2016 899 2079 Sermone
919 2014 961 2085 8;
997 2022 1027 2077 et
1053 2014 1118 2075 iere
1140 2027 1169 2070 c
1238 2091 1239 2094 Ἴ

213 2112 299 2157 mnes
321 2098 370 2156 alii
393 2098 507 2159 Patres.
524 2096 614 2159 Hunc
630 2116 746 2159 morem
769 2098 930 2157 Zacharias
952 2096 1089 2158 Pontifex
1101 2090 1169 2173 Epi·

213 2180 286 2239 stota
310 2176 351 2235 od
373 2178 565 2259 contrariom
586 2185 675 2240 vocat
699 2180 872 2241 Catholicae
895 2177 1067 2240 traditionis
1084 2192 1167 2253 reon·

213 2256 286 2318 iam.
310 2256 505 2339 Caeremonia
527 2262 584 2319 ista
606 2258 786 2323 Mandatum
808 2259 996 2338 appellatur,
1019 2261 1091 2337 quia
1113 2255 1166 2331 pri-

212 2356 262 2401 ma
284 2340 475 2417 Antiphone,
499 2358 577 2417 quae
600 2343 629 2401 in
652 2360 689 2403 ea
710 2346 860 2409 cantatur,
884 2341 987 2419 incipit
1007 2359 1063 2420 per
1086 2336 1167 2401 Man·

213 2419 329 2483 datum.
354 2424 398 2484 De
414 2427 497 2485 certo
520 2422 738 2484 abluendorum
762 2440 900 2493 numero,
919 2422 1006 2483 'nulla
1027 2423 1105 2500 apud
1123 2434 1167 2478 rc·

212 2508 292 2564 teres
315 2506 446 2565 occurrit
468 2505 591 2563 mentio.
621 2502 709 2566 quta
731 2506 830 2564 varias
853 2506 990 2566 locorum
1010 2503 1170 2564 consuetu·

212 2584 297 2645 dines
317 2587 401 2645 varia
424 2582 522 2647 extitit
543 2582 696 2646 Ecclesiae
718 2586 884 2664 disciplina.
909 2583 942 2644 ln
965 2586 1029 2663 ipsa
1050 2596 1169 2661 quoque

211 2663 348 2727 Romana
365 2666 499 2729 Ecclesia
520 2673 620 2727 certus
636 2666 856 2728 abluendorum
879 2684 1025 2728 numerus
1042 2663 1169 2743 antiquis

213 2750 402 2824 temporibus
424 2764 612 2825 nequaquam
635 2748 782 2810 elucebat.
812 2748 924 2809 Saltem
948 2749 1054 2807 nullibi
1077 2759 1169 2826 penes

162 2904 164 2911 Ι
212 2833 333 2891 veteres
355 2831 479 2893 Codices
512 2828 662 2891 ltomanos
684 2849 843 2909 expressus
870 2837 926 2891 est.
961 2828 995 2889 ln
1017 2826 1169 2907 Hispaniis

212 2913 328 2993 pariter
351 2914 451 2973 nullus
473 2912 545 2972 olim
568 2914 772 2990 praescriptus
794 2916 860 2973 erat
882 2929 1050 2972 numerus:
1074 2924 1169 2986 neque

212 2994 292 3054 enim
315 2994 400 3054 istius
424 2996 627 3057 meminerunt
648 2993 814 3056 Concilium
829 2991 1009 3054 Toletanum
1025 2990 1117 3053 xvll
1139 2989 1170 3049 et

196 3072 344 3150 ‚isidorus
372 3074 578 3153 Hispalensis,
605 3077 659 3137 sed
682 3074 850 3153 generatim
878 3081 995 3135 mutum
1021 3076 1049 3132 in
1071 3070 1169 3134 Coena

210 3155 331 3217 Domini
347 3158 508 3233 expiandos
530 3174 596 3217 esse
616 3158 654 3217 ab
669 3154 825 3234 Episcopis
847 3159 879 3216 et
900 3155 1112 3217 Sacerdotibus
1133 3150 1167 3213 fi·

186 3294 188 3299 .
211 3237 323 3298 delium
346 3238 438 3314 pedes
453 3239 636 3301 decernunt·
654 3238 795 3301 Ceterum
818 3236 844 3297 si
865 3238 901 3296 ad
924 3239 1104 3317 posteriores
1118 3236 1170 3297 de·

212 3319 388 3383 scandamus
404 3324 526 3389 aetates,
548 3336 602 3383 cae
617 3320 768 3381 interdum
782 3318 898 3380 Romae
914 3337 932 3379 a
945 3319 1078 3381 Summis
1093 3317 1168 3379 Pon·

213 3400 345 3461 tificibus
368 3402 584 3465 duodenarium
613 3418 776 3462 numerum
808 3400 901 3463 tuisse
924 3409 1079 3464 servatum
1111 3415 1169 3460 non

214 3484 341 3544 olrscure
365 3484 581 3545 demonstrant.
607 3481 758 3545 Eumdem
775 3501 936 3545 numerum
952 3484 1168 3545 duodenarium

211 3558 420 3644 priescribunt
430 3565 668 3629 Consuetudines
680 3564 858 3627 S.Germani
867 3565 1051 3636 Parisieosis,
1063 3564 1168 3627 §.uio-
