2517 4059
440 157 665 228 emissus·

94 285 278 363 sequentiae,
306 304 382 361 ques
403 286 432 345 in
455 288 571 365 signum
596 289 725 349 laetitiae
746 294 814 349 ante
837 289 1035 365 Evangelium·

93 369 236 428 decantare
258 386 329 428 usus
349 369 488 437 obtinuit,
506 376 567 430 toto
583 370 737 431 Adventus
754 376 887 446 tempore
906 372 1031 431 reticen-

93 448 290 521 tur.·Quidom
313 450 403 508 etiam
428 450 506 509 baud
528 470 615 512 secus
636 470 671 511 ae
696 453 723 509 in
746 452 980 529 Quadragesima
1004 449 1032 510 l-

92 533 210 609 msgines
230 538 262 590 et
281 548 385 606 capsas
406 533 557 593 velabant.
582 533 607 591 A
631 534 769 593 Iliaconis
792 552 864 592 vero
887 533 1032 593 Italmati·

21 655 22 688 3
91 629 144 681 ese,
166 619 195 672 et
217 611 411 673 subdiaconis
433 612 606 675 Tunioellae
627 616 829 691 deponuntur,
848 634 922 690 qrras
938 617 1030 675 etiam

21 735 22 778 t
91 712 139 753 non
158 695 250 753 semel
273 701 397 755 exuunt.
422 695 665 770 Sapientissimus
687 694 853 755 Cardinalis
869 697 948 756 Bona
975 694 1033 755 ue-

90 794 148 834 rsm
172 773 397 853 Lllurpiearum
419 773 483 837 Lib.
507 778 526 837 1
548 776 620 853 Cap.
651 778 691 837 Ab
721 794 803 837 num.
830 776 869 835 19
902 776 1031 854 hujusce

21 926 22 953 1
89 853 164 917 Ritus
186 858 302 917 initium
325 857 407 917 nulla
429 856 580 935 diligentia
596 877 628 917 se
646 860 778 917 inveniro
796 861 927 935 potuisse
945 865 1033 919 testa-

90 943 139 998 tur.
161 938 216 999 Sed
240 938 319 1014 qrrod
343 940 379 997 ad
403 956 467 999 rem
492 947 623 999 nostram
649 942 787 1016 pertinet,
812 959 905 1016 quum
923 940 1032 1019 Sacrae

90 1017 200 1083 Vestes,
226 1021 611 1098 laetitiampraeselerant.
638 1028 671 1080 ut
695 1040 731 1081 ex
747 1020 868 1080 Canone
896 1021 930 1080 de
952 1020 1033 1102 leju-

89 1102 131 1159 nio
150 1103 224 1164 uisi.
248 1100 291 1160 ’16
312 1104 394 1162 clare
415 1103 675 1179 deprehenditur:
701 1104 831 1163 Etruros
849 1113 972 1180 propter
986 1120 1033 1160 so·

89 1181 259 1243 tenuitatem
280 1183 385 1243 Sancti
406 1184 538 1265 Spiritus
553 1183 685 1244 Diocoui
703 1185 877 1245 Dalmaticis
892 1194 1031 1244 utentur.

88 1260 174 1334 Quum
196 1268 287 1324 etiam
299 1266 456 1326 Adventus
479 1273 613 1341 tempora
633 1284 800 1326 moerorem
824 1266 962 1330 atterant,
982 1267 1033 1323 mi·

88 1347 199 1405 randum
223 1364 281 1405 non
304 1355 364 1410 est,
386 1348 413 1405 si
435 1348 601 1412 Diaconus‚
625 1364 659 1407 ao
683 1348 885 1407 subdiaconus
909 1346 1030 1407 Dalma-

88 1427 158 1491 tieas,
180 1432 211 1487 et
231 1427 403 1487 Tuoieelias
426 1434 545 1504 ponant,
570 1434 601 1488 et
621 1430 752 1489 casulam
777 1430 917 1497 indicant,
941 1446 1031 1505 quam

88 1514 145 1566 ente
165 1515 270 1585 peetus
293 1507 501 1584 complicatam
524 1517 644 1587 gerunt,
661 1528 789 1587 eamque
804 1510 859 1569 sibi
875 1512 966 1571 etiam
983 1512 1034 1571 de-

89 1590 216 1660 trabunt,
252 1609 346 1665 quum
370 1589 588 1669 Evangelium,
622 1597 675 1651 aut
696 1592 859 1668 Epistulam
885 1594 1032 1659 recitante

21 1743 22 1752 ἵ
89 1688 182 1747 nempe
202 1678 237 1731 ut
258 1671 426 1748 significent
449 1680 518 1733 tune
541 1674 685 1748 temporis
702 1676 815 1733 ratione
839 1674 972 1731 muneris
994 1673 1032 1732 ad

89 1752 155 1827 ipsos
175 1756 310 1813 casulam
332 1755 456 1813 minime
479 1755 638 1831 pertinere,
663 1754 713 1812 sed
736 1773 753 1813 a
776 1754 961 1831 Presbysero
982 1772 1033 1813 ve·

88 1830 125 1891 lut
141 1836 360 1895 commodatam
382 1838 528 1913 accipere.
553 1834 598 1895 lta
620 1836 752 1895 sentiunt
768 1833 912 1908 Quartus,
930 1841 960 1895 et
974 1836 1035 1896 Ga·

21 1955 22 1964 ,
88 1916 191 1977 vs'ntus.

120 1994 169 2057 ΙΙΙ.
193 1998 293 2060 Vetus
325 2018 391 2059 mos
412 1998 470 2059 fuit
491 1998 648 2058 Adventus
676 2002 812 2073 tempore
835 1998 1031 2057 concionandi

89 2080 113 2135 et
129 2097 217 2156 usque
240 2082 279 2139 ad
296 2082 374 2140 hane
389 2081 467 2139 diem
483 2085 632 2139 servatur.
646 2077 803 2140 Habemus
817 2081 895 2157 apud
913 2079 943 2139 S.
963 2078 1034 2139 Ber·

88 2160 222 2230 nardum,
246 2167 338 2238 atque
359 2162 482 2222 lvonem
504 2159 719 2221 Carnutensem
736 2160 895 2222 Sermones
919 2160 953 2219 de
970 2160 1032 2219 Ad-

88 2242 442 2305 eorrumpereuomae
464 2242 620 2311 Adventus
649 2260 666 2301 a
688 2242 790 2319 quinta
819 2245 948 2319 primum
975 2242 1033 2301 lto·

21 2385 22 2395 ἵ
87 2321 183 2382 mioiea
204 2332 286 2396 ante,
299 2325 406 2386 Natale
428 2325 614 2400 incipiebat,
641 2324 791 2400 quomodo
817 2332 848 2384 et
881 2324 908 2383 in
931 2323 1032 2386 Sacru-

21 2418 22 2440 ÷
87 2407 221 2467 mentatio
252 2406 284 2467 S.
309 2408 471 2485 Gregorii,
495 2411 585 2482 alque
609 2406 638 2463 in
662 2406 814 2466 veteribus
836 2405 1032 2466 Lectionariis

21 2537 22 2546 ,
88 2483 244 2550 adnotatum
270 2493 327 2556 est,
345 2488 426 2565 quod
448 2487 663 2547 etAmolarius
675 2491 772 2547 aetate
788 2505 840 2546 sua
855 2485 916 2564 jam
933 2487 1034 2546 obser·

21 2627 22 2632 *
87 2570 242 2630 vaverat.ln
255 2568 365 2641 Gellia,
379 2570 510 2645 atquein
526 2566 671 2647 Hispania
688 2569 843 2628 Adventus
857 2587 908 2628 sex
925 2568 1035 2629 hebdo-

21 2653 22 2656 ’
87 2649 343 2722 medeshabeba13
368 2652 467 2728 prima
488 2654 565 2717 erat,
589 2667 668 2726 quae
690 2650 790 2709 statim
814 2657 881 2725 post
902 2650 932 2713 S.
951 2650 1032 2709 Mar·

88 2728 133 2787 tini
151 2729 273 2793 Festum
290 2733 483 2809 sequebatur.
502 2730 664 2807 Postquam
681 2729 836 2790 Adventus
851 2732 887 2789 ad
904 2737 1034 2807 quatuor
1117 2762 1122 2770 ·

87 2803 243 2873 Dominicas
261 2815 399 2875 redactus
414 2819 470 2881 est,
485 2830 537 2872 eas
552 2811 729 2871 numerandi
747 2812 823 2869 ratio
840 2816 953 2871 mutata
967 2812 1032 2878 luit,

87 2898 164 2969 atque
185 2896 246 2965 iila,
271 2913 349 2973 qliae
371 2901 477 2972 quarta
499 2899 569 2954 ante
583 2893 685 2953 Natale
702 2891 918 2967 appellabatur,
935 2892 1034 2969 primu

21 2987 22 3024 t
87 2968 228 3037 Dominica
251 2978 404 3037 Adventus
426 2982 531 3037 vocata
554 2975 620 3044 luit,
638 2981 669 3035 et
685 2974 770 3033 tertia
785 2979 853 3032 ante
869 2970 974 3033 Natele
989 2989 1035 3031 se-

89 3058 172 3117 cunda
194 3060 354 3119 Adventus
375 3059 467 3125 dieta,
483 3065 576 3133 atque
593 3059 631 3116 ita
648 3056 685 3115 do
701 3055 838 3115 caeteris.
858 3054 954 3113 Berno
971 3053 1035 3113 Au-

89 3135 194 3208 giensis,
218 3143 270 3217 qui
294 3139 422 3202 Saeculo
444 3139 605 3200 undecimo
628 3138 760 3205 vivebat,
777 3135 849 3213 Cap.
866 3136 894 3194 V
910 3135 944 3194 de
960 3132 1036 3195 Mis·

89 3233 124 3284 δᾶ,
142 3221 301 3283 Adventus
317 3221 470 3291 meminit,
489 3222 532 3281 uti
549 3228 680 3298 quatuor
697 3217 863 3279 Dominicas
879 3220 949 3276 istas
965 3232 1033 3275 eurn

89 3300 140 3358 suis
160 3303 355 3365 hebdomadis
370 3303 560 3363 continentis.
577 3300 610 3362 ln
627 3301 809 3362 Collectione
825 3300 954 3375 quadam
971 3296 1035 3358 Ho-

89 3380 236 3451 miliarum.
250 3404 328 3461 quae
343 3383 445 3443 Bedae
460 3384 787 3479 tribuurrtug,qrratuor
802 3386 917 3442 tantum
935 3381 1035 3439 Evan-

90 3462 154 3532 gelia
176 3466 332 3529 Adventus
361 3471 498 3543 tempore
525 3472 730 3541 reperiuntur.
755 3460 854 3523 Hodie
879 3463 1035 3522 Adventus

90 3537 214 3609 Officium
237 3548 370 3611 Sabbalo
397 3547 500 3625 insipit
522 3551 640 3607 tantum
663 3565 681 3605 a
704 3544 854 3623 Capitulo,
872 3550 901 3603 et
925 3562 981 3603 non
997 3544 1035 3603 ab
