2517 4059
465 183 673 254 with&

98 312 166 369 ctae·
179 304 306 369 Crucis.
340 309 466 371 dicendo
488 316 603 389 septem
635 310 770 371 Psatmos
802 305 1048 371 Paenitentiaies.

99 389 327 451 Pracctarissimi
349 408 421 451 roro
436 401 504 454 sunt
526 395 614 459 ritus,
638 409 714 469 quos
736 394 764 451 in
786 396 953 452 memorata
975 386 1049 450 Pro·
1108 403 1112 413 “

98 472 225 531 cessione
248 478 383 533 servatos
399 480 537 537 recenset
556 474 710 535 Romanus
730 471 814 533 Ordo
828 470 901 541 xli,
924 476 1049 533 auctore

99 550 211 619 Ccocio,
235 551 309 630 Cap.
336 553 423 615 xiii.
780 574 784 581 ·

83 688 91 707 ,
136 632 172 693 ΙΙ.
196 632 313 695 Omnes
337 634 515 699 Divinarum
537 635 716 697 Oittciorum
737 634 904 713 Scriptores
926 635 1048 697 eosdem

100 712 249 791 designaut
263 718 351 787 ritus,
376 720 426 795 qui
443 719 534 779 hodie
556 724 626 780 sunt
647 720 676 777 iu
693 737 760 779 usu.
783 716 859 779 Cum
875 718 976 793 itaque
994 715 1050 777 Pa·

100 812 231 857 rasceses
252 798 318 859 dics
340 799 378 860 sit
393 799 492 862 luctus
515 806 605 876 atque
622 801 771 869 tristitiae,
788 805 869 861 recte
884 798 1049 860 admodum

101 895 134 937 cn
153 877 374 943 Caeremoniali
399 878 617 959 Episcoporunr
641 890 764 941 cautum
787 887 850 949 cst,
875 886 908 954 ut
931 881 1047 954 ditare,

99 957 185 1021 Sedes
205 956 360 1039 Episcopi,
384 961 494 1023 Sediiia
516 962 748 1028 Canoui'corum,
773 979 806 1021 ac
830 967 892 1023 iota
913 958 1050 1023 Tribuna

99 1041 151 1099 sini
166 1044 286 1119 penitus
301 1042 460 1113 denudata,
485 1044 521 1103 ad
539 1045 728 1105 indicandum
745 1045 859 1103 scilicet
873 1044 988 1104 iuctum
1010 1059 1050 1103 ex

99 1128 188 1183 morte
212 1123 429 1201 Redemptoris.
453 1125 544 1187 nostri
568 1124 635 1187 iesu
656 1125 793 1195 Christi,
827 1126 878 1202 qui
902 1124 931 1182 iu
953 1122 1050 1184 Cruce

98 1202 263 1266 denudatus
279 1205 345 1265 suit.
371 1204 424 1268 Est
444 1208 565 1283 quidem
581 1210 719 1283 antiquus
735 1208 885 1268 Romanae
896 1202 1050 1267 Ecclesiae

99 1285 178 1353 ritus,
202 1286 291 1363 nigro
306 1287 407 1347 colore
430 1291 472 1349 uti
486 1288 574 1349 Feria
595 1288 687 1349 Sexta
709 1289 739 1349 in
763 1286 938 1354 Parasceve,
962 1288 991 1345 in
1006 1286 1046 1346 si·

98 1384 183 1443 gnum
206 1366 323 1428 scilicet
349 1368 449 1429 luctus
480 1388 516 1431 ex
540 1377 636 1430 morte
659 1368 790 1430 Domini.
823 1371 863 1430 ht
884 1386 957 1428 sero
980 1368 1052 1427 ticet

99 1464 131 1507 ex
151 1451 256 1509 multis
278 1447 445 1510 Ordinariis
467 1457 581 1512 coristet
609 1470 682 1511 usus
704 1452 780 1529 nigri
802 1450 911 1511 coloris
944 1451 972 1509 in
996 1445 1068 1508 Pa·'

38 1539 42 1551 ’
100 1546 215 1591 rasceve
238 1530 376 1601 adhibiti,
401 1550 459 1593 non
482 1533 590 1593 desunt
611 1538 711 1594 tarum
733 1531 892 1593 Ordinaria
914 1529 1052 1608 compin-

101 1612 170 1671 riunr
193 1612 398 1673 Ecclesiarum
417 1653 425 1682 ,
447 1632 484 1675 ex
508 1631 638 1691 quorum
661 1614 845 1692 praescripto
869 1614 1051 1672 vestimenta

100 1689 256 1753 Sacrorum
281 1692 489 1755 Ministrorunr
512 1696 594 1755 rubri
618 1700 706 1755 erant
727 1697 846 1755 coloris.
880 1692 984 1753 Oratio
1014 1709 1050 1752 ac

100 1777 255 1857 prostratis
288 1783 357 1835 ante
381 1775 508 1844 ditare,
541 1778 569 1835 in
602 1777 705 1836 multis
730 1776 859 1852 antiquis
881 1773 1052 1836 hieiratibus

101 1859 183 1932 atque
198 1855 368 1917 Ordiuariis
383 1861 524 1933 occurrit.
549 1856 700 1935 Tempore
716 1859 825 1917 Missae
839 1852 931 1933 super
947 1855 1049 1915 hitare

100 1940 267 1999 extenditur
288 1955 409 2015 mappa,
433 1958 510 2015 quae
526 1936 674 2016 siguificat
688 1941 853 2018 syndonem
877 1953 1052 1997 monumen·

101 2018 137 2086 ti,
159 2038 196 2079 ex
218 2018 375 2089 Durando,
400 2022 451 2080 ubi
474 2023 573 2081 varios
595 2020 734 2096 antiques
750 2023 838 2089 ritus,
860 2020 913 2096 qui
935 2016 1051 2077 servari

101 2101 213 2170 soient,
249 2101 296 2176 pie
318 2118 352 2160 ac
375 2104 502 2180 mystice
524 2105 654 2163 enarrat.
689 2102 797 2179 Incipit
829 2101 887 2175 hcc
908 2098 1051 2161 Officium

100 2177 180 2244 Pcria
201 2182 245 2244 vi
269 2183 297 2241 in
320 2180 486 2245 Parasceve
509 2203 525 2243 a
544 2184 744 2250 Lectionibus,
768 2189 799 2242 et
821 2182 962 2260 leguntur
985 2184 1050 2242 sinc

101 2263 191 2334 tituto,
215 2267 358 2342 qirooiam
382 2270 453 2324 tunc
475 2267 630 2327 amisimus
647 2265 746 2326 lesum
760 2264 927 2333 Christum,
945 2268 1048 2340 caput,

102 2346 145 2419 qui
166 2365 217 2406 nos
242 2346 400 2413 ittuminat,
425 2348 503 2408 sicut
525 2346 599 2408 tituli
625 2346 794 2406 iiinminant
815 2346 932 2405 Lihros.
963 2347 1049 2405 ltuac

101 2421 271 2496 Lectiones,
296 2428 358 2489 sive
383 2426 561 2506 Prophetiac
586 2429 749 2505 teguntur.
774 2427 810 2487 ad
833 2425 1050 2495 denotandum,
1085 2494 1089 2499 ,

100 2502 175 2581 justa
197 2509 357 2570 Belethunr
382 2511 410 2567 in
426 2528 480 2569 sua
504 2510 686 2570 Devtoorcm
711 2506 883 2592 Officiornm
906 2506 1053 2587 Coptica·

102 2587 183 2655 tione,
200 2590 275 2665 Cap.
293 2588 433 2658 xcviii,
452 2590 550 2653 iesum
567 2589 720 2664 Christum
739 2608 857 2664 passum
881 2589 972 2650 inisse
996 2607 1052 2667 pro

104 2666 210 2733 duotius
234 2672 422 2749 potissimum
453 2674 594 2751 populis,
617 2669 761 2733 Hebraeo
782 2673 896 2734 sciticct
922 2678 954 2733 ct
974 2668 1055 2731 Cen·

104 2748 151 2809 iiii.
166 2752 229 2813 Una
254 2758 354 2814 autem
379 2755 512 2831 ipsarum
535 2772 572 2812 ex
587 2753 667 2831 Lege
689 2762 808 2833 sumpta
830 2759 886 2821 est,
910 2753 1053 2814 videlicet

105 2846 136 2889 cx
147 2832 260 2901 Exodo,
278 2837 417 2897 etaltera
433 2854 474 2895 ex
490 2834 585 2895 Osaea
603 2833 765 2911 Propheta,
790 2835 856 2911 quia
881 2835 949 2893 iesu
963 2832 1052 2893 Chri·

105 2914 137 2970 sti
151 2918 245 2991 passio
267 2915 364 2993 alege
387 2916 442 2977 iuit
465 2914 678 2993 praefigurata.
702 2925 733 2978 et
753 2936 770 2976 a
788 2915 944 2991 Prophetis
960 2932 1047 2991 prac—

106 2991 184 3057 dicta.
202 2996 267 3057 [tuo
283 2996 410 3058 Tractus
427 2998 516 3057 hodie
532 2999 671 3057 dicuntur
686 2998 722 3057 ad
738 2998 937 3058 ostensionem
955 2994 1052 3073 majo·

106 3074 142 3134 ris
155 3079 265 3141 tuctus.
284 3078 380 3139 Passio
396 3079 559 3141 secundum
576 3078 717 3140 ioannem
742 3080 860 3156 iegitur,
886 3078 928 3138 uti
950 3078 1054 3137 ohser-

106 3162 151 3218 vat
170 3160 345 3239 Durandus,
372 3179 429 3221 non
445 3161 550 3221 solum
571 3160 642 3235 quia
665 3160 811 3221 inordina
833 3161 956 3220 citimus
979 3158 1053 3218 scri-

105 3240 180 3314 psit;
197 3242 253 3305 ‘sed
276 3245 383 3311 ctiam,
408 3243 499 3317 quia,
523 3259 593 3301 cunr
618 3239 684 3301 iesu
707 3241 819 3302 Christi
842 3242 940 3318 passio
964 3239 1052 3300 hodie

108 3321 191 3383 ocutis
214 3323 320 3383 nostris
343 3328 598 3401 repraesentetur,
622 3341 785 3399 congruum
802 3330 848 3383 est
868 3321 988 3382 ioannis
1010 3328 1054 3382 tc·

110 3401 273 3466 stimonium
297 3406 366 3481 quia
383 3408 445 3482 ipse
467 3406 549 3472 vidit,
574 3403 763 3465 crucifixioni
785 3405 933 3470 interfuit,
956 3406 988 3463 et
1008 3403 1055 3463 iu·

110 3482 247 3557 cientibus
268 3488 344 3557 aliis,
368 3488 432 3561 ipse
453 3484 537 3562 juxta
560 3484 689 3547 Crucem
711 3488 803 3548 stetit.
828 3485 917 3546 Teste
932 3485 1054 3546 laudato

29 3618 30 3623 ,
69 3634 71 3639 ,
111 3560 240 3629 Iturando
263 3568 328 3629 Lih.
348 3567 390 3628 vl
412 3570 459 3627 sut
476 3566 659 3640 Rationalis,
683 3567 755 3647 Cap.
779 3566 913 3629 LXXV!
935 3567 1056 3646 tegeba-

238 3671 296 3729 Vcl.
315 3675 351 3726 11.
779 3726 785 3737 ,
885 3671 902 3723 t
