2517 4059
531 215 590 274 »sen
614 204 674 264 tot
694 211 755 272 stes

167 338 325 412 antiquum
349 332 495 394 Ordinem
517 331 713 396 Romanum:
744 331 983 394 Arctec’dc'ccoaus
1004 333 1123 409 facim

171 419 300 482 Crucem
321 417 355 476 io
379 413 479 478 Colice
500 415 647 493 infundit.
677 415 749 478 Ritu
770 415 960 478 Moearabico
986 413 1126 476 Minister

167 516 278 574 aquam
311 495 400 556 otlcrt
430 495 597 559 Celebranti
630 499 865 559 benedicendam
893 498 1015 556 dicens:
1050 495 1127 557 lobs

168 581 284 641 Demne
306 577 489 638 benedicere:
511 578 745 658 Respondcsque
760 577 933 641 Celebrans:
951 579 990 640 Ab
1007 579 1063 638 illo
1074 579 1127 638 be·

168 660 337 726 ecdicetur,
360 663 445 741 cujus
460 660 592 738 Spiritus
613 681 702 740 super
715 681 811 742 eques
830 663 1000 740 ferebatur,
1023 662 1060 720 ln
1072 679 1128 719 ise·

165 744 245 804 mine
268 740 379 810 Petris,
404 751 431 802 et
453 739 536 814 Filii,
560 754 586 806 et
607 744 739 822 Spiritus
762 745 877 803 Sancti.
902 743 1027 820 Signum
1042 741 1130 805 Cru-

167 825 220 892 cis,
239 823 318 902 qnod
335 821 368 883 lit
384 842 460 884 nnnc
475 844 704 903 superaquam,
720 844 811 904 super
826 826 943 893 vinnm,
958 831 990 885 et
1004 841 1126 900 aquam

165 908 237 967 olim
254 906 366 971 tiebat,
391 925 483 983 qnnm
499 926 608 986 nempe
631 917 793 983 utrumque
811 925 869 971 una
883 906 1126 967 infundebantur

122 1005 124 1010 ’
168 991 198 1047 in
221 988 363 1058 Calicem,
387 987 434 1046 vel
458 991 644 1066 paulopost.
669 988 800 1066 ldeoqne
820 989 940 1066 signnm
961 988 1066 1049 Crucis
1080 985 1126 1046 la·

169 1076 276 1140 ctum,
302 1071 371 1146 quia
393 1087 485 1145 super
507 1089 628 1148 aquam,
652 1079 683 1132 et
705 1073 820 1138 vinnm,
844 1071 999 1130 dicebatur
1018 1071 1052 1129 in
1073 1086 1128 1126 ne·

169 1151 249 1212 mine
273 1154 378 1220 Patris,
402 1160 460 1212 etc.
485 1149 601 1225 Quibus
617 1154 716 1213 verbis
737 1155 872 1219 sublatis,
884 1153 1062 1212 translatum
1077 1158 1128 1210 est

168 1231 275 1294 Crucis
298 1236 416 1310 signnm
439 1234 475 1293 ad
498 1234 667 1295 caverna:
693 1234 747 1293 Per
766 1237 856 1314 trojus
878 1252 985 1312 aquae,
1009 1243 1036 1292 et
1056 1231 1126 1292 eici

169 1314 358 1391 mysterium.
369 1311 414 1374 Ex
429 1333 488 1390 qno
505 1317 606 1376 vinnm
623 1316 770 1394 significet
781 1316 947 1382 Christum,
961 1317 1064 1374 vinnm
1081 1313 1129 1372 in·

170 1394 353 1457 tundendum
376 1397 404 1454 in
418 1395 560 1458 'Calicem
584 1417 642 1456 non
664 1399 860 1466 benedicitnr;
885 1394 1026 1457 Christus
1041 1396 1127 1455 enim

170 1477 251 1538 nulla
274 1478 481 1538 benedictione
516 1479 637 1556 indiget.
672 1481 759 1556 Aqua
781 1478 951 1557 significans
980 1476 1131 1556 populum

169 1559 380 1631 benedicitnr;
411 1561 538 1638 populns
559 1563 639 1620 enim
664 1561 693 1620 in
716 1562 772 1620 hac
795 1563 879 1629 vita,
913 1578 982 1620 cum
1005 1558 1127 1617 nonsit

169 1659 264 1718 purus
287 1642 324 1702 ab
346 1645 427 1702 omni
451 1649 598 1718 peccato,
628 1644 741 1720 indiget
762 1643 994 1711 benedictione,
1019 1645 1052 1700 ut
1072 1637 1128 1699 ad·

170 1723 263 1782 vertit
287 1723 455 1784 limandus.
479 1723 567 1784 Nulla
590 1727 703 1801 pariter
726 1725 760 1784 tit
782 1743 879 1800 aquae
906 1722 1075 1783 benedictio
1096 1721 1130 1778 in

169 1803 269 1864 Missis
292 1805 529 1878 Defunctorum‚
554 1807 601 1866 vel
624 1809 692 1882 qnia
717 1807 883 1866 benedictio
907 1806 1030 1865 denotat
1050 1801 1131 1862 solc-

171 1886 338 1951 mnitatem
356 1891 386 1946 et
402 1888 489 1948 sicuti
511 1890 540 1948 in
556 1886 614 1948 fine
629 1887 722 1966 hnjus
737 1890 851 1948 Missae
864 1904 921 1946 non
938 1884 1129 1946 benedicitur

169 1968 311 2044 populns,
335 1969 374 2027 ita
391 1987 443 2029 nee
459 1986 533 2046 aqna
550 1972 691 2030 eumdem
709 1971 851 2047 populum
868 1965 1055 2048 significans3
1079 1964 1129 2025 sel

171 2051 242 2126 qnia
266 2049 321 2109 hoc
345 2049 410 2110 loco
432 2069 509 2126 aqua
533 2050 679 2130 significat
701 2053 846 2127 populum
868 2048 1048 2127 Purgatorii,
1066 2048 1127 2124 *qui

172 2133 233 2190 iam
256 2132 352 2190 estin
375 2133 491 2208 grat-ia,
517 2139 550 2194 nt
572 2135 703 2194 advertit
722 2130 889 2192 Carantns.
953 2197 957 2202 ,
995 2169 999 2176 -

210 2211 265 2272 IV.
290 2211 377 2288 Aqua
400 2214 428 2272 in
451 2211 580 2275 Calicem
603 2215 710 2282 inlusa,
734 2215 874 2290 dictaque
888 2212 1032 2274 Oratione
1054 2229 1129 2271 con-

169 2295 318 2362 veniente,
336 2293 481 2355 Sacerdos
503 2298 627 2358 dextera
650 2314 740 2356 mann
762 2296 961 2373 apprehendit
979 2295 1126 2358 Calicem,

170 2393 301 2452 eumque
323 2374 474 2437 sublatum
497 2385 600 2439 tenens
622 2386 703 2438 stans
724 2379 753 2437 in
770 2377 870 2439 medio
885 2377 980 2437 Alteri
1003 2375 1130 2437 elevatis

170 2459 199 2518 in
224 2458 342 2518 coelum
365 2460 459 2518 oculis
482 2461 575 2519 dicit:
604 2458 765 2539 offerimus
788 2459 841 2520 tibi
855 2458 994 2528 Domine,
1017 2456 1128 2536 iegitur

170 2538 276 2600 Oratio
299 2540 327 2597 in
349 2539 461 2600 Missali
484 2541 687 2609 Mozarabico‚
712 2543 740 2599 in
764 2541 856 2601 Missa
876 2539 1001 2618 lllyrici,
1026 2540 1055 2599 in
1078 2537 1132 2598 Sa·

171 2622 375 2682 eramentario
404 2621 574 2684 Trevirensi
608 2623 727 2684 Saeculi
750 2623 793 2683 X.
824 2621 970 2682 Sacerdos
996 2621 1131 2682 Calicem

170 2702 235 2762 Deo
257 2704 349 2764 ollert
370 2703 491 2764 dicens:
520 2702 681 2785 offerimus
703 2707 757 2764 tili
776 2706 902 2766 Domine
920 2702 1052 2765 Calicem
1073 2701 1131 2763 sa-

170 2787 282 2846 luteris
305 2794 358 2844 ete.
383 2804 514 2862 cumque
535 2789 564 2846 in
587 2789 673 2864 panis
694 2788 843 2847 oblatione
865 2785 1059 2862 singulariter
1082 2783 1126 2842 di-

145 2867 250 2927 -xerit
270 2866 400 2948 suscipe,
425 2869 473 2927 iric
497 2869 654 2945 pluraliter
676 2870 717 2928 ait
743 2865 926 2948 Offerimos,
950 2868 1022 2944 quia
1043 2864 1130 2925 nimi-

169 2965 239 3008 rum
263 2948 396 3010 Romano
418 2949 489 3010 Ritu
512 2951 638 3010 eandem
660 2948 836 3010 Orationem
864 2949 955 3011 simul
983 2967 1051 3011 cnm
1073 2946 1133 3007 Sa-

168 3029 291 3091 cerdote
319 3031 348 3091 in
370 3032 460 3093 Missa
482 3032 607 3092 solemni
632 3033 738 3092 recitat
760 3030 935 3096 Maeones,
965 3031 1017 3107 qni
1040 3034 1130 3091 entea

169 3113 275 3172 vinum
298 3112 326 3170 in
341 3111 431 3174 Calici
455 3114 592 3180 iniundit,
616 3121 648 3175 et
662 3115 733 3173 olim
749 3113 931 3190 Sanguinem
948 3113 1059 3188 populo
1076 3110 1129 3169 mi·

170 3193 328 3253 nistrabat.
346 3192 453 3271 Neque
475 3196 585 3260 obstat,
603 3196 683 3272 qnod
706 3197 841 3274 privatae
856 3195 965 3255 Missae
981 3194 1044 3252 sine
1058 3191 1130 3252 Dia-

171 3291 246 3334 cono
269 3276 490 3346 celebrantur,
513 3287 544 3337 et
568 3278 766 3338 nihilominus
788 3277 934 3337 Sacerdos
954 3275 1026 3334 dicit
1051 3271 1130 3354 Offe-

170 3356 292 3426 rimns,
317 3359 387 3434 qnia
408 3357 555 3418 formulae
578 3378 634 3435 pro
655 3359 782 3418 solemni
805 3359 897 3418 Missa
921 3357 1075 3418 institutae
1098 3356 1131 3414 in

169 3438 287 3513 privata
311 3457 366 3498 non
391 3445 556 3502 mutantur.
582 3439 619 3500 Et
641 3443 710 3516 quia
731 3439 948 3501 Cateclmmeni
978 3439 1007 3497 in
1029 3436 1129 3498 Pestis

168 3517 336 3589 Paschatis,
360 3525 390 3578 et
403 3519 595 3582 Pentecostes
617 3522 762 3598 baptizari
783 3521 929 3590 solebant,
946 3519 1046 3580 adhuc
1069 3537 1127 3596 per

169 3596 315 3660 Octavam
341 3601 495 3678 utriusque
518 3601 687 3666 festivitatis
707 3603 799 3664 etiam
822 3620 900 3665 nnnc
921 3619 976 3680 pro
1000 3599 1057 3660 illis
1078 3601 1128 3660 ad·
