2517 4059
408 226 634 298 &123ss

67 353 151 413 tislitis
171 358 201 411 et
222 352 334 412 Sidonii
356 353 539 430 Apollinaris
560 352 657 415 Lib.l
681 352 814 432 Epistola
835 356 960 432 septima
976 364 1004 415 et

66 434 120 493 Lib.
134 432 189 495 vlt
210 433 346 513 Epistola
361 434 435 494 XlV
457 434 644 513 suffragium,
669 435 698 494 id
721 454 791 496 cunr
816 437 916 495 multis
938 434 1003 495 aliis

65 516 222 577 auctoribus
253 516 361 575 asserit
392 516 557 593 Gregorius
584 516 767 579 Turonensis
799 518 828 577 in
851 514 1003 578 Historiae

67 594 240 657 Francorum
261 597 351 656 Libro
372 594 400 658 ll
421 595 493 675 Cap.
518 596 571 657 at.
593 598 669 659 Cum
700 598 761 659 lieo
784 600 1001 676 permittente.

66 676 162 737 Vienna
186 678 383 755 Allobrogum
406 685 507 740 terrae
531 680 672 749 motibus,
697 680 853 749 incendiis,
876 681 1002 757 aliisque

66 759 176 837 publicis
189 759 413 820 calamitatibus
434 761 673 827 desolata'esset
697 781 731 822 ae
755 762 890 822 incendio
912 762 1004 838 potis·

65 843 169 909 simum,
194 858 255 917 quo
271 848 356 901 nocte
371 838 525 903 Pascbatis
547 863 596 903 an.
615 841 676 903 tus
699 844 841 922 palatium
859 842 1002 919 dcllagra-

65 922 108 991 rit,
128 922 156 981 S.
178 924 349 983 Mamertus
371 926 449 983 turn·
458 921 547 987 Urbis
569 925 746 1003 Episcopus,
772 923 825 983 liei
849 924 924 983 irarn
948 923 1004 983 ier·

66 1003 128 1062 ridis
142 1005 284 1080 precibus
299 1004 417 1081 placare
438 1012 587 1085 satagens,
612 1006 648 1065 ad
665 1006 723 1067 boc
743 1006 834 1083 elegit
850 1011 911 1066 tres
926 1004 1001 1071 dies.

66 1084 106 1160 qui
120 1087 302 1162 praecedunt
317 1084 542 1148 ascensionem.
560 1088 701 1149 Sanctum
719 1088 798 1148 bunc
815 1104 930 1147 morem
944 1090 999 1145 sta·

67 1167 109 1224 tin
139 1166 233 1228 terme
257 1164 396 1244 Episcopi
418 1165 533 1231 Galliae
555 1169 716 1247 amplexati
739 1174 820 1229 sunt.
854 1167 928 1228 Tres
956 1166 1004 1227 isti

66 1247 117 1305 dies
137 1250 276 1323 primitus
298 1248 383 1307 luere
405 1249 433 1306 iu
455 1248 551 1310 Gallia
575 1251 683 1317 festivi,
708 1255 741 1310 ut
763 1250 856 1327 liquet
876 1268 913 1309 ex
928 1246 1005 1309 Con·

67 1328 122 1388 cilio
141 1327 167 1388 Ι.
189 1329 427 1398 aurelianensi,
456 1349 493 1390 ex
515 1330 736 1410 Capitularibus
758 1329 855 1392 Caroli
878 1330 1003 1407 Magni,

69 1414 92 1468 et
108 1428 141 1469 ex
162 1409 267 1488 Capite
293 1408 576 1483 &enuntiandum
606 1414 687 1490 quud
710 1412 924 1483 Burcbardus,
953 1409 1006 1469 lvo

68 1488 252 1560 Carantonus,
277 1498 307 1551 et
320 1490 480 1553 Gratianus
503 1511 661 1570 perperam
685 1494 860 1553 adscribunt
873 1490 1005 1553 Concilio

69 1570 253 1648 Lugdunensi.
289 1571 486 1634 inhibitiones
508 1580 608 1635 autern
632 1574 796 1637 abstinendi
827 1576 883 1633 lroc
907 1574 1006 1632 triduo

69 1654 98 1711 ab
109 1657 246 1731 operibus
269 1653 357 1731 paulo
380 1661 444 1733 post
461 1655 548 1732 luere
564 1658 720 1717 restrictae
744 1657 781 1716 ad
800 1655 1006 1715 Processiones

70 1740 180 1808 tantum,
197 1743 228 1796 et
242 1734 395 1807 Officium,
419 1738 530 1813 quibus
551 1738 719 1816 completis,
745 1738 923 1814 permissum
948 1734 1006 1795 luit

69 1819 212 1892 precationi
241 1820 273 1876 et
299 1817 495 1879 abstinentiae
524 1837 670 1881 manuum
693 1837 786 1895 opera
811 1815 1003 1895 conjungere.

71 1895 193 1959 illailla
216 1915 338 1963 sacrum
369 1899 396 1957 id
419 1900 588 1962 institutum
621 1900 651 1958 in
675 1900 748 1979 alias
776 1899 911 1976 regiones
938 1914 1007 1975 pro·

71 1982 199 2050 manarit;
223 1999 260 2041 ae
277 1982 408 2056 primum
431 1983 486 2041 sub
508 1982 608 2042 Leone
625 1979 668 2040 lll
691 1978 855 2041 aRumana
871 1978 1005 2039 Ecclesia

71 2068 205 2138 receptum
224 2067 375 2121 memorat
397 2061 855 2140 Anastasiusbibliothecarius.
879 2059 1017 2133 Tardius

70 2141 145 2201 ctiam
164 2144 192 2201 in
208 2142 360 2220 Hispania
381 2150 515 2221 receptas
532 2144 632 2205 luisse·
644 2145 842 2223 Rogationum
858 2141 1025 2219 supplica-⁵

71 2221 158 2291 tiones,
172 2225 264 2285 iacile
278 2224 379 2300 colligi
392 2229 490 2299 potest
505 2243 542 2285 ex·
556 2225 587 2287 Sa
597 2225 708 2301 ⁴lsidbri
724 2226 822 2286 Libris
837 2220 872 2282 dc
888 2223 1007 2297 mainis

21 2321 22 2328 ¹
76 2298 179 2383 Officiis.
202 2306 237 2380 ln
255 2305 431 2386 Moguntino
452 2303 583 2377 Concilio
599 2306 672 2384 Cap.
691 2307 731 2367 33
753 2306 1007 2383 praecipitur,ut
1121 2364 1129 2375 ,

72 2378 169 2445 Fideles
182 2388 264 2449 nulla
280 2390 401 2447 utantur
413 2388 540 2447 restium
556 2406 676 2464 pompa,
692 2388 867 2464 nullumque
882 2405 918 2445 eo
934 2388 1007 2445 tern-
1090 2398 1095 2405 '

21 2477 22 2480 ’
71 2478 129 2537 pore
139 2470 308 2544 praeierant
320 2474 542 2529 ornamentum.
551 2469 584 2529 ln
596 2468 808 2529 Mediolanensi
822 2487 878 2527 non
890 2472 958 2527 ante
970 2464 1007 2523 A·

73 2551 250 2618 reensionem,
266 2551 318 2610 sed
336 2550 471 2623 sequenti
495 2550 683 2610 hebdomada
701 2551 883 2610 recoluntur.
901 2546 934 2607 ln
950 2544 1007 2605 Ec·

73 2625 144 2688 clesia
158 2631 346 2711 Lugdunensi
368 2629 548 2706 Rogatiuues
571 2633 641 2691 olim
665 2629 775 2691 fiebant
797 2630 842 2689 bis
865 2631 893 2687 in
916 2646 1004 2697 anno,

74 2709 169 2772 seilicet
182 2724 250 2774 ante
264 2714 476 2786 ascensionem
490 2716 521 2772 et
532 2730 635 2773 mense
646 2712 819 2778 Novembri,
832 2712 875 2771 uti
892 2714 1008 2771 constat

75 2804 104 2847 ex
114 2789 239 2856 Concilio
261 2793 452 2871 lugdunensi
468 2791 495 2852 ll
518 2793 591 2855 Can.
615 2792 646 2853 6.
671 2794 823 2854 Prolixum
847 2793 931 2853 bisce
946 2791 1008 2850 die-

74 2866 118 2929 bus
136 2872 219 2937 luisse
236 2877 373 2935 divinum
394 2874 545 2943 Olllcium,
562 2875 649 2935 iacile
666 2876 805 2953 colligere
820 2875 943 2934 licetur
960 2886 1008 2930 re-

76 2951 119 3009 teri
146 2956 330 3018 Lectionario
352 2955 504 3016 Gallicano
526 2956 723 3017 buxeriensis
745 2954 941 3023 Monasterii,
979 2952 1007 3009 in

76 3046 123 3105 qrro
142 3040 233 3112 prima
257 3040 305 3097 die
322 3038 519 3113 Rogationum
542 3039 578 3099 ad
600 3038 735 3100 Tertiam
750 3038 922 3113 adsignatur
937 3032 1009 3108 Epi·

77 3114 185 3179 stolas.
208 3120 308 3182 iacobi
331 3138 369 3179 ex
391 3119 509 3197 integro
532 3120 655 3194 legenda
678 3138 746 3180 cum
770 3117 925 3194 Evangelii
952 3114 1009 3173 Le·

77 3192 156 3283 pliona
174 3220 210 3261 ex
226 3201 370 3262 blattlraei
393 3199 497 3277 Capite
513 3198 574 3259 XV
597 3220 627 3261 r.
645 3203 683 3263 17
705 3201 740 3261 ad
756 3198 810 3270 263
834 3200 870 3260 ad
886 3198 1008 3258 Sextum

79 3280 222 3355 integras.
246 3282 326 3344 Petri
349 3277 482 3359 Epistola
503 3284 599 3357 prima
623 3283 717 3343 tribus
739 3282 852 3343 ultimis
874 3278 1009 3339 versibus

80 3363 212 3435 exceptis,
237 3382 306 3425 curn
329 3363 470 3424 Lectione
500 3380 538 3421 cx
561 3362 722 3441 Evangelio
744 3364 907 3424 secuudum
931 3358 1007 3419 Mat-

80 3432 182 3528 lbaeum
203 3445 275 3523 Cap.
294 3443 365 3504 Vlll
390 3461 419 3503 v.
437 3445 449 3503 l
472 3443 575 3515 ad133
598 3448 635 3505 ad
652 3445 767 3505 Nonam
791 3444 880 3505 Liber
895 3440 1006 3503 Tobiae

82 3522 177 3596 tuteger
197 3544 264 3587 cum
286 3526 428 3587 Lectione
449 3527 606 3605 Evangelii
629 3526 774 3587 Matthaei
797 3524 868 3602 Cap.
892 3524 946 3585 Vl.

110 3596 145 3661 ll·
165 3605 203 3667 Et
222 3609 293 3686 quia
315 3608 350 3670 ad
366 3608 528 3669 avertenda
550 3610 612 3669 irae
627 3606 682 3669 Det
698 3606 814 3686 llagella
828 3606 1009 3687 llogationes
