2517 4059
536 188 740 261 *wilffi-

159 318 209 379 ubi
233 318 291 382 tria
313 337 439 381 munera
459 313 630 397 distinguit,
656 337 786 396 qnorum
811 318 941 379 alterum
963 318 1034 379 thus
1055 326 1121 387 est,

157 398 226 462 lesu
247 399 367 462 Christo
390 408 532 479 tanquam
554 402 619 485 beo
641 402 787 461 oblatum.
822 398 936 460 Deinde
958 402 1115 479 perplacet

156 484 234 543 mihi
255 486 333 544 ratio
355 484 405 544 illa
419 484 524 548 altera.
549 502 627 561 quae
643 491 784 543 auctores
799 482 892 542 habet
911 480 1112 544 Athanasium

157 565 195 625 de
217 564 364 634 Graecis,
399 567 436 627 de
463 565 576 625 Latinis
602 563 806 641 Augustinum
838 572 870 626 et
896 563 1113 642 Fulgentium,

156 648 328 727 complures
350 654 436 708 antea
458 647 639 709 ludaeorum
662 646 758 725 Reges
780 647 874 707 luisse
897 653 992 713 natos,
1016 648 1113 709 immo

155 732 246 791 etiam
267 731 387 799 obiisse,
413 731 564 791 nominem
587 738 688 791 tamen
712 730 880 805 quaesitum
896 745 913 787 a
929 730 1037 807 Magis,
1061 747 1115 791 ne-

156 812 230 872 mini
250 813 287 873 ab
309 818 483 873 exterarum
507 813 661 879 nationum
676 811 866 882 hominibus,
890 810 963 869 dum
979 814 1009 871 in
1024 813 1114 872 cuuis

155 896 294 971 vagiret,
318 892 544 956 venerationem
576 894 755 953 adhibitam.
785 892 889 969 Magos
910 893 1002 970 igitur
1024 895 1113 972 pueri

155 974 302 1057 Divinitas
325 978 443 1055 rapuit,
468 995 525 1035 uon
549 978 630 1053 regia
652 977 748 1050 mouit
768 976 944 1035 auctoritas.

531 1136 659 1200 CAPUT
680 1136 736 1199 Ill.

311 1318 354 1362 DE
377 1317 569 1364 sudculsstlfl
591 1318 723 1364 uoululs
744 1318 813 1362 lusu
836 1316 947 1382 busco.

192 1465 216 1527 l.
241 1424 376 1526 Secunda
393 1470 459 1541 post
474 1462 675 1543 Epiphaniam
692 1466 851 1524 [lominica
865 1418 1109 1525 colobiaturFe-

153 1554 231 1609 stum
256 1548 438 1609 Sanctissimi
454 1546 590 1607 Nominis
606 1546 687 1609 lesu.
711 1545 835 1607 Ineunte
850 1546 969 1607 saeculo
991 1547 1110 1607 decimo

152 1632 276 1707 quinto,
301 1647 368 1689 cum
392 1628 524 1690 Ecclesia
546 1628 701 1690 Catholica
725 1630 790 1689 diro
812 1628 1111 1689 schismatedabora-
1216 1668 1220 1675 -

150 1716 218 1781 ret,
242 1718 272 1772 et
295 1711 490 1770 factiosorum
512 1712 670 1771 hominum
694 1712 789 1771 turbis
811 1711 897 1770 ltalia
920 1712 1030 1771 misere
1054 1728 1111 1773 ve-

151 1802 286 1861 xaretur,
300 1794 424 1855 Sanctus
439 1795 642 1854 Bernardlnus
657 1793 807 1862 Senensis,
825 1811 863 1853 cx
877 1793 991 1853 Ordinc
1007 1792 1111 1855 Sancti

151 1872 325 1949 Francisci,
350 1874 455 1935 ltaliae
487 1895 555 1936 oras
579 1894 754 1955 percurrere
777 1877 899 1951 coepit,
933 1883 985 1945 et,
1015 1883 1049 1935 ut
1070 1876 1110 1935 ad

148 1976 269 2019 morum
286 1960 515 2028 correctionem,
533 1964 562 2018 et
579 1960 793 2035 poenitentiam
809 1958 935 2035 populos
949 1957 1103 2028 invitaret,

150 2045 239 2114 atque
261 2042 297 2100 ad
320 2057 404 2116 spem
420 2042 525 2101 veniae
541 2041 721 2103 obtinendae
744 2041 860 2101 meritis
876 2039 1037 2099 Salvatoris
1055 2058 1108 2099 no-

149 2123 216 2191 stri,
241 2138 275 2181 ac
292 2120 466 2182 Mediatoris
488 2124 565 2181 inter
581 2121 680 2183 Deum
702 2129 734 2183 et
755 2122 908 2182 hominem
931 2121 1000 2182 lesu
1016 2118 1129 2181 chri--

147 2203 185 2262 sti
207 2204 360 2269 excitaret,
385 2204 414 2261 in
437 2202 495 2263 fine
511 2202 667 2265 Contionis
689 2206 829 2264 tabellam
851 2217 1021 2281 proponere
1036 2220 1107 2263 cou-

148 2287 248 2346 suevit
270 2284 512 2346 Sacratissimum
534 2284 651 2346 Nomen
673 2285 743 2346 lesu
773 2284 986 2347 circumductis
1014 2285 1107 2347 radiis

148 2373 289 2427 ornatum
311 2386 383 2445 prae
407 2386 438 2427 se
461 2367 631 2435 serentem,
656 2368 704 2427 cui
729 2373 762 2427 ut
785 2367 912 2445 populus
933 2368 1107 2429 veneratio·

147 2465 216 2508 nem
239 2449 446 2525 impenderet,
470 2449 659 2511 hortabatur.
684 2448 778 2509 hctus
799 2448 850 2508 hic
871 2449 1106 2528 reprehensibilia

147 2546 172 2587 a·
188 2532 335 2591 nonnuliis
357 2529 478 2592 habitus
499 2538 566 2593 est:
589 2534 871 2614 quare,·accusato
896 2532 975 2608 apud
999 2548 1106 2609 supre-

146 2628 197 2671 ma
224 2612 314 2676 Urbis
335 2610 508 2674 Tribunalia
535 2613 756 2689 Summumque
789 2610 964 2672 Pontificem
996 2612 1105 2674 Sancto

145 2690 330 2755 Bernardino
353 2692 396 2756 uu
420 2697 488 2755 novi
510 2696 609 2758 cultus
637 2696 814 2762 inductore,
845 2694 1046 2756 celeberrima
1066 2695 1105 2755 de

145 2790 182 2852 ea
205 2794 237 2837 re
259 2778 421 2855 disputatio
445 2778 516 2837 inita
538 2783 585 2838 est
606 2795 684 2837 anno
710 2773 792 2836 lunt
819 2777 848 2835 in
871 2776 1000 2837 Basilica
1021 2776 1103 2838 Vati-

146 2872 231 2918 cana.
255 2859 317 2930 nt,
342 2859 462 2937 egregie
485 2876 606 2921 causam
629 2858 728 2920 Sancti
742 2858 919 2919 Bernardini
943 2863 1059 2921 tutante
1075 2876 1103 2919 a·

145 2938 185 2998 lio
206 2934 338 3003 Instituit
361 2938 552 3003 Franciseani
575 2940 706 3002 hlumno
729 2940 838 3001 Sancto
859 2939 972 3001 Ioanne
992 2941 1031 3003 de
1045 2939 1104 3003 Ca·

144 3023 303 3100 plebano,
335 3024 444 3086 nedum
472 3024 598 3085 Sanctus
625 3022 829 3083 Bernardinus
854 3022 932 3083 sicut
961 3024 1104 3085 innocens

145 3104 283 3165 dimissus
306 3112 373 3177 est,
397 3104 449 3166 sed
472 3107 570 3168 cultus
591 3103 725 3163 Nominis
747 3102 815 3165 lesu
837 3104 876 3164 ab
898 3123 934 3167 eo
957 3119 1103 3184 propaga·

145 3191 193 3245 tus
208 3202 264 3263 ope
279 3188 406 3249 tabellae
422 3204 513 3265 snpra
529 3186 707 3257 recensitae,
726 3188 973 3263 approbationem
990 3207 1007 3249 a
1024 3186 1104 3248 Sede

144 3264 317 3346 Apostolica
339 3269 517 3349 reportavit,
540 3272 574 3329 ut
596 3266 683 3347 plene
707 3267 842 3329 referunt
863 3267 988 3330 Sanctus
1011 3268 1105 3330 Anto-

144 3350 244 3417 ninus,
267 3350 292 3407 3
307 3362 390 3430 part.
416 3352 463 3410 lit.
482 3350 526 3410 22
543 3350 617 3429 Cep.
635 3352 657 3411 7
678 3348 852 3419 §Sanctam
874 3350 997 3411 Marcus
1017 3350 1104 3428 Ulys-

143 3430 329 3509 siponensis,
347 3432 371 3491 5
378 3442 465 3509 port.
484 3431 619 3494 Historia
633 3430 822 3493 Francorum
835 3429 898 3492 Lib.
917 3432 957 3493 ΙΙ
967 3431 1040 3509 Cap'.
1058 3431 1100 3505 113

142 3511 290 3583 Bruuius,
314 3516 348 3573 in
364 3512 533 3576 Annalibus
548 3514 703 3576 Minornns
723 3510 755 3572 T.
776 3512 857 3577 Vad
878 3531 995 3575 annum
1012 3513 1102 3577 ctri-

142 3593 282 3657 art1427
303 3615 371 3677 pag.
391 3596 463 3671 1833
487 3596 671 3679 Raynaldus,
695 3596 730 3656 in
743 3592 913 3658 Annalibus
927 3596 969 3657 cd
983 3611 1100 3658 nnnnnt
