<?xml version="1.0" encoding="UTF-8"?>
<!DOCTYPE html PUBLIC "-//W3C//DTD XHTML 1.0 Transitional//EN"
    "http://www.w3.org/TR/xhtml1/DTD/xhtml1-transitional.dtd">
<html xmlns="http://www.w3.org/1999/xhtml" xml:lang="en" lang="en">
 <head>
  <title>
</title>
<meta http-equiv="Content-Type" content="text/html;charset=utf-8" />
  <meta name='ocr-system' content='tesseract 3.04.00' />
  <meta name='ocr-capabilities' content='ocr_page ocr_carea ocr_par ocr_line ocrx_word'/>
</head>
<body>
  <div class='ocr_page' id='page_1' title='image "./institutionesli00marigoog_0453.png"; bbox 0 0 2517 4059; ppageno 0'>
   <div class='ocr_carea' id='block_1_1' title="bbox 462 179 690 272">
    <p class='ocr_par' dir='ltr' id='par_1_1' title="bbox 462 179 690 272">
     <span class='ocr_line' id='line_1_1' title="bbox 462 179 690 272; baseline 0 -10"><span class='ocrx_word' id='word_1_1' title='bbox 462 179 532 272; x_wconf 81' lang='lat' dir='ltr'><strong>-rrre&#39;</strong></span> <span class='ocrx_word' id='word_1_2' title='bbox 546 199 607 263; x_wconf 79' lang='lat' dir='ltr'><strong>tte</strong></span> <span class='ocrx_word' id='word_1_3' title='bbox 628 210 690 272; x_wconf 64' lang='lat' dir='ltr'><strong>mr·</strong></span> 
     </span>
    </p>
   </div>
   <div class='ocr_carea' id='block_1_2' title="bbox 94 327 1096 3673">
    <p class='ocr_par' dir='ltr' id='par_1_2' title="bbox 94 327 1096 3266">
     <span class='ocr_line' id='line_1_2' title="bbox 97 327 1053 410; baseline 0.002 -18"><span class='ocrx_word' id='word_1_4' title='bbox 97 331 183 407; x_wconf 90' lang='lat' dir='ltr'><strong>ponit</strong></span> <span class='ocrx_word' id='word_1_5' title='bbox 214 329 413 405; x_wconf 75' lang='lat' dir='ltr'><strong>praecessisse</strong></span> <span class='ocrx_word' id='word_1_6' title='bbox 435 329 516 390; x_wconf 87' lang='lat' dir='ltr'><strong>aliud</strong></span> <span class='ocrx_word' id='word_1_7' title='bbox 540 331 693 410; x_wconf 76' lang='lat' dir='ltr'><strong>peculiare</strong></span> <span class='ocrx_word' id='word_1_8' title='bbox 713 327 886 399; x_wconf 73' lang='lat' dir='ltr'><strong>Memno,</strong></span> <span class='ocrx_word' id='word_1_9' title='bbox 911 335 967 391; x_wconf 89' lang='lat' dir='ltr'><strong>aut</strong></span> <span class='ocrx_word' id='word_1_10' title='bbox 986 349 1053 394; x_wconf 89' lang='lat' dir='ltr'><strong>esse</strong></span> 
     </span>
     <span class='ocr_line' id='line_1_3' title="bbox 94 408 1055 490; baseline 0.001 -18"><span class='ocrx_word' id='word_1_11' title='bbox 94 408 288 489; x_wconf 84' lang='lat' dir='ltr'><strong>superfluum</strong></span> <span class='ocrx_word' id='word_1_12' title='bbox 310 411 362 470; x_wconf 89' lang='lat' dir='ltr'><strong>sed</strong></span> <span class='ocrx_word' id='word_1_13' title='bbox 384 428 452 472; x_wconf 90' lang='lat' dir='ltr'><strong>cum</strong></span> <span class='ocrx_word' id='word_1_14' title='bbox 475 417 542 474; x_wconf 89' lang='lat' dir='ltr'><strong>ante</strong></span> <span class='ocrx_word' id='word_1_15' title='bbox 565 414 820 474; x_wconf 85' lang='lat' dir='ltr'><strong>consecrationem</strong></span> <span class='ocrx_word' id='word_1_16' title='bbox 843 431 897 490; x_wconf 92' lang='lat' dir='ltr'><strong>pro</strong></span> <span class='ocrx_word' id='word_1_17' title='bbox 914 413 990 473; x_wconf 83' lang='lat' dir='ltr'><strong>rivis</strong></span> <span class='ocrx_word' id='word_1_18' title='bbox 1010 415 1055 473; x_wconf 90' lang='lat' dir='ltr'><strong>di·</strong></span> 
     </span>
     <span class='ocr_line' id='line_1_4' title="bbox 97 491 1060 562; baseline 0.002 -8"><span class='ocrx_word' id='word_1_19' title='bbox 97 499 182 556; x_wconf 90' lang='lat' dir='ltr'><strong>ctum</strong></span> <span class='ocrx_word' id='word_1_20' title='bbox 204 493 297 554; x_wconf 88' lang='lat' dir='ltr'><strong>luerit</strong></span> <span class='ocrx_word' id='word_1_21' title='bbox 309 491 466 562; x_wconf 77' lang='lat' dir='ltr'><strong>Memento,</strong></span> <span class='ocrx_word' id='word_1_22' title='bbox 491 497 600 556; x_wconf 90' lang='lat' dir='ltr'><strong>merite</strong></span> <span class='ocrx_word' id='word_1_23' title='bbox 621 494 801 556; x_wconf 85' lang='lat' dir='ltr'><strong>interlicitur</strong></span> <span class='ocrx_word' id='word_1_24' title='bbox 823 512 880 554; x_wconf 84' lang='lat' dir='ltr'><strong>vox</strong></span> <span class='ocrx_word' id='word_1_25' title='bbox 897 494 947 554; x_wconf 88' lang='lat' dir='ltr'><strong>illa</strong></span> <span class='ocrx_word' id='word_1_26' title='bbox 962 496 1060 556; x_wconf 86' lang='lat' dir='ltr'><strong>etiam.</strong></span> 
     </span>
     <span class='ocr_line' id='line_1_5' title="bbox 99 573 1054 656; baseline 0.001 -20"><span class='ocrx_word' id='word_1_27' title='bbox 99 577 135 638; x_wconf 82' lang='lat' dir='ltr'><strong>sd</strong></span> <span class='ocrx_word' id='word_1_28' title='bbox 161 574 347 635; x_wconf 89' lang='lat' dir='ltr'><strong>indicandam</strong></span> <span class='ocrx_word' id='word_1_29' title='bbox 363 573 549 643; x_wconf 85' lang='lat' dir='ltr'><strong>Orationem,</strong></span> <span class='ocrx_word' id='word_1_30' title='bbox 566 595 645 656; x_wconf 89' lang='lat' dir='ltr'><strong>quae</strong></span> <span class='ocrx_word' id='word_1_31' title='bbox 668 576 813 638; x_wconf 88' lang='lat' dir='ltr'><strong>hactenus</strong></span> <span class='ocrx_word' id='word_1_32' title='bbox 834 573 912 643; x_wconf 85' lang='lat' dir='ltr'><strong>laeta</strong></span> <span class='ocrx_word' id='word_1_33' title='bbox 928 576 985 637; x_wconf 88' lang='lat' dir='ltr'><strong>luit</strong></span> <span class='ocrx_word' id='word_1_34' title='bbox 999 595 1054 655; x_wconf 94' lang='lat' dir='ltr'><strong>pro</strong></span> 
     </span>
     <span class='ocr_line' id='line_1_6' title="bbox 98 655 1055 736; baseline 0.005 -20"><span class='ocrx_word' id='word_1_35' title='bbox 98 659 186 724; x_wconf 77' lang='lat' dir='ltr'><strong>vivis,</strong></span> <span class='ocrx_word' id='word_1_36' title='bbox 211 655 351 733; x_wconf 79' lang='lat' dir='ltr'><strong>deinceps</strong></span> <span class='ocrx_word' id='word_1_37' title='bbox 373 658 541 718; x_wconf 89' lang='lat' dir='ltr'><strong>continuari</strong></span> <span class='ocrx_word' id='word_1_38' title='bbox 564 677 618 736; x_wconf 89' lang='lat' dir='ltr'><strong>pro</strong></span> <span class='ocrx_word' id='word_1_39' title='bbox 637 657 799 718; x_wconf 86' lang='lat' dir='ltr'><strong>Delnnctis.</strong></span> <span class='ocrx_word' id='word_1_40' title='bbox 824 656 908 718; x_wconf 89' lang='lat' dir='ltr'><strong>Nulla</strong></span> <span class='ocrx_word' id='word_1_41' title='bbox 933 675 1055 734; x_wconf 90' lang='lat' dir='ltr'><strong>prersns</strong></span> 
     </span>
     <span class='ocr_line' id='line_1_7' title="bbox 97 739 1056 815; baseline -0.001 -14"><span class='ocrx_word' id='word_1_42' title='bbox 97 745 145 801; x_wconf 86' lang='lat' dir='ltr'><strong>est</strong></span> <span class='ocrx_word' id='word_1_43' title='bbox 167 739 326 815; x_wconf 82' lang='lat' dir='ltr'><strong>liturgia,</strong></span> <span class='ocrx_word' id='word_1_44' title='bbox 350 755 427 814; x_wconf 87' lang='lat' dir='ltr'><strong>quae</strong></span> <span class='ocrx_word' id='word_1_45' title='bbox 451 757 507 800; x_wconf 92' lang='lat' dir='ltr'><strong>non</strong></span> <span class='ocrx_word' id='word_1_46' title='bbox 531 739 641 802; x_wconf 86' lang='lat' dir='ltr'><strong>habeat</strong></span> <span class='ocrx_word' id='word_1_47' title='bbox 661 739 836 800; x_wconf 76' lang='lat' dir='ltr'><strong>Orationem</strong></span> <span class='ocrx_word' id='word_1_48' title='bbox 866 758 919 815; x_wconf 93' lang='lat' dir='ltr'><strong>pro</strong></span> <span class='ocrx_word' id='word_1_49' title='bbox 945 739 1056 800; x_wconf 82' lang='lat' dir='ltr'><strong>berun-</strong></span> 
     </span>
     <span class='ocr_line' id='line_1_8' title="bbox 97 817 1056 898; baseline 0.001 -18"><span class='ocrx_word' id='word_1_50' title='bbox 97 823 166 882; x_wconf 89' lang='lat' dir='ltr'><strong>ctis.</strong></span> <span class='ocrx_word' id='word_1_51' title='bbox 184 817 251 878; x_wconf 88' lang='lat' dir='ltr'><strong>Hoc</strong></span> <span class='ocrx_word' id='word_1_52' title='bbox 273 821 311 880; x_wconf 94' lang='lat' dir='ltr'><strong>ab</strong></span> <span class='ocrx_word' id='word_1_53' title='bbox 326 821 476 897; x_wconf 85' lang='lat' dir='ltr'><strong>Apostolis</strong></span> <span class='ocrx_word' id='word_1_54' title='bbox 493 822 635 882; x_wconf 88' lang='lat' dir='ltr'><strong>traditum</strong></span> <span class='ocrx_word' id='word_1_55' title='bbox 652 823 791 882; x_wconf 85' lang='lat' dir='ltr'><strong>universa</strong></span> <span class='ocrx_word' id='word_1_56' title='bbox 815 838 868 898; x_wconf 91' lang='lat' dir='ltr'><strong>per</strong></span> <span class='ocrx_word' id='word_1_57' title='bbox 884 827 981 882; x_wconf 86' lang='lat' dir='ltr'><strong>lolem</strong></span> <span class='ocrx_word' id='word_1_58' title='bbox 997 821 1056 882; x_wconf 88' lang='lat' dir='ltr'><strong>Or·</strong></span> 
     </span>
     <span class='ocr_line' id='line_1_9' title="bbox 97 901 1056 978; baseline -0.001 -14"><span class='ocrx_word' id='word_1_59' title='bbox 97 904 166 964; x_wconf 87' lang='lat' dir='ltr'><strong>bem</strong></span> <span class='ocrx_word' id='word_1_60' title='bbox 189 901 339 970; x_wconf 89' lang='lat' dir='ltr'><strong>observat,</strong></span> <span class='ocrx_word' id='word_1_61' title='bbox 364 909 394 962; x_wconf 89' lang='lat' dir='ltr'><strong>et</strong></span> <span class='ocrx_word' id='word_1_62' title='bbox 416 902 589 964; x_wconf 87' lang='lat' dir='ltr'><strong>observarit</strong></span> <span class='ocrx_word' id='word_1_63' title='bbox 605 901 749 970; x_wconf 86' lang='lat' dir='ltr'><strong>Ecclesia,</strong></span> <span class='ocrx_word' id='word_1_64' title='bbox 774 910 807 964; x_wconf 89' lang='lat' dir='ltr'><strong>ut</strong></span> <span class='ocrx_word' id='word_1_65' title='bbox 829 920 883 978; x_wconf 89' lang='lat' dir='ltr'><strong>pro</strong></span> <span class='ocrx_word' id='word_1_66' title='bbox 898 903 1056 965; x_wconf 87' lang='lat' dir='ltr'><strong>Delnnclis</strong></span> 
     </span>
     <span class='ocr_line' id='line_1_10' title="bbox 97 982 1053 1066; baseline 0.001 -22"><span class='ocrx_word' id='word_1_67' title='bbox 97 987 178 1046; x_wconf 88' lang='lat' dir='ltr'><strong>inter</strong></span> <span class='ocrx_word' id='word_1_68' title='bbox 193 982 300 1044; x_wconf 85' lang='lat' dir='ltr'><strong>Missae</strong></span> <span class='ocrx_word' id='word_1_69' title='bbox 317 982 504 1044; x_wconf 81' lang='lat' dir='ltr'><strong>Sacrificium</strong></span> <span class='ocrx_word' id='word_1_70' title='bbox 527 992 643 1045; x_wconf 90' lang='lat' dir='ltr'><strong>oretur.</strong></span> <span class='ocrx_word' id='word_1_71' title='bbox 661 986 708 1045; x_wconf 87' lang='lat' dir='ltr'><strong>Ad</strong></span> <span class='ocrx_word' id='word_1_72' title='bbox 724 1005 788 1048; x_wconf 92' lang='lat' dir='ltr'><strong>rem</strong></span> <span class='ocrx_word' id='word_1_73' title='bbox 803 986 943 1046; x_wconf 82' lang='lat' dir='ltr'><strong>audiatur</strong></span> <span class='ocrx_word' id='word_1_74' title='bbox 956 985 1053 1066; x_wconf 81' lang='lat' dir='ltr'><strong>Chry·</strong></span> 
     </span>
     <span class='ocr_line' id='line_1_11' title="bbox 96 1063 1055 1143; baseline -0.004 -13"><span class='ocrx_word' id='word_1_75' title='bbox 96 1073 249 1130; x_wconf 86' lang='lat' dir='ltr'><strong>soslomus</strong></span> <span class='ocrx_word' id='word_1_76' title='bbox 271 1064 405 1126; x_wconf 86' lang='lat' dir='ltr'><strong>Homilie</strong></span> <span class='ocrx_word' id='word_1_77' title='bbox 426 1063 469 1124; x_wconf 83' lang='lat'><strong>69</strong></span> <span class='ocrx_word' id='word_1_78' title='bbox 500 1065 541 1124; x_wconf 83' lang='lat' dir='ltr'><strong>ad</strong></span> <span class='ocrx_word' id='word_1_79' title='bbox 572 1065 718 1143; x_wconf 74' lang='lat' dir='ltr'><strong>Populum</strong></span> <span class='ocrx_word' id='word_1_80' title='bbox 740 1067 962 1126; x_wconf 75' lang='lat' dir='ltr'><strong>Antioche-num:</strong></span> <span class='ocrx_word' id='word_1_81' title='bbox 985 1065 1055 1129; x_wconf 87' lang='lat' dir='ltr'><strong>Non</strong></span> 
     </span>
     <span class='ocr_line' id='line_1_12' title="bbox 98 1146 1056 1225; baseline -0.003 -15"><span class='ocrx_word' id='word_1_82' title='bbox 98 1161 217 1214; x_wconf 83' lang='lat' dir='ltr'><strong>temere,</strong></span> <span class='ocrx_word' id='word_1_83' title='bbox 241 1147 346 1223; x_wconf 87' lang='lat' dir='ltr'><strong>inquil,</strong></span> <span class='ocrx_word' id='word_1_84' title='bbox 371 1148 406 1205; x_wconf 88' lang='lat' dir='ltr'><strong>ab</strong></span> <span class='ocrx_word' id='word_1_85' title='bbox 423 1149 562 1225; x_wconf 83' lang='lat' dir='ltr'><strong>Apostolit</strong></span> <span class='ocrx_word' id='word_1_86' title='bbox 582 1149 655 1208; x_wconf 85' lang='lat' dir='ltr'><strong>hoec</strong></span> <span class='ocrx_word' id='word_1_87' title='bbox 673 1148 788 1207; x_wconf 57' lang='lat' dir='ltr'><strong>senato</strong></span> <span class='ocrx_word' id='word_1_88' title='bbox 809 1146 940 1225; x_wconf 71' lang='lat' dir='ltr'><strong>fuerent.</strong></span> <span class='ocrx_word' id='word_1_89' title='bbox 964 1159 999 1209; x_wconf 84' lang='lat' dir='ltr'><strong>ot</strong></span> <span class='ocrx_word' id='word_1_90' title='bbox 1020 1149 1056 1208; x_wconf 79' lang='lat' dir='ltr'><strong>in</strong></span> 
     </span>
     <span class='ocr_line' id='line_1_13' title="bbox 98 1227 1053 1308; baseline -0.001 -19"><span class='ocrx_word' id='word_1_91' title='bbox 98 1227 261 1291; x_wconf 84' lang='lat' dir='ltr'><strong>tremendis</strong></span> <span class='ocrx_word' id='word_1_92' title='bbox 277 1230 424 1308; x_wconf 76' lang='lat' dir='ltr'><strong>mysteriis</strong></span> <span class='ocrx_word' id='word_1_93' title='bbox 439 1228 661 1306; x_wconf 73' lang='lat' dir='ltr'><strong>Defunctoram</strong></span> <span class='ocrx_word' id='word_1_94' title='bbox 675 1238 786 1308; x_wconf 77' lang='lat' dir='ltr'><strong>apator</strong></span> <span class='ocrx_word' id='word_1_95' title='bbox 800 1233 1053 1291; x_wconf 70' lang='lat' dir='ltr'><strong>commemoratio.</strong></span> 
     </span>
     <span class='ocr_line' id='line_1_14' title="bbox 97 1309 1055 1390; baseline -0.005 -16"><span class='ocrx_word' id='word_1_96' title='bbox 97 1313 156 1374; x_wconf 84' lang='lat' dir='ltr'><strong>Pto</strong></span> <span class='ocrx_word' id='word_1_97' title='bbox 184 1311 220 1369; x_wconf 91' lang='lat' dir='ltr'><strong>iis</strong></span> <span class='ocrx_word' id='word_1_98' title='bbox 243 1317 357 1372; x_wconf 80' lang='lat' dir='ltr'><strong>lantum</strong></span> <span class='ocrx_word' id='word_1_99' title='bbox 385 1314 451 1368; x_wconf 91' lang='lat' dir='ltr'><strong>erat</strong></span> <span class='ocrx_word' id='word_1_100' title='bbox 472 1309 605 1372; x_wconf 84' lang='lat' dir='ltr'><strong>Ecclesia</strong></span> <span class='ocrx_word' id='word_1_101' title='bbox 633 1313 684 1388; x_wconf 87' lang='lat' dir='ltr'><strong>qui</strong></span> <span class='ocrx_word' id='word_1_102' title='bbox 707 1309 790 1372; x_wconf 83' lang='lat' dir='ltr'><strong>Fidei</strong></span> <span class='ocrx_word' id='word_1_103' title='bbox 819 1313 895 1370; x_wconf 90' lang='lat' dir='ltr'><strong>notis</strong></span> <span class='ocrx_word' id='word_1_104' title='bbox 925 1311 1055 1390; x_wconf 77' lang='lat' dir='ltr'><strong>insigniti</strong></span> 
     </span>
     <span class='ocr_line' id='line_1_15' title="bbox 98 1391 1051 1469; baseline 0 -15"><span class='ocrx_word' id='word_1_105' title='bbox 98 1395 262 1462; x_wconf 89' lang='lat' dir='ltr'><strong>obierunt,</strong></span> <span class='ocrx_word' id='word_1_106' title='bbox 285 1409 355 1454; x_wconf 91' lang='lat' dir='ltr'><strong>enm</strong></span> <span class='ocrx_word' id='word_1_107' title='bbox 378 1409 413 1450; x_wconf 88' lang='lat' dir='ltr'><strong>ea</strong></span> <span class='ocrx_word' id='word_1_108' title='bbox 436 1407 512 1466; x_wconf 80' lang='lat' dir='ltr'><strong>qrrae</strong></span> <span class='ocrx_word' id='word_1_109' title='bbox 533 1391 697 1469; x_wconf 81' lang='lat' dir='ltr'><strong>Religionis</strong></span> <span class='ocrx_word' id='word_1_110' title='bbox 719 1400 807 1460; x_wconf 91' lang='lat' dir='ltr'><strong>sunt,</strong></span> <span class='ocrx_word' id='word_1_111' title='bbox 833 1391 1051 1469; x_wconf 73' lang='lat' dir='ltr'><strong>perimissent,</strong></span> 
     </span>
     <span class='ocr_line' id='line_1_16' title="bbox 98 1473 1053 1552; baseline 0.001 -18"><span class='ocrx_word' id='word_1_112' title='bbox 98 1493 169 1537; x_wconf 89' lang='lat' dir='ltr'><strong>eum</strong></span> <span class='ocrx_word' id='word_1_113' title='bbox 193 1473 322 1548; x_wconf 87' lang='lat' dir='ltr'><strong>denique</strong></span> <span class='ocrx_word' id='word_1_114' title='bbox 353 1478 522 1532; x_wconf 80' lang='lat' dir='ltr'><strong>extremum</strong></span> <span class='ocrx_word' id='word_1_115' title='bbox 551 1476 691 1552; x_wconf 87' lang='lat' dir='ltr'><strong>spiritum</strong></span> <span class='ocrx_word' id='word_1_116' title='bbox 721 1480 842 1552; x_wconf 82' lang='lat' dir='ltr'><strong>agentes</strong></span> <span class='ocrx_word' id='word_1_117' title='bbox 863 1474 1053 1536; x_wconf 76' lang='lat' dir='ltr'><strong>Christianae</strong></span> 
     </span>
     <span class='ocr_line' id='line_1_17' title="bbox 98 1553 1058 1636; baseline -0.004 -18"><span class='ocrx_word' id='word_1_118' title='bbox 98 1556 182 1618; x_wconf 88' lang='lat' dir='ltr'><strong>Fidei</strong></span> <span class='ocrx_word' id='word_1_119' title='bbox 206 1555 352 1614; x_wconf 88' lang='lat' dir='ltr'><strong>charitate</strong></span> <span class='ocrx_word' id='word_1_120' title='bbox 374 1553 522 1615; x_wconf 90' lang='lat' dir='ltr'><strong>animatae</strong></span> <span class='ocrx_word' id='word_1_121' title='bbox 545 1557 708 1631; x_wconf 89' lang='lat' dir='ltr'><strong>specimina</strong></span> <span class='ocrx_word' id='word_1_122' title='bbox 731 1557 948 1634; x_wconf 87' lang='lat' dir='ltr'><strong>praebuissent.</strong></span> <span class='ocrx_word' id='word_1_123' title='bbox 968 1557 1058 1636; x_wconf 86' lang='lat' dir='ltr'><strong>Ejus-</strong></span> 
     </span>
     <span class='ocr_line' id='line_1_18' title="bbox 98 1636 1059 1715; baseline -0.004 -15"><span class='ocrx_word' id='word_1_124' title='bbox 98 1639 183 1700; x_wconf 88' lang='lat' dir='ltr'><strong>modi</strong></span> <span class='ocrx_word' id='word_1_125' title='bbox 208 1636 366 1696; x_wconf 91' lang='lat' dir='ltr'><strong>bominum</strong></span> <span class='ocrx_word' id='word_1_126' title='bbox 390 1651 471 1694; x_wconf 92' lang='lat' dir='ltr'><strong>mors</strong></span> <span class='ocrx_word' id='word_1_127' title='bbox 492 1654 617 1699; x_wconf 91' lang='lat' dir='ltr'><strong>somnus</strong></span> <span class='ocrx_word' id='word_1_128' title='bbox 630 1639 753 1704; x_wconf 87' lang='lat' dir='ltr'><strong>dicitur,</strong></span> <span class='ocrx_word' id='word_1_129' title='bbox 769 1639 820 1715; x_wconf 88' lang='lat' dir='ltr'><strong>qni</strong></span> <span class='ocrx_word' id='word_1_130' title='bbox 836 1638 915 1698; x_wconf 90' lang='lat' dir='ltr'><strong>enim</strong></span> <span class='ocrx_word' id='word_1_131' title='bbox 940 1640 979 1697; x_wconf 91' lang='lat' dir='ltr'><strong>ita</strong></span> <span class='ocrx_word' id='word_1_132' title='bbox 997 1655 1059 1696; x_wconf 90' lang='lat' dir='ltr'><strong>mo·</strong></span> 
     </span>
     <span class='ocr_line' id='line_1_19' title="bbox 100 1717 1057 1795; baseline -0.005 -14"><span class='ocrx_word' id='word_1_133' title='bbox 100 1723 234 1784; x_wconf 80' lang='lat' dir='ltr'><strong>ciuntur,</strong></span> <span class='ocrx_word' id='word_1_134' title='bbox 258 1737 276 1778; x_wconf 87' lang='lat' dir='ltr'><strong>a</strong></span> <span class='ocrx_word' id='word_1_135' title='bbox 298 1719 382 1778; x_wconf 87' lang='lat' dir='ltr'><strong>suavi</strong></span> <span class='ocrx_word' id='word_1_136' title='bbox 405 1719 490 1794; x_wconf 87' lang='lat' dir='ltr'><strong>quasi</strong></span> <span class='ocrx_word' id='word_1_137' title='bbox 510 1735 614 1778; x_wconf 89' lang='lat' dir='ltr'><strong>somno</strong></span> <span class='ocrx_word' id='word_1_138' title='bbox 636 1721 759 1784; x_wconf 80' lang='lat' dir='ltr'><strong>excitati</strong></span> <span class='ocrx_word' id='word_1_139' title='bbox 781 1721 885 1795; x_wconf 91' lang='lat' dir='ltr'><strong>procul</strong></span> <span class='ocrx_word' id='word_1_140' title='bbox 908 1720 999 1781; x_wconf 89' lang='lat' dir='ltr'><strong>dubio</strong></span> <span class='ocrx_word' id='word_1_141' title='bbox 1021 1717 1057 1777; x_wconf 85' lang='lat' dir='ltr'><strong>ed</strong></span> 
     </span>
     <span class='ocr_line' id='line_1_20' title="bbox 98 1799 1059 1878; baseline -0.004 -15"><span class='ocrx_word' id='word_1_142' title='bbox 98 1809 254 1863; x_wconf 87' lang='lat' dir='ltr'><strong>aeternam</strong></span> <span class='ocrx_word' id='word_1_143' title='bbox 278 1800 368 1858; x_wconf 84' lang='lat' dir='ltr'><strong>ritem</strong></span> <span class='ocrx_word' id='word_1_144' title='bbox 393 1803 560 1876; x_wconf 83' lang='lat' dir='ltr'><strong>resuigenl.</strong></span> <span class='ocrx_word' id='word_1_145' title='bbox 586 1799 743 1860; x_wconf 88' lang='lat' dir='ltr'><strong>Praeterea</strong></span> <span class='ocrx_word' id='word_1_146' title='bbox 765 1801 846 1878; x_wconf 84' lang='lat' dir='ltr'><strong>pacis</strong></span> <span class='ocrx_word' id='word_1_147' title='bbox 867 1818 991 1861; x_wconf 89' lang='lat' dir='ltr'><strong>somnus</strong></span> <span class='ocrx_word' id='word_1_148' title='bbox 1012 1799 1059 1859; x_wconf 89' lang='lat' dir='ltr'><strong>di·</strong></span> 
     </span>
     <span class='ocr_line' id='line_1_21' title="bbox 102 1879 1059 1958; baseline -0.002 -14"><span class='ocrx_word' id='word_1_149' title='bbox 102 1887 181 1945; x_wconf 86' lang='lat' dir='ltr'><strong>citur</strong></span> <span class='ocrx_word' id='word_1_150' title='bbox 197 1897 304 1942; x_wconf 91' lang='lat' dir='ltr'><strong>eorum</strong></span> <span class='ocrx_word' id='word_1_151' title='bbox 329 1898 422 1948; x_wconf 82' lang='lat' dir='ltr'><strong>mors,</strong></span> <span class='ocrx_word' id='word_1_152' title='bbox 439 1883 549 1958; x_wconf 84' lang='lat' dir='ltr'><strong>quippe</strong></span> <span class='ocrx_word' id='word_1_153' title='bbox 565 1884 616 1958; x_wconf 89' lang='lat' dir='ltr'><strong>qni</strong></span> <span class='ocrx_word' id='word_1_154' title='bbox 632 1883 661 1941; x_wconf 90' lang='lat' dir='ltr'><strong>in</strong></span> <span class='ocrx_word' id='word_1_155' title='bbox 677 1879 827 1942; x_wconf 81' lang='lat' dir='ltr'><strong>Ecclesiae</strong></span> <span class='ocrx_word' id='word_1_156' title='bbox 842 1879 1059 1942; x_wconf 88' lang='lat' dir='ltr'><strong>Communione</strong></span> 
     </span>
     <span class='ocr_line' id='line_1_22' title="bbox 100 1961 1059 2040; baseline -0.006 -12"><span class='ocrx_word' id='word_1_157' title='bbox 100 1965 286 2033; x_wconf 88' lang='lat' dir='ltr'><strong>moriautur,</strong></span> <span class='ocrx_word' id='word_1_158' title='bbox 311 1980 389 2040; x_wconf 86' lang='lat' dir='ltr'><strong>quae</strong></span> <span class='ocrx_word' id='word_1_159' title='bbox 414 1979 535 2040; x_wconf 89' lang='lat' dir='ltr'><strong>semper</strong></span> <span class='ocrx_word' id='word_1_160' title='bbox 559 1981 614 2039; x_wconf 83' lang='lat' dir='ltr'><strong>pax</strong></span> <span class='ocrx_word' id='word_1_161' title='bbox 637 1964 715 2023; x_wconf 89' lang='lat' dir='ltr'><strong>dicta</strong></span> <span class='ocrx_word' id='word_1_162' title='bbox 738 1963 805 2024; x_wconf 83' lang='lat' dir='ltr'><strong>luit.</strong></span> <span class='ocrx_word' id='word_1_163' title='bbox 831 1961 876 2022; x_wconf 83' lang='lat' dir='ltr'><strong>Es</strong></span> <span class='ocrx_word' id='word_1_164' title='bbox 899 1965 994 2024; x_wconf 87' lang='lat' dir='ltr'><strong>veteri</strong></span> <span class='ocrx_word' id='word_1_165' title='bbox 1016 1964 1059 2022; x_wconf 93' lang='lat' dir='ltr'><strong>lo·</strong></span> 
     </span>
     <span class='ocr_line' id='line_1_23' title="bbox 100 2043 1059 2125; baseline -0.006 -15"><span class='ocrx_word' id='word_1_166' title='bbox 100 2046 212 2125; x_wconf 86' lang='lat' dir='ltr'><strong>quendi</strong></span> <span class='ocrx_word' id='word_1_167' title='bbox 234 2048 348 2107; x_wconf 90' lang='lat' dir='ltr'><strong>ratione</strong></span> <span class='ocrx_word' id='word_1_168' title='bbox 371 2046 401 2104; x_wconf 91' lang='lat' dir='ltr'><strong>in</strong></span> <span class='ocrx_word' id='word_1_169' title='bbox 418 2061 489 2120; x_wconf 88' lang='lat' dir='ltr'><strong>pace</strong></span> <span class='ocrx_word' id='word_1_170' title='bbox 506 2046 582 2104; x_wconf 93' lang='lat' dir='ltr'><strong>mori</strong></span> <span class='ocrx_word' id='word_1_171' title='bbox 603 2045 677 2104; x_wconf 88' lang='lat' dir='ltr'><strong>nihil</strong></span> <span class='ocrx_word' id='word_1_172' title='bbox 693 2043 772 2104; x_wconf 90' lang='lat' dir='ltr'><strong>alind</strong></span> <span class='ocrx_word' id='word_1_173' title='bbox 788 2053 854 2104; x_wconf 88' lang='lat' dir='ltr'><strong>erat</strong></span> <span class='ocrx_word' id='word_1_174' title='bbox 874 2064 964 2122; x_wconf 85' lang='lat' dir='ltr'><strong>quam</strong></span> <span class='ocrx_word' id='word_1_175' title='bbox 981 2048 1059 2106; x_wconf 90' lang='lat' dir='ltr'><strong>mori</strong></span> 
     </span>
     <span class='ocr_line' id='line_1_24' title="bbox 100 2124 1059 2204; baseline -0.002 -16"><span class='ocrx_word' id='word_1_176' title='bbox 100 2147 170 2192; x_wconf 92' lang='lat' dir='ltr'><strong>cum</strong></span> <span class='ocrx_word' id='word_1_177' title='bbox 195 2127 420 2186; x_wconf 82' lang='lat' dir='ltr'><strong>Ecclesiasticus</strong></span> <span class='ocrx_word' id='word_1_178' title='bbox 442 2125 670 2186; x_wconf 80' lang='lat' dir='ltr'><strong>Communionis</strong></span> <span class='ocrx_word' id='word_1_179' title='bbox 692 2124 919 2204; x_wconf 81' lang='lat' dir='ltr'><strong>significatione,</strong></span> <span class='ocrx_word' id='word_1_180' title='bbox 944 2127 972 2186; x_wconf 93' lang='lat' dir='ltr'><strong>in</strong></span> <span class='ocrx_word' id='word_1_181' title='bbox 994 2127 1059 2186; x_wconf 90' lang='lat' dir='ltr'><strong>uni·</strong></span> 
     </span>
     <span class='ocr_line' id='line_1_25' title="bbox 102 2205 1060 2275; baseline -0.003 -3"><span class='ocrx_word' id='word_1_182' title='bbox 102 2217 162 2272; x_wconf 88' lang='lat' dir='ltr'><strong>tale</strong></span> <span class='ocrx_word' id='word_1_183' title='bbox 189 2228 223 2268; x_wconf 87' lang='lat' dir='ltr'><strong>ac</strong></span> <span class='ocrx_word' id='word_1_184' title='bbox 245 2210 388 2269; x_wconf 87' lang='lat' dir='ltr'><strong>societate</strong></span> <span class='ocrx_word' id='word_1_185' title='bbox 416 2225 483 2266; x_wconf 90' lang='lat' dir='ltr'><strong>enm</strong></span> <span class='ocrx_word' id='word_1_186' title='bbox 507 2205 653 2275; x_wconf 88' lang='lat' dir='ltr'><strong>Christo,</strong></span> <span class='ocrx_word' id='word_1_187' title='bbox 685 2216 716 2269; x_wconf 90' lang='lat' dir='ltr'><strong>cl</strong></span> <span class='ocrx_word' id='word_1_188' title='bbox 737 2207 968 2269; x_wconf 78' lang='lat' dir='ltr'><strong>einsEcclesia.</strong></span> <span class='ocrx_word' id='word_1_189' title='bbox 994 2206 1060 2269; x_wconf 86' lang='lat' dir='ltr'><strong>Etsi</strong></span> 
     </span>
     <span class='ocr_line' id='line_1_26' title="bbox 101 2287 1096 2370; baseline -0.002 -18"><span class='ocrx_word' id='word_1_190' title='bbox 101 2311 156 2370; x_wconf 87' lang='lat' dir='ltr'><strong>pro</strong></span> <span class='ocrx_word' id='word_1_191' title='bbox 178 2291 324 2366; x_wconf 82' lang='lat' dir='ltr'><strong>aliquibus</strong></span> <span class='ocrx_word' id='word_1_192' title='bbox 354 2289 525 2366; x_wconf 79' lang='lat' dir='ltr'><strong>singillatim</strong></span> <span class='ocrx_word' id='word_1_193' title='bbox 554 2294 683 2355; x_wconf 86' lang='lat' dir='ltr'><strong>oretur,</strong></span> <span class='ocrx_word' id='word_1_194' title='bbox 718 2287 851 2350; x_wconf 87' lang='lat' dir='ltr'><strong>Ecclesia</strong></span> <span class='ocrx_word' id='word_1_195' title='bbox 882 2297 1059 2366; x_wconf 88' lang='lat' dir='ltr'><strong>lamenpro</strong></span> <span class='ocrx_word' id='word_1_196' title='bbox 1085 2347 1096 2368; x_wconf 78' lang='lat'><strong>,</strong></span> 
     </span>
     <span class='ocr_line' id='line_1_27' title="bbox 101 2368 1058 2437; baseline -0.003 -3"><span class='ocrx_word' id='word_1_197' title='bbox 101 2373 241 2434; x_wconf 92' lang='lat' dir='ltr'><strong>omnibus</strong></span> <span class='ocrx_word' id='word_1_198' title='bbox 264 2374 426 2434; x_wconf 89' lang='lat' dir='ltr'><strong>universim</strong></span> <span class='ocrx_word' id='word_1_199' title='bbox 443 2368 580 2431; x_wconf 83' lang='lat' dir='ltr'><strong>fidelibus</strong></span> <span class='ocrx_word' id='word_1_200' title='bbox 596 2373 676 2431; x_wconf 90' lang='lat' dir='ltr'><strong>orari</strong></span> <span class='ocrx_word' id='word_1_201' title='bbox 693 2372 775 2437; x_wconf 68' lang='lat' dir='ltr'><strong>vulti</strong></span> <span class='ocrx_word' id='word_1_202' title='bbox 800 2379 833 2432; x_wconf 89' lang='lat' dir='ltr'><strong>nt</strong></span> <span class='ocrx_word' id='word_1_203' title='bbox 848 2375 926 2432; x_wconf 90' lang='lat' dir='ltr'><strong>enim</strong></span> <span class='ocrx_word' id='word_1_204' title='bbox 950 2372 981 2432; x_wconf 90' lang='lat' dir='ltr'><strong>S.</strong></span> <span class='ocrx_word' id='word_1_205' title='bbox 995 2372 1058 2431; x_wconf 83' lang='lat' dir='ltr'><strong>Au·</strong></span> 
     </span>
     <span class='ocr_line' id='line_1_28' title="bbox 101 2449 1059 2534; baseline -0.006 -18"><span class='ocrx_word' id='word_1_206' title='bbox 101 2456 238 2534; x_wconf 84' lang='lat' dir='ltr'><strong>gnstinrrs</strong></span> <span class='ocrx_word' id='word_1_207' title='bbox 262 2457 363 2513; x_wconf 90' lang='lat' dir='ltr'><strong>monet</strong></span> <span class='ocrx_word' id='word_1_208' title='bbox 385 2455 414 2512; x_wconf 92' lang='lat' dir='ltr'><strong>in</strong></span> <span class='ocrx_word' id='word_1_209' title='bbox 438 2451 593 2512; x_wconf 74' lang='lat' dir='ltr'><strong>Tractus</strong></span> <span class='ocrx_word' id='word_1_210' title='bbox 619 2454 704 2516; x_wconf 86' lang='lat' dir='ltr'><strong>Cura</strong></span> <span class='ocrx_word' id='word_1_211' title='bbox 721 2471 780 2532; x_wconf 87' lang='lat' dir='ltr'><strong>pro</strong></span> <span class='ocrx_word' id='word_1_212' title='bbox 800 2455 928 2512; x_wconf 81' lang='lat' dir='ltr'><strong>mortuis</strong></span> <span class='ocrx_word' id='word_1_213' title='bbox 949 2449 1059 2528; x_wconf 78' lang='lat' dir='ltr'><strong>Caph</strong></span> 
     </span>
     <span class='ocr_line' id='line_1_29' title="bbox 104 2534 1059 2614; baseline -0.005 -18"><span class='ocrx_word' id='word_1_214' title='bbox 104 2535 355 2614; x_wconf 86' lang='lat' dir='ltr'><strong>Supplicetiones‚</strong></span> <span class='ocrx_word' id='word_1_215' title='bbox 372 2534 479 2610; x_wconf 84' lang='lat' dir='ltr'><strong>inquit,</strong></span> <span class='ocrx_word' id='word_1_216' title='bbox 499 2551 558 2610; x_wconf 82' lang='lat' dir='ltr'><strong>pro</strong></span> <span class='ocrx_word' id='word_1_217' title='bbox 574 2535 710 2594; x_wconf 84' lang='lat' dir='ltr'><strong>omnibus</strong></span> <span class='ocrx_word' id='word_1_218' title='bbox 731 2535 764 2592; x_wconf 86' lang='lat' dir='ltr'><strong>in</strong></span> <span class='ocrx_word' id='word_1_219' title='bbox 778 2535 946 2594; x_wconf 84' lang='lat' dir='ltr'><strong>christiano</strong></span> <span class='ocrx_word' id='word_1_220' title='bbox 969 2544 995 2593; x_wconf 91' lang='lat' dir='ltr'><strong>ct</strong></span> <span class='ocrx_word' id='word_1_221' title='bbox 1009 2550 1059 2591; x_wconf 87' lang='lat' dir='ltr'><strong>co·</strong></span> 
     </span>
     <span class='ocr_line' id='line_1_30' title="bbox 102 2613 1060 2691; baseline -0.008 -12"><span class='ocrx_word' id='word_1_222' title='bbox 102 2619 212 2679; x_wconf 85' lang='lat' dir='ltr'><strong>thelica</strong></span> <span class='ocrx_word' id='word_1_223' title='bbox 233 2617 369 2678; x_wconf 83' lang='lat' dir='ltr'><strong>societate</strong></span> <span class='ocrx_word' id='word_1_224' title='bbox 392 2613 563 2691; x_wconf 72' lang='lat' dir='ltr'><strong>defunctis,</strong></span> <span class='ocrx_word' id='word_1_225' title='bbox 589 2615 680 2675; x_wconf 84' lang='lat' dir='ltr'><strong>etiam</strong></span> <span class='ocrx_word' id='word_1_226' title='bbox 702 2617 801 2676; x_wconf 85' lang='lat' dir='ltr'><strong>teritis</strong></span> <span class='ocrx_word' id='word_1_227' title='bbox 823 2615 992 2675; x_wconf 84' lang='lat' dir='ltr'><strong>nominibas</strong></span> <span class='ocrx_word' id='word_1_228' title='bbox 1015 2631 1060 2672; x_wconf 87' lang='lat' dir='ltr'><strong>eo-</strong></span> 
     </span>
     <span class='ocr_line' id='line_1_31' title="bbox 103 2695 1060 2777; baseline -0.005 -18"><span class='ocrx_word' id='word_1_229' title='bbox 103 2719 182 2766; x_wconf 85' lang='lat' dir='ltr'><strong>rem,</strong></span> <span class='ocrx_word' id='word_1_230' title='bbox 206 2699 257 2758; x_wconf 81' lang='lat' dir='ltr'><strong>sub</strong></span> <span class='ocrx_word' id='word_1_231' title='bbox 279 2697 410 2777; x_wconf 78' lang='lat' dir='ltr'><strong>pancrati</strong></span> <span class='ocrx_word' id='word_1_232' title='bbox 431 2697 703 2756; x_wconf 84' lang='lat' dir='ltr'><strong>commemoratione</strong></span> <span class='ocrx_word' id='word_1_233' title='bbox 724 2699 848 2777; x_wconf 85' lang='lat' dir='ltr'><strong>suscipit</strong></span> <span class='ocrx_word' id='word_1_234' title='bbox 866 2695 1008 2764; x_wconf 84' lang='lat' dir='ltr'><strong>Ecclesia,</strong></span> <span class='ocrx_word' id='word_1_235' title='bbox 1026 2702 1060 2754; x_wconf 87' lang='lat' dir='ltr'><strong>ot</strong></span> 
     </span>
     <span class='ocr_line' id='line_1_32' title="bbox 103 2777 1061 2860; baseline -0.006 -18"><span class='ocrx_word' id='word_1_236' title='bbox 103 2781 208 2860; x_wconf 83' lang='lat' dir='ltr'><strong>quibas</strong></span> <span class='ocrx_word' id='word_1_237' title='bbox 231 2779 270 2840; x_wconf 83' lang='lat' dir='ltr'><strong>ad</strong></span> <span class='ocrx_word' id='word_1_238' title='bbox 291 2781 350 2842; x_wconf 83' lang='lat' dir='ltr'><strong>ista</strong></span> <span class='ocrx_word' id='word_1_239' title='bbox 373 2779 479 2838; x_wconf 79' lang='lat' dir='ltr'><strong>darant</strong></span> <span class='ocrx_word' id='word_1_240' title='bbox 496 2789 650 2855; x_wconf 82' lang='lat' dir='ltr'><strong>parentes,</strong></span> <span class='ocrx_word' id='word_1_241' title='bbox 673 2789 726 2838; x_wconf 85' lang='lat' dir='ltr'><strong>aut</strong></span> <span class='ocrx_word' id='word_1_242' title='bbox 746 2777 824 2858; x_wconf 76' lang='lat' dir='ltr'><strong>filii,</strong></span> <span class='ocrx_word' id='word_1_243' title='bbox 848 2789 902 2839; x_wconf 88' lang='lat' dir='ltr'><strong>oet</strong></span> <span class='ocrx_word' id='word_1_244' title='bbox 925 2779 1061 2858; x_wconf 82' lang='lat' dir='ltr'><strong>quicum·</strong></span> 
     </span>
     <span class='ocr_line' id='line_1_33' title="bbox 103 2859 1060 2942; baseline -0.006 -20"><span class='ocrx_word' id='word_1_245' title='bbox 103 2881 159 2942; x_wconf 85' lang='lat' dir='ltr'><strong>quc</strong></span> <span class='ocrx_word' id='word_1_246' title='bbox 181 2863 306 2941; x_wconf 80' lang='lat' dir='ltr'><strong>eopnati,</strong></span> <span class='ocrx_word' id='word_1_247' title='bbox 329 2862 374 2922; x_wconf 83' lang='lat' dir='ltr'><strong>sel</strong></span> <span class='ocrx_word' id='word_1_248' title='bbox 396 2859 497 2930; x_wconf 84' lang='lat' dir='ltr'><strong>amici,</strong></span> <span class='ocrx_word' id='word_1_249' title='bbox 513 2860 550 2918; x_wconf 85' lang='lat' dir='ltr'><strong>ab</strong></span> <span class='ocrx_word' id='word_1_250' title='bbox 565 2875 628 2918; x_wconf 88' lang='lat' dir='ltr'><strong>unc</strong></span> <span class='ocrx_word' id='word_1_251' title='bbox 650 2859 691 2920; x_wconf 87' lang='lat' dir='ltr'><strong>eis</strong></span> <span class='ocrx_word' id='word_1_252' title='bbox 714 2860 909 2920; x_wconf 76' lang='lat' dir='ltr'><strong>exhibeantur</strong></span> <span class='ocrx_word' id='word_1_253' title='bbox 924 2861 980 2937; x_wconf 81' lang='lat' dir='ltr'><strong>pio</strong></span> <span class='ocrx_word' id='word_1_254' title='bbox 996 2875 1060 2917; x_wconf 89' lang='lat' dir='ltr'><strong>ma·</strong></span> 
     </span>
     <span class='ocr_line' id='line_1_34' title="bbox 104 2939 1061 3018; baseline -0.004 -14"><span class='ocrx_word' id='word_1_255' title='bbox 104 2956 149 3004; x_wconf 85' lang='lat' dir='ltr'><strong>tra</strong></span> <span class='ocrx_word' id='word_1_256' title='bbox 172 2943 334 3003; x_wconf 83' lang='lat' dir='ltr'><strong>communi.</strong></span> <span class='ocrx_word' id='word_1_257' title='bbox 359 2943 415 3003; x_wconf 88' lang='lat' dir='ltr'><strong>Pro</strong></span> <span class='ocrx_word' id='word_1_258' title='bbox 431 2939 587 3004; x_wconf 80' lang='lat' dir='ltr'><strong>Defunctis</strong></span> <span class='ocrx_word' id='word_1_259' title='bbox 610 2942 684 3018; x_wconf 87' lang='lat' dir='ltr'><strong>petit</strong></span> <span class='ocrx_word' id='word_1_260' title='bbox 699 2939 834 3001; x_wconf 88' lang='lat' dir='ltr'><strong>Ecclesia</strong></span> <span class='ocrx_word' id='word_1_261' title='bbox 855 2942 954 3002; x_wconf 84' lang='lat' dir='ltr'><strong>locum</strong></span> <span class='ocrx_word' id='word_1_262' title='bbox 969 2940 1061 3017; x_wconf 77' lang='lat' dir='ltr'><strong>refri-</strong></span> 
     </span>
     <span class='ocr_line' id='line_1_35' title="bbox 103 3021 1060 3104; baseline -0.004 -19"><span class='ocrx_word' id='word_1_263' title='bbox 103 3026 192 3104; x_wconf 84' lang='lat' dir='ltr'><strong>perii‚</strong></span> <span class='ocrx_word' id='word_1_264' title='bbox 216 3021 289 3086; x_wconf 83' lang='lat' dir='ltr'><strong>lucis</strong></span> <span class='ocrx_word' id='word_1_265' title='bbox 311 3033 338 3084; x_wconf 91' lang='lat' dir='ltr'><strong>et</strong></span> <span class='ocrx_word' id='word_1_266' title='bbox 356 3025 463 3101; x_wconf 85' lang='lat' dir='ltr'><strong>pacis:</strong></span> <span class='ocrx_word' id='word_1_267' title='bbox 486 3022 656 3101; x_wconf 76' lang='lat' dir='ltr'><strong>resriperii,</strong></span> <span class='ocrx_word' id='word_1_268' title='bbox 682 3025 804 3100; x_wconf 87' lang='lat' dir='ltr'><strong>propter</strong></span> <span class='ocrx_word' id='word_1_269' title='bbox 826 3023 947 3100; x_wconf 79' lang='lat' dir='ltr'><strong>ignem,</strong></span> <span class='ocrx_word' id='word_1_270' title='bbox 971 3021 1060 3093; x_wconf 85' lang='lat' dir='ltr'><strong>lacis,</strong></span> 
     </span>
     <span class='ocr_line' id='line_1_36' title="bbox 104 3105 1063 3186; baseline -0.001 -21"><span class='ocrx_word' id='word_1_271' title='bbox 104 3114 229 3185; x_wconf 90' lang='lat' dir='ltr'><strong>propter</strong></span> <span class='ocrx_word' id='word_1_272' title='bbox 251 3107 401 3182; x_wconf 83' lang='lat' dir='ltr'><strong>tenebras,</strong></span> <span class='ocrx_word' id='word_1_273' title='bbox 416 3108 511 3186; x_wconf 85' lang='lat' dir='ltr'><strong>pacis.</strong></span> <span class='ocrx_word' id='word_1_274' title='bbox 536 3107 661 3181; x_wconf 90' lang='lat' dir='ltr'><strong>propter</strong></span> <span class='ocrx_word' id='word_1_275' title='bbox 684 3105 791 3166; x_wconf 89' lang='lat' dir='ltr'><strong>mentis</strong></span> <span class='ocrx_word' id='word_1_276' title='bbox 806 3105 981 3164; x_wconf 84' lang='lat' dir='ltr'><strong>anxietates:</strong></span> <span class='ocrx_word' id='word_1_277' title='bbox 1003 3120 1063 3180; x_wconf 86' lang='lat' dir='ltr'><strong>quo</strong></span> 
     </span>
     <span class='ocr_line' id='line_1_37' title="bbox 106 3189 708 3266; baseline 0 -20"><span class='ocrx_word' id='word_1_278' title='bbox 106 3189 216 3264; x_wconf 91' lang='lat' dir='ltr'><strong>triplici</strong></span> <span class='ocrx_word' id='word_1_279' title='bbox 239 3189 378 3265; x_wconf 89' lang='lat' dir='ltr'><strong>supplicii</strong></span> <span class='ocrx_word' id='word_1_280' title='bbox 400 3204 511 3266; x_wconf 81' lang='lat' dir='ltr'><strong>genere</strong></span> <span class='ocrx_word' id='word_1_281' title='bbox 533 3190 708 3264; x_wconf 77' lang='lat' dir='ltr'><strong>purgantur.</strong></span> 
     </span>
    </p>

    <p class='ocr_par' dir='ltr' id='par_1_3' title="bbox 94 3264 1067 3673">
     <span class='ocr_line' id='line_1_38' title="bbox 150 3264 1064 3343; baseline -0.004 -13"><span class='ocrx_word' id='word_1_282' title='bbox 150 3265 190 3330; x_wconf 92' lang='lat' dir='ltr'><strong>ll.</strong></span> <span class='ocrx_word' id='word_1_283' title='bbox 213 3267 318 3330; x_wconf 92' lang='lat' dir='ltr'><strong>Oratio</strong></span> <span class='ocrx_word' id='word_1_284' title='bbox 341 3267 489 3330; x_wconf 87' lang='lat' dir='ltr'><strong>Memento</strong></span> <span class='ocrx_word' id='word_1_285' title='bbox 511 3268 603 3327; x_wconf 86' lang='lat' dir='ltr'><strong>etiam</strong></span> <span class='ocrx_word' id='word_1_286' title='bbox 625 3266 765 3335; x_wconf 84' lang='lat' dir='ltr'><strong>Domine,</strong></span> <span class='ocrx_word' id='word_1_287' title='bbox 790 3267 818 3327; x_wconf 90' lang='lat' dir='ltr'><strong>in</strong></span> <span class='ocrx_word' id='word_1_288' title='bbox 841 3264 978 3343; x_wconf 90' lang='lat' dir='ltr'><strong>pluribus</strong></span> <span class='ocrx_word' id='word_1_289' title='bbox 999 3265 1064 3326; x_wconf 86' lang='lat' dir='ltr'><strong>hle·</strong></span> 
     </span>
     <span class='ocr_line' id='line_1_39' title="bbox 106 3347 1063 3429; baseline -0.005 -17"><span class='ocrx_word' id='word_1_290' title='bbox 106 3353 254 3412; x_wconf 82' lang='lat' dir='ltr'><strong>sumentis</strong></span> <span class='ocrx_word' id='word_1_291' title='bbox 275 3349 485 3412; x_wconf 88' lang='lat' dir='ltr'><strong>ecelesiasticis</strong></span> <span class='ocrx_word' id='word_1_292' title='bbox 506 3350 549 3410; x_wconf 88' lang='lat' dir='ltr'><strong>sie</strong></span> <span class='ocrx_word' id='word_1_293' title='bbox 573 3349 763 3410; x_wconf 86' lang='lat' dir='ltr'><strong>inscribitur:</strong></span> <span class='ocrx_word' id='word_1_294' title='bbox 784 3347 889 3410; x_wconf 83' lang='lat' dir='ltr'><strong>Oratio</strong></span> <span class='ocrx_word' id='word_1_295' title='bbox 909 3367 998 3429; x_wconf 84' lang='lat' dir='ltr'><strong>snper</strong></span> <span class='ocrx_word' id='word_1_296' title='bbox 1011 3347 1063 3408; x_wconf 82' lang='lat' dir='ltr'><strong>Di·</strong></span> 
     </span>
     <span class='ocr_line' id='line_1_40' title="bbox 102 3427 1066 3513; baseline -0.008 -17"><span class='ocrx_word' id='word_1_297' title='bbox 102 3433 227 3513; x_wconf 79' lang='lat' dir='ltr'><strong>plpcha.</strong></span> <span class='ocrx_word' id='word_1_298' title='bbox 245 3430 372 3494; x_wconf 85' lang='lat' dir='ltr'><strong>Numina</strong></span> <span class='ocrx_word' id='word_1_299' title='bbox 396 3434 477 3493; x_wconf 89' lang='lat' dir='ltr'><strong>enim</strong></span> <span class='ocrx_word' id='word_1_300' title='bbox 499 3427 633 3492; x_wconf 82' lang='lat' dir='ltr'><strong>srrlelinm</strong></span> <span class='ocrx_word' id='word_1_301' title='bbox 649 3431 866 3492; x_wconf 81' lang='lat' dir='ltr'><strong>Defunctornm</strong></span> <span class='ocrx_word' id='word_1_302' title='bbox 891 3429 998 3491; x_wconf 92' lang='lat' dir='ltr'><strong>tabulis</strong></span> <span class='ocrx_word' id='word_1_303' title='bbox 1020 3431 1066 3489; x_wconf 90' lang='lat' dir='ltr'><strong>in-</strong></span> 
     </span>
     <span class='ocr_line' id='line_1_41' title="bbox 94 3509 1066 3587; baseline -0.005 -11"><span class='ocrx_word' id='word_1_304' title='bbox 94 3509 252 3586; x_wconf 71' lang='lat' dir='ltr'><strong>scribere,</strong></span> <span class='ocrx_word' id='word_1_305' title='bbox 276 3519 307 3576; x_wconf 87' lang='lat' dir='ltr'><strong>et</strong></span> <span class='ocrx_word' id='word_1_306' title='bbox 329 3516 408 3574; x_wconf 90' lang='lat' dir='ltr'><strong>intra</strong></span> <span class='ocrx_word' id='word_1_307' title='bbox 423 3513 586 3574; x_wconf 86' lang='lat' dir='ltr'><strong>Missarnm</strong></span> <span class='ocrx_word' id='word_1_308' title='bbox 609 3513 754 3574; x_wconf 89' lang='lat' dir='ltr'><strong>solemnia</strong></span> <span class='ocrx_word' id='word_1_309' title='bbox 776 3513 905 3573; x_wconf 87' lang='lat' dir='ltr'><strong>recitare</strong></span> <span class='ocrx_word' id='word_1_310' title='bbox 919 3511 1066 3587; x_wconf 84' lang='lat' dir='ltr'><strong>antiquis·</strong></span> 
     </span>
     <span class='ocr_line' id='line_1_42' title="bbox 107 3591 1067 3673; baseline -0.004 -15"><span class='ocrx_word' id='word_1_311' title='bbox 107 3600 181 3658; x_wconf 88' lang='lat' dir='ltr'><strong>sirna</strong></span> <span class='ocrx_word' id='word_1_312' title='bbox 204 3595 388 3658; x_wconf 86' lang='lat' dir='ltr'><strong>consuetudo</strong></span> <span class='ocrx_word' id='word_1_313' title='bbox 410 3602 468 3668; x_wconf 92' lang='lat' dir='ltr'><strong>est,</strong></span> <span class='ocrx_word' id='word_1_314' title='bbox 492 3601 524 3656; x_wconf 91' lang='lat' dir='ltr'><strong>et</strong></span> <span class='ocrx_word' id='word_1_315' title='bbox 545 3591 749 3673; x_wconf 73' lang='lat' dir='ltr'><strong>Apostotieum</strong></span> <span class='ocrx_word' id='word_1_316' title='bbox 773 3595 955 3657; x_wconf 86' lang='lat' dir='ltr'><strong>institutum.</strong></span> <span class='ocrx_word' id='word_1_317' title='bbox 980 3591 1067 3656; x_wconf 84' lang='lat' dir='ltr'><strong>Haec</strong></span> 
     </span>
    </p>
   </div>
   <div class='ocr_carea' id='block_1_3' title="bbox 244 3689 928 3748">
    <p class='ocr_par' dir='ltr' id='par_1_4' title="bbox 244 3689 928 3748">
     <span class='ocr_line' id='line_1_43' title="bbox 244 3689 928 3748; baseline -0.009 0"><span class='ocrx_word' id='word_1_318' title='bbox 244 3693 301 3748; x_wconf 86' lang='lat' dir='ltr'><strong>l&#39;ol.</strong></span> <span class='ocrx_word' id='word_1_319' title='bbox 322 3694 356 3746; x_wconf 86' lang='grc' dir='ltr'><strong>Π.</strong></span> <span class='ocrx_word' id='word_1_320' title='bbox 892 3689 928 3742; x_wconf 65' lang='lat' dir='ltr'><strong>til</strong></span> 
     </span>
    </p>
   </div>
   <div class='ocr_carea' id='block_1_4' title="bbox 0 0 1274 4059">
    <p class='ocr_par' dir='ltr' id='par_1_5' title="bbox 0 0 1274 4059">
     <span class='ocr_line' id='line_1_44' title="bbox 0 0 1274 4059; baseline 0 0"><span class='ocrx_word' id='word_1_321' title='bbox 0 0 1274 4059; x_wconf 95' lang='lat' dir='ltr'><strong> </strong></span> 
     </span>
    </p>
   </div>
  </div>
 </body>
</html>
