2517 4059
476 212 699 285 spatiam-

109 345 193 406 ritas·
211 347 330 419 spectat
351 344 553 410 consecratis,
576 342 623 403 rel
648 344 686 403 ab
707 344 797 420 ipso,
820 350 873 404 aut
894 360 911 402 a
934 343 1062 422 simplici

110 424 273 487 Sacerdote
296 423 430 503 ejusdem
453 444 508 487 usu
532 426 723 496 benedictis,
747 426 795 484 vel
824 426 853 484 in
876 426 1062 503 privatarum

110 511 203 569 etiam
231 507 349 567 aedium
373 507 518 579 Sacellis,
541 506 702 567 accedente
730 505 863 584 legitima
894 507 1062 580 facultate,

110 597 157 651 est
178 589 401 649 celebrandam.
426 588 641 666 Apostolorum
665 593 762 649 aetate
784 590 915 649 occurrit
935 597 1060 657 textus,

110 674 163 748 qui
186 674 222 731 de
238 670 380 731 sacrificii
403 669 467 731 lacn
490 672 600 747 aliquid
625 671 709 731 nobis
733 670 865 730 indicare
884 671 1013 734 videtur.
1031 671 1063 732 ln

112 754 181 815 llct.
208 754 417 829 Apostolorum
441 750 513 829 Cap.
537 752 599 813 XX
622 753 671 815 ubi
695 753 731 812 de
753 757 901 812 conventu
924 754 953 813 in
976 756 1064 815 tertia

111 836 218 897 domus
241 837 459 911 contignatione
482 836 517 895 ad
531 834 735 915 [raupcndum
747 852 858 915 panem
872 834 974 896 babitu
989 836 1062 896 scri·

110 920 205 979 bitur.
230 914 388 977 Praeterea
417 916 503 977 luere
536 923 606 977 tunc
631 919 773 994 temporis
802 918 867 976 loca
889 917 953 977 Deo
985 918 1064 977 dica-

112 1007 165 1067 ta,
191 1001 220 1057 in
254 1000 362 1073 quibus
394 999 508 1060 solcbat
541 1000 667 1075 populus
698 1016 809 1064 orare,
832 998 973 1076 Syuaxim
996 1016 1066 1077 age-

111 1100 158 1151 re,
182 1082 286 1140 audire
309 1081 435 1141 verbum
459 1082 526 1149 Dei;
552 1081 662 1156 illaque
678 1079 741 1139 loca
758 1078 909 1140 Ecclesiae
925 1081 1066 1142 dicebau-

112 1172 185 1227 tuc,
210 1168 244 1223 ut
266 1162 415 1239 colligitur
448 1182 485 1222 en
509 1161 649 1239 Apostola
670 1164 706 1220 ad
729 1161 899 1224 Corinthios
922 1162 993 1239 Cap.
1020 1163 1065 1223 xl

110 1265 142 1305 v.
167 1244 208 1305 22
230 1246 399 1303 scribente:
427 1244 673 1305 conuenientibus
701 1245 779 1305 cobis
800 1246 834 1303 in
856 1265 950 1304 unum
972 1245 1065 1305 audio

113 1330 257 1387 sassures
279 1345 334 1386 esse
356 1328 435 1385 iuter
458 1345 507 1387 aas
531 1326 569 1385 Et
590 1327 678 1401 paulo
702 1331 777 1401 post:
797 1324 952 1405 Numquid
969 1326 1066 1387 domos

111 1429 171 1469 nou
193 1409 303 1469 dabatis
324 1406 364 1465 ad
386 1407 634 1467 manducandum
656 1418 682 1467 ct
697 1407 864 1476 bibendum,
888 1419 941 1468 aut
963 1408 1065 1468 Eccle-

112 1492 189 1551 siam
207 1491 260 1549 llci
275 1488 479 1549 contemnitis?
493 1488 668 1562 Quaerenda
692 1489 780 1566 igitur
796 1490 926 1549 subsidia
943 1491 972 1547 in
990 1490 1065 1550 lianc

112 1575 316 1650 quaestionem
339 1589 377 1653 er
400 1570 495 1633 Fastis
519 1570 746 1640 Ecclesiasticu,
770 1589 787 1629 e
809 1572 930 1646 quibus,
955 1579 987 1632 ut
1010 1572 1066 1631 lla-

112 1656 217 1715 ronius
239 1655 359 1713 adnatat
381 1655 416 1712 ad
441 1653 477 1713 il.
494 1652 529 1715 C.
549 1652 589 1713 57
611 1653 786 1718 edocemur,
810 1653 847 1711 ab
869 1654 940 1730 ipsis
963 1650 1066 1713 Eccle-

113 1738 175 1797 siae
191 1735 361 1811 primordiis
377 1737 532 1813 ccmplura
548 1735 640 1795 luisse
651 1734 789 1811 Templa,
806 1735 835 1793 in
851 1734 959 1810 quibus
972 1736 1064 1795 blissa

113 1818 260 1879 celebrari
284 1818 439 1877 cousuevit
460 1834 596 1891 utraeque
618 1814 826 1883 Dominicum,
850 1817 963 1876 Domus
985 1817 1063 1883 Dei,

111 1898 258 1966 Basilica,
282 1897 436 1963 Memoria,
456 1896 659 1975 Martyrium,
683 1896 798 1957 Titulus
823 1898 1063 1975 appellabantur.

113 1981 320 2043 saevientibus
343 1978 383 2059 (1)
408 1981 475 2055 dein
504 1980 810 2057 persequutionibus,
842 1983 865 2039 si
889 1982 917 2039 in
940 1978 1065 2057 Templo
1142 2003 1146 2011 ·

113 2063 283 2125 celenrandi
312 2064 397 2136 copia
420 2080 476 2122 non
499 2064 650 2129 daretur,
680 2063 779 2122 nullus
802 2060 896 2122 terme
918 2080 976 2120 non
998 2066 1065 2121 erat

113 2146 220 2211 locus,
245 2147 274 2203 in
297 2163 357 2221 quo
380 2143 469 2203 Sacra
492 2143 635 2220 Myslcria
661 2161 717 2202 nou
740 2150 979 2219 peragerentur:
1004 2160 1065 2219 quo

114 2233 250 2301 spectant
265 2224 356 2286 verba
375 2224 504 2303 llionysii
520 2225 712 2285 Alexandrini
729 2226 807 2300 apud
822 2223 983 2286 Eusebium
997 2224 1062 2285 Lib.

113 2307 171 2369 vlt
194 2307 346 2368 Historiae
369 2305 589 2368 Ecclesiasticus
611 2304 684 2384 Cap.
708 2305 759 2365 22:
787 2304 893 2381 Quivis
915 2308 1007 2368 locus.
1027 2352 1063 2366 ..

113 2408 206 2471 aper,
233 2386 382 2458 solitudo,
407 2387 525 2454 Nauis,
558 2390 731 2455 stabulum,
759 2407 862 2449 carcer
893 2389 933 2448 ad
965 2406 1065 2448 sacros

116 2472 285 2535 Conventus
305 2470 488 2550 parapandas
510 2470 579 2547 [uit.
607 2469 641 2529 lu
666 2472 749 2530 Actis
778 2470 809 2529 S.
834 2469 1008 2537 Saturnini,
1035 2476 1066 2528 et

114 2552 270 2615 Sociorum
294 2552 461 2631 Martyrum
485 2551 684 2617 Damnatum,
702 2563 728 2611 et
751 2550 895 2613 Collectac
918 2554 946 2611 in
969 2552 1066 2629 priva·

113 2636 152 2696 tis
175 2635 311 2696 domibus
333 2636 498 2694 celebratae
521 2635 671 2694 dicuutur.
691 2632 785 2692 Porro
810 2630 916 2693 &cros
935 2634 1066 2697 Conuen-

112 2724 160 2777 tus
179 2734 344 2798 peruuart.
372 2714 534 2784 Collatiae,
567 2726 593 2775 ct
615 2715 805 2774 Dominicum
826 2717 968 2776 celebrare
996 2722 1067 2776 sunt

114 2799 229 2859 dicendi
258 2801 335 2858 modi
359 2798 437 2859 illius
459 2797 589 2869 aetatis,
614 2798 664 2873 qrri
687 2796 723 2854 ad
747 2796 856 2857 Missae
879 2796 1065 2857 Sacrificium

113 2881 299 2942 referuntur.
314 2882 425 2941 Romae
441 2884 552 2942 aulem,
565 2878 637 2938 dum
653 2880 842 2954 persequutio
858 2878 1066 2938 vehementius

113 2963 282 3030 saeviebat,
308 2960 517 3028 mansuariis,
540 2964 570 3021 el
591 2960 710 3039 Cryptis
733 2977 816 3019 sacca
835 2961 1064 3039 peragebantur,

114 3045 359 3106 convenientibus
381 3044 452 3104 illuc
467 3040 619 3101 Fidelibus
643 3049 675 3101 nt
697 3040 841 3102 Sacrificii
857 3043 969 3119 absque
998 3058 1066 3118 per·

114 3136 310 3203 sequutorum
335 3130 416 3185 metu
439 3126 598 3203 participes
620 3124 822 3185 allicerentur.
840 3124 871 3185 ln
893 3124 1065 3185 carceribus

114 3210 205 3269 eliam
229 3208 372 3286 Mysteria
394 3206 463 3267 olim
487 3206 585 3268 oblata
608 3206 718 3275 luere,
743 3212 780 3269 ut
806 3226 844 3268 ex
866 3205 898 3265 S.
922 3205 1065 3285 Cypriani

114 3286 248 3369 Epistola
271 3289 297 3349 V
320 3291 354 3350 ad
379 3286 589 3367 Presbyterum
613 3297 644 3348 ct
667 3286 811 3350 lliaconos
833 3288 963 3349 eruitur.
986 3285 1064 3345 ilinc

114 3379 251 3434 cenetam
272 3372 366 3449 riguit
386 3370 540 3449 disciplina
564 3375 596 3429 ut
617 3371 646 3429 in
668 3368 810 3449 Templis,
830 3371 883 3429 nisi
906 3371 1065 3430 necessitas

148 3561 183 3624 (1)
202 3558 266 3613 Vide
283 3574 349 3627 opus
367 3564 484 3611 nostrum
512 3555 554 3625 cpi
571 3554 684 3608 titulus:
711 3555 913 3623 Antiquitatum
933 3550 1062 3608 dirutio-

113 3642 215 3681 aarum
232 3630 422 3683 institutiones
442 3630 540 3679 Tomos
558 3629 569 3679 l
587 3624 665 3679 Liber
683 3628 706 3678 ll
725 3627 809 3693 Caput
827 3630 847 3678 l.
