2517 4059
534 162 679 244 ·aoroe
699 172 760 233 ua·

517 372 644 433 catut*
676 372 764 432 xlx.

268 552 311 592 nu
335 552 455 595 ιιιιιιιι
479 553 518 595 Εἰ
540 554 640 595 resno
663 544 869 597 nartt’rrrms
891 552 1018 595 nomint.

121 715 125 719 ’
208 696 238 753 1.
252 693 296 755 lla
312 695 367 757 luit
380 695 534 759 Ecclesiae
550 700 598 775 pia
614 700 814 764 consuetudo,
834 704 866 758 ut
882 698 1093 779 praecipuas
1070 696 1125 757 So-

163 776 335 839 lemnilotes
357 780 599 855 sanctorumque
620 780 813 841 Festivitates
835 781 944 855 vigiliis
966 779 1126 856 praeveni-

166 866 224 930 ret,
252 860 329 920 inter
351 880 426 937 quas
447 880 516 922 curn
540 880 597 921 uon
621 862 760 922 intimum
785 864 883 921 locum
908 880 1027 937 semper
1049 860 1127 920 obti-

165 943 266 1002 uuerit
280 941 427 1004 Nativitas
450 936 568 1003 Domini
592 944 684 1014 nostri
708 934 774 1003 iesu
791 942 913 1008 Christi
931 945 1137 1005 suametiam'

101 1096 104 1100 Ι
164 1024 202 1082 ab
225 1024 309 1094 initio
335 1027 466 1102 uigiliam
491 1026 635 1087 babuisse
660 1027 784 1086 minime
802 1024 1008 1101 ambigimus,
1019 1042 1124 1100 quam

163 1123 232 1166 cum
247 1103 362 1181 jejunio
385 1107 568 1168 celebratam
587 1107 680 1167 luisse
696 1109 839 1167 discimus
854 1126 890 1167 ex
913 1106 943 1167 S.
963 1106 1124 1181 Augustini

163 1187 298 1263 Epistola
319 1186 361 1248 65
382 1191 419 1248 ad
442 1188 643 1266 xantippum.
668 1183 817 1266 lejunium
841 1190 993 1265 usquead
1016 1189 1122 1247 boram

163 1267 368 1343 Vesperarum
401 1271 606 1350 perdurabat,
642 1276 708 1349 post
728 1272 868 1333 Ollicium
892 1288 963 1329 vero
997 1268 1126 1343 quilibet

162 1350 289 1411 domum
311 1352 478 1420 secedebat,
503 1352 631 1428 ciboque
654 1362 786 1430 sumpto,
811 1354 962 1428 aliquanto
986 1358 1141 1426 tempore·

163 1432 380 1526 quiescebant,
404 1440 495 1509 alque
518 1435 638 1495 lodoin
662 1434 809 1497 Belesiam
833 1435 869 1493 ad
892 1434 1031 1493 Officium
1057 1432 1124 1491 reli-

155 1516 225 1590 ‘quo
242 1516 337 1583 noctis
360 1519 496 1590 tempore
511 1518 693 1576 cantandum
719 1512 864 1577 redibant
890 1516 999 1574 Variae
1022 1519 1125 1575 extant

163 1594 261 1655 Olbcii
285 1596 340 1655 bae
363 1598 411 1656 die
434 1598 578 1657 recitandi
605 1601 747 1659 rationes
767 1600 799 1659 ln
822 1598 998 1673 quibusdam
1017 1595 1123 1655 Roma

162 1678 208 1737 nis
222 1676 390 1737 Ordinariis
412 1668 491 1753 apud
507 1679 703 1739 Thomasium
728 1700 757 1758 p
776 1679 816 1739 36
838 1679 1047 1739 luvilatorium
1063 1684 1121 1747 est,

136 1780 140 1785 “
166 1760 306 1823 Christus
332 1759 470 1820 adveniet
497 1763 606 1821 nobis:
635 1764 729 1822 canito
752 1762 920 1821 odoremus.
945 1756 1048 1835 Hujus
1066 1758 1125 1817 Vi-

160 1842 248 1917 giliae
263 1840 418 1901 Officium
422 1842 507 1903 valde
531 1845 662 1903 notabile
685 1848 740 1910 est,
767 1862 862 1919 neque
886 1842 974 1900 rrlln
968 1862 996 1901 ιιι
1020 1860 1052 1901 re
1075 1858 1125 1901 ee·

160 1924 204 1984 dit
225 1923 344 2001 Vigiliis
366 1922 519 1985 Pascbatis
541 1930 572 1985 et
594 1915 796 1986 Pentecosles
821 1924 854 1983 l'n
877 1922 1008 1983 Homilia
1030 1939 1137 1999 super.¹

124 2000 128 2005 ’
162 2003 361 2081 Evangelium
384 2009 518 2081 agnoscrt
540 2006 570 2067 S
586 2006 798 2085 Hieronymus
820 2006 1027 2066 Bellissimam
1055 2003 1126 2064 Vir·

111 2115 115 2121 ·
161 2088 260 2163 ginem
283 2102 400 2146 revera
414 2094 537 2163 nup-tarn
562 2087 594 2147 S.
619 2088 749 2165 loseplro
773 2088 880 2155 luisse,
906 2104 1066 2163 verasque
1077 2105 1125 2146 ra·

161 2169 258 2228 tiones
277 2167 389 2233 reddit,
414 2168 452 2227 ob
475 2186 550 2245 quas
574 2168 660 2230 lesus
676 2170 814 2231 Christus
836 2188 873 2229 ex
897 2170 1025 2229 muliere
1050 2186 1125 2229 uxo·

162 2254 227 2308 rata
250 2249 322 2307 oriri
345 2248 482 2310 debebat.
508 2250 541 2310 ln
557 2251 624 2310 aliis
646 2252 808 2324 Breviariis
831 2250 965 2310 Humilia
988 2256 1053 2310 erat
1074 2250 1123 2309 vel

160 2329 331 2396 S.,Hilarii
357 2330 573 2408 relOrigenis‚
598 2334 856 2409 quemadmodum
873 2332 994 2393 Ulrieus
1016 2332 1124 2391 insuis

159 2410 431 2473 Constitutionibus
452 2413 703 2477 Cluuiacensibus
725 2412 910 2485 educavit,
925 2420 976 2474 aut
999 2413 1124 2474 demum

159 2492 266 2557 Sermo
288 2494 319 2555 S
344 2493 480 2553 Severini
504 2494 655 2575 Episcopi
680 2495 829 2557 Solemnis
852 2494 1058 2575 Martyrologii
1082 2495 1125 2555 le-

157 2579 220 2637 ctio
234 2594 320 2652 quae
342 2576 379 2633 ad
397 2575 535 2637 Primam
559 2577 614 2647 lit,
640 2584 736 2655 atque
754 2594 818 2658 mos
840 2595 970 2654 genua
959 2574 1122 2655 flectendi,

157 2675 228 2721 cum
252 2658 321 2718 lesu
334 2651 448 2719 Christi
471 2665 558 2719 ortus
581 2662 789 2729 annuntiatur.
814 2648 1040 2734 antiquissimus
1061 2664 1121 2719 est.

155 2740 224 2802 Mos
240 2744 306 2800 erat
321 2738 470 2817 majorum
487 2740 733 2809 solemnitatum,
751 2740 947 2819 Martyrolog'
941 2759 1002 2800 rum
1020 2740 1121 2817 legere

155 2822 185 2881 iu
207 2821 358 2899 Capitulo,
382 2827 472 2897 atque
496 2824 582 2883 humi
605 2842 638 2885 se
654 2829 800 2888 sternere.
817 2823 889 2881 dum
914 2823 981 2882 illae
1003 2841 1121 2881 annun

157 2904 318 2972 tiabantur,
336 2905 415 2981 quod
432 2906 555 2979 quidem
579 2907 608 2965 in
626 2906 762 2983 pluribus
777 2902 875 2964 Festis
891 2903 992 2965 fiebat.
1011 2902 1043 2963 ln
1059 2903 1122 2979 plu·

156 2984 239 3045 ribus
251 2985 367 3047 Galliae
382 2983 589 3047 Ecclesiarum
606 2985 775 3047 Ordinerlis
796 2986 901 3047 videre
923 2992 980 3051 est,
1004 2986 1040 3045 ad
1057 2984 1122 3044 Pri·

155 3083 224 3129 mae
246 3066 337 3127 linem
359 3066 509 3146 majorem
532 3066 717 3147 Campanam
742 3068 917 3146 pulsandam
940 3084 1017 3131 esse.
1042 3085 1121 3143 quoe

156 3150 338 3219 admoneat,
373 3150 403 3207 in
424 3147 598 3225 Capitulum
631 3152 767 3210 eundum
797 3167 863 3210 esse
898 3149 1120 3227 adlegandum

155 3230 420 3310 Martyrologium,
444 3236 476 3290 et
497 3248 594 3304 genua
610 3230 757 3293 llectenda
781 3248 849 3289 cum
873 3230 980 3292 lector
1003 3231 1118 3326 incipit.

154 3311 195 3372 Ιιι
209 3310 358 3372 Bctlrlecm
380 3310 477 3396 Iudae
498 3312 583 3379 leurs
607 3312 755 3375 Christus
768 3310 865 3372 Filios
887 3314 945 3373 Dei
967 3312 1119 3388 nescim.

155 3388 276 3455 Lector·
282 3410 403 3469 quoque
412 3388 515 3471 genua
527 3386 683 3464 llectebat,
701 3396 791 3472 aitque
805 3396 844 3453 ita
852 3381 1019 3455 lectionem
1032 3396 1120 3455 suam
1206 3438 1210 3443 -

156 3473 386 3543 intermittebat,
412 3492 500 3551 quarn
517 3477 608 3551 paulo
630 3483 699 3554 post
714 3476 911 3548 resumebat3
934 3475 1006 3535 durn
1031 3475 1118 3535 burni

151 3557 362 3625 straliciam,
386 3574 456 3633 pars
477 3554 626 3620 Memento
650 3558 756 3620 solutis
778 3560 901 3621 ductor.
927 3555 1032 3620 Morio
1053 3574 1119 3617 aro-
