2517 4059
432 234 655 305 masam
722 212 727 223 ’

69 365 194 445 goriauo
217 360 352 421 Menardi
375 364 568 439 perspicuum
589 374 647 431 est,
671 373 701 427 et
725 385 763 427 er
785 365 947 427 Ordinibus
970 364 1029 425 lte·

68 446 167 507 manis
199 442 270 503 Vlll
294 450 325 503 et
348 440 404 504 lX.
428 444 595 507 Concilium
618 447 796 509 Toletanum
819 446 860 507 lV
885 448 1029 525 praecipit

67 525 191 588 Canoue
212 522 352 585 xxvltt
386 533 421 586 ut
442 526 515 586 dum
540 526 702 607 Presbyter
733 532 761 587 iu
791 546 879 589 suum
902 528 1029 603 gradum

69 608 249 672 restituitur,
274 607 400 683 recipiat
419 607 458 666 ab
474 606 621 686 Episcopo
637 611 788 675 orarium,
812 616 844 669 et
860 612 1027 686 planetum.

112 688 155 750 ll.
179 686 286 760 Quoad
310 689 439 747 lormam
456 690 549 765 ipsius
559 692 678 758 attinet,
701 693 774 769 scite
796 691 904 749 doecut
920 691 1031 751 Aucto·

69 789 121 831 res
142 770 349 839 eruditissimi,
375 771 508 847 Angelus
531 770 651 843 llocca,
675 774 704 831 io
727 774 872 848 peculiari
893 771 1032 848 disquisi-

69 847 154 913 tione
177 851 221 911 Ile
238 848 341 911 Sancti
357 850 524 927 Grrporii,
556 856 678 934 ejusque
699 852 861 915 Parentum
884 852 1030 929 Imopini-

68 935 134 1003 dna,
159 939 232 991 tom.
250 931 279 993 ll
302 950 369 1009 pag.
387 932 448 993 368
471 952 564 995 novae
579 937 743 1005 editionis,
767 939 798 995 et
820 933 944 994 loannes
959 934 1031 993 tlar-

71 1015 183 1074 diualis
198 1013 291 1083 Boua,
316 1012 409 1074 Lib.l
426 1014 540 1075 ilerum
556 1017 782 1096 Litarpicnrom
800 1057 808 1083 ,
831 1015 906 1091 Cap.
924 1014 1031 1076 XXIV

69 1102 91 1167 ς
115 1093 190 1155 t'lll
210 1096 328 1172 etalii,
353 1098 511 1157 rotundam
536 1098 617 1157 illam
641 1116 765 1176 prorsus
787 1097 906 1163 luisse,
930 1104 1028 1158 totum

69 1178 229 1237 hominem
252 1194 270 1235 a
292 1176 369 1237 collo
390 1195 485 1255 usque
505 1179 543 1238 ad
566 1180 657 1255 pedes
679 1180 875 1247 ambientem,
899 1180 1032 1239 unicam-

72 1277 137 1335 que
166 1259 196 1317 in
219 1258 318 1317 medio
340 1266 513 1335 aperturam
535 1260 720 1329 habentem,
745 1278 799 1336 per
820 1279 912 1337 quam
941 1264 1032 1336 caput

71 1341 312 1411 immitteretur3
335 1357 430 1416 eaque
445 1342 482 1402 de
497 1359 588 1402 causa
604 1346 806 1403 necessarium
830 1343 918 1402 luisse
934 1340 1030 1420 ajunt,

72 1427 108 1481 ut
124 1420 271 1482 Sacerdos
285 1423 419 1498 operari,
435 1429 467 1483 et
481 1423 618 1483 manibus
635 1426 727 1485 libere
743 1425 785 1485 uti
802 1430 913 1500 posset,
937 1425 1031 1499 ipsam

72 1501 218 1563 Casulam
241 1520 332 1579 super
348 1504 472 1564 brachia
484 1505 653 1574 revolvere,
679 1511 710 1567 et
724 1502 918 1579 complicare.
942 1504 1033 1565 Certe

74 1584 119 1643 sio
143 1585 263 1645 indutos
286 1580 457 1657 Pontifices,
482 1593 513 1645 et
533 1584 711 1649 Sacerdotes
735 1588 847 1647 llomae
870 1587 980 1663 passim
1004 1586 1033 1643 in

72 1666 182 1742 priscis
203 1666 407 1727 Ecclesiarum
432 1668 594 1744 parietibus
614 1672 779 1731 ceruimus.
810 1667 935 1743 insuper
966 1664 1034 1724 Pla·

74 1753 145 1807 neta
166 1764 220 1807 seu
243 1746 351 1807 Casula
374 1754 471 1809 totum
493 1749 578 1819 olim,
603 1756 638 1810 ut
659 1750 816 1815 diximus,
839 1748 1033 1809 Sacerdotem

72 1827 258 1889 involvebat.
284 1829 352 1889 irino
375 1839 474 1890 ortum
496 1848 561 1891 esse
577 1849 666 1892 usum
690 1831 826 1909 plerique
848 1829 1033 1897 existimant,

74 1916 110 1971 ut
131 1928 149 1969 a
171 1911 307 1969 ministro
329 1912 509 1973 inserviente
530 1910 689 1983 elevetur,
720 1930 793 1978 oum
821 1911 966 1971 Sacerdos
989 1928 1035 1969 sn·

74 1998 267 2051 crosanotam
297 1990 460 2064 Hostiam,
494 2000 526 2055 et
546 1992 684 2053 Calicem
711 1993 836 2061 elevat;
867 1990 1041 2053 Cardioalis'

73 2072 158 2133 Bona
181 2075 271 2135 eliam
294 2072 439 2151 adjungit,
463 2076 570 2135 exinde
582 2083 680 2136 ortum
703 2076 793 2135 etiam
818 2074 907 2135 luisse
931 2090 1030 2142 usum,

73 2160 110 2215 ut
131 2156 161 2213 in
182 2154 442 2232 Quadrupesima,
466 2158 592 2232 aliisque
618 2158 723 2218 diebus
744 2156 947 2235 jejuniorum,
970 2156 1035 2230 qrri·

73 2237 134 2295 bus
156 2236 285 2296 Ministri
309 2245 435 2299 utuntur
451 2239 586 2316 planetis,
609 2238 805 2314 complicatae
827 2238 886 2297 siut
908 2254 925 2295 a
949 2240 1033 2312 parte

73 2319 232 2386 auteriori,
256 2318 336 2394 quod
363 2322 436 2379 olim
460 2324 583 2396 propter
605 2338 712 2380 earum
735 2318 962 2395 amplitudinem
986 2334 1036 2377 ue·

74 2402 243 2459 cessarium
265 2406 331 2459 erat
348 2432 370 2471 ‚·
392 2406 426 2460 ut
446 2401 577 2477 expediti
599 2405 699 2461 esseut
721 2401 757 2458 ad
792 2399 1032 2465 ministrandum,

75 2481 181 2557 sicque
196 2481 341 2558 paulatim
358 2484 559 2543 introductum
576 2500 642 2543 esse
657 2484 710 2550 ait,
725 2488 758 2542 ut
772 2481 933 2548 Diaconus,
947 2477 1036 2555 eujus

75 2564 108 2621 in
123 2562 214 2622 Missa
237 2563 424 2639 potissimum
447 2570 495 2625 est
516 2565 730 2631 ministerium,
754 2560 907 2623 Planetam
930 2564 1033 2630 eruat,

76 2642 205 2722 ejusque
227 2646 326 2704 locum
348 2648 456 2705 stolam
479 2643 616 2705 latiorem
639 2646 781 2721 accipiat;
805 2644 885 2721 quod
902 2644 966 2702 aevi
992 2658 1035 2701 re-

77 2727 221 2800 centioris
236 2731 299 2795 est3
326 2744 393 2785 uam
409 2727 492 2787 Ordo
509 2732 595 2788 vetus
617 2727 783 2793 Romanus,
809 2744 866 2785 nou
888 2726 956 2784 erui
972 2722 1034 2783 Pla·

78 2812 191 2874 petam,
216 2809 267 2866 sed
284 2809 397 2867 elevari
420 2809 561 2868 mandat:
579 2808 710 2868 iliacoui
729 2806 834 2881 iuquit,
859 2807 956 2865 leuant
971 2805 1037 2881 pln-

77 2900 163 2949 uetos
187 2888 222 2945 iu
243 2890 390 2968 scapulos,
414 2890 507 2950 Porro
533 2890 620 2949 docet
641 2887 855 2972 Graucolas0in
886 2885 1037 2947 Commen-

78 2973 158 3033 tario
179 2971 321 3030 lrr'storiro
341 2970 382 3031 nd
404 2971 599 3033 Breviorium
616 2969 797 3039 Romanam,
822 2968 896 3044 Cap.
915 2962 1038 3027 xxvtl

78 3053 130 3113 ubi
153 3055 215 3130 agit
235 3054 272 3112 de
287 3052 406 3123 Casula,
432 3055 595 3113 lliaconum
618 3052 739 3129 quidem
763 3068 799 3111 ex
816 3049 886 3109 Ritu
905 3049 1038 3109 Romano

27 3151 31 3158 ·
78 3132 218 3195 Casulam
234 3136 384 3211 deponere
399 3136 437 3195 ad
453 3134 663 3214 Evangelium,
687 3133 831 3192 nimirum
855 3132 884 3189 iu
906 3130 1039 3203 Quadra·

78 3218 207 3295 gesimo,
231 3221 263 3277 et
285 3219 398 3277 nonnisi
415 3223 482 3293 post
494 3216 744 3277 Communleuem
763 3213 841 3273 illem
866 3214 974 3271 iterum
991 3229 1042 3271 as·

79 3317 212 3369 sumere,
235 3316 295 3374 quo
318 3298 443 3359 liberius
462 3316 587 3358 munere
609 3314 665 3357 suo
688 3296 850 3372 irrogatum
874 3291 1042 3384 Subdlace·

80 3399 151 3441 num
174 3383 266 3441 eliam
290 3378 453 3458 Epistulam
468 3381 629 3447 lecturum,
652 3378 791 3439 Casulam
808 3376 878 3435 exui
893 3381 976 3450 Juxta
989 3390 1042 3433 ve-

79 3468 178 3524 terem
202 3480 330 3531 morem,
355 3480 417 3539 quo
440 3460 591 3529 Lectores,
617 3460 688 3520 dum
714 3475 822 3519 munus
844 3474 933 3515 sarram
949 3472 1039 3515 exer·

79 3546 200 3614 cebant,
224 3545 298 3604 allois
313 3548 401 3604 erant
416 3544 521 3605 induti.
539 3541 647 3603 Graeci
663 3541 763 3602 adhue
779 3538 873 3598 hodie·
885 3537 1038 3613 antiquam

79 3625 208 3689 Carsulae
229 3626 359 3688 termam
382 3625 523 3695 retinent,
546 3623 645 3687 Latini
666 3640 739 3682 vero
762 3619 798 3681 ad
821 3618 977 3680 vitandum
999 3618 1043 3677 iu·
