<?xml version="1.0" encoding="UTF-8"?>
<!DOCTYPE html PUBLIC "-//W3C//DTD XHTML 1.0 Transitional//EN"
    "http://www.w3.org/TR/xhtml1/DTD/xhtml1-transitional.dtd">
<html xmlns="http://www.w3.org/1999/xhtml" xml:lang="en" lang="en">
 <head>
  <title>
</title>
<meta http-equiv="Content-Type" content="text/html;charset=utf-8" />
  <meta name='ocr-system' content='tesseract 3.04.00' />
  <meta name='ocr-capabilities' content='ocr_page ocr_carea ocr_par ocr_line ocrx_word'/>
</head>
<body>
  <div class='ocr_page' id='page_1' title='image "./institutionesli00marigoog_0407.png"; bbox 0 0 2517 4059; ppageno 0'>
   <div class='ocr_carea' id='block_1_1' title="bbox 498 208 721 280">
    <p class='ocr_par' dir='ltr' id='par_1_1' title="bbox 498 208 721 280">
     <span class='ocr_line' id='line_1_1' title="bbox 498 208 721 280; baseline -0.004 -12"><span class='ocrx_word' id='word_1_1' title='bbox 498 208 721 280; x_wconf 52' lang='lat' dir='ltr'><strong>*Simm-</strong></span> 
     </span>
    </p>
   </div>
   <div class='ocr_carea' id='block_1_2' title="bbox 101 328 1109 3727">
    <p class='ocr_par' dir='ltr' id='par_1_2' title="bbox 101 328 1109 3727">
     <span class='ocr_line' id='line_1_2' title="bbox 135 328 1086 417; baseline 0.002 -22"><span class='ocrx_word' id='word_1_2' title='bbox 135 355 214 415; x_wconf 86' lang='lat' dir='ltr'><strong>gna,</strong></span> <span class='ocrx_word' id='word_1_3' title='bbox 238 354 315 411; x_wconf 83' lang='lat' dir='ltr'><strong>quae</strong></span> <span class='ocrx_word' id='word_1_4' title='bbox 339 342 478 397; x_wconf 90' lang='lat' dir='ltr'><strong>notentur</strong></span> <span class='ocrx_word' id='word_1_5' title='bbox 499 356 533 396; x_wconf 88' lang='lat' dir='ltr'><strong>ea</strong></span> <span class='ocrx_word' id='word_1_6' title='bbox 557 336 670 397; x_wconf 87' lang='lat' dir='ltr'><strong>verba:</strong></span> <span class='ocrx_word' id='word_1_7' title='bbox 699 336 747 395; x_wconf 88' lang='lat' dir='ltr'><strong>Do</strong></span> <span class='ocrx_word' id='word_1_8' title='bbox 769 338 848 395; x_wconf 83' lang='lat' dir='ltr'><strong>uotis</strong></span> <span class='ocrx_word' id='word_1_9' title='bbox 866 354 922 413; x_wconf 85' lang='lat' dir='ltr'><strong>per</strong></span> <span class='ocrx_word' id='word_1_10' title='bbox 943 337 1032 417; x_wconf 75' lang='lat' dir='ltr'><strong>liujus</strong></span> <span class='ocrx_word' id='word_1_11' title='bbox 1054 328 1086 396; x_wconf 67' lang='grc' dir='ltr'><strong>α’-</strong></span> 
     </span>
     <span class='ocr_line' id='line_1_3' title="bbox 136 416 1086 499; baseline 0.002 -22"><span class='ocrx_word' id='word_1_12' title='bbox 136 434 212 499; x_wconf 77' lang='lat' dir='ltr'><strong>quiue</strong></span> <span class='ocrx_word' id='word_1_13' title='bbox 234 426 261 476; x_wconf 85' lang='lat' dir='ltr'><strong>ct</strong></span> <span class='ocrx_word' id='word_1_14' title='bbox 282 418 346 478; x_wconf 85' lang='lat' dir='ltr'><strong>uiui</strong></span> <span class='ocrx_word' id='word_1_15' title='bbox 366 418 542 497; x_wconf 72' lang='lat' dir='ltr'><strong><em>mysterium</em></strong></span> <span class='ocrx_word' id='word_1_16' title='bbox 565 420 629 499; x_wconf 83' lang='lat' dir='ltr'><strong>ejus</strong></span> <span class='ocrx_word' id='word_1_17' title='bbox 651 416 821 477; x_wconf 80' lang='lat' dir='ltr'><strong>diuinitatis</strong></span> <span class='ocrx_word' id='word_1_18' title='bbox 844 436 901 476; x_wconf 86' lang='lat' dir='ltr'><strong>csse</strong></span> <span class='ocrx_word' id='word_1_19' title='bbox 923 418 1086 487; x_wconf 75' lang='lat' dir='ltr'><strong>consortes,</strong></span> 
     </span>
     <span class='ocr_line' id='line_1_4' title="bbox 136 499 1090 581; baseline 0.001 -23"><span class='ocrx_word' id='word_1_20' title='bbox 136 502 190 581; x_wconf 80' lang='lat' dir='ltr'><strong>qui</strong></span> <span class='ocrx_word' id='word_1_21' title='bbox 211 500 408 559; x_wconf 77' lang='lat' dir='ltr'><strong>humanitatis</strong></span> <span class='ocrx_word' id='word_1_22' title='bbox 429 510 550 561; x_wconf 84' lang='lat' dir='ltr'><strong>nostroe</strong></span> <span class='ocrx_word' id='word_1_23' title='bbox 572 500 642 580; x_wconf 81' lang='lat' dir='ltr'><strong>fieri</strong></span> <span class='ocrx_word' id='word_1_24' title='bbox 663 499 804 577; x_wconf 75' lang='lat' dir='ltr'><strong>clipeatus</strong></span> <span class='ocrx_word' id='word_1_25' title='bbox 823 509 864 559; x_wconf 85' lang='lat' dir='ltr'><strong>est</strong></span> <span class='ocrx_word' id='word_1_26' title='bbox 874 501 1028 579; x_wconf 77' lang='lat' dir='ltr'><strong><em>particeps</em></strong></span> <span class='ocrx_word' id='word_1_27' title='bbox 1044 499 1090 559; x_wconf 82' lang='lat' dir='ltr'><strong>lc·</strong></span> 
     </span>
     <span class='ocr_line' id='line_1_5' title="bbox 136 578 1088 659; baseline -0.001 -17"><span class='ocrx_word' id='word_1_28' title='bbox 136 600 191 642; x_wconf 83' lang='lat' dir='ltr'><strong>sus·</strong></span> <span class='ocrx_word' id='word_1_29' title='bbox 210 581 349 643; x_wconf 76' lang='lat' dir='ltr'><strong>Christus</strong></span> <span class='ocrx_word' id='word_1_30' title='bbox 371 578 466 642; x_wconf 72' lang='lat' dir='ltr'><strong>lilius</strong></span> <span class='ocrx_word' id='word_1_31' title='bbox 488 592 557 643; x_wconf 88' lang='lat' dir='ltr'><strong>tuus</strong></span> <span class='ocrx_word' id='word_1_32' title='bbox 580 580 726 641; x_wconf 83' lang='lat' dir='ltr'><strong>Dominus</strong></span> <span class='ocrx_word' id='word_1_33' title='bbox 746 591 856 640; x_wconf 84' lang='lat' dir='ltr'><strong>noster.</strong></span> <span class='ocrx_word' id='word_1_34' title='bbox 883 580 1020 659; x_wconf 74' lang='lat' dir='ltr'><strong>Myslerli</strong></span> <span class='ocrx_word' id='word_1_35' title='bbox 1036 600 1088 641; x_wconf 95' lang='lat' dir='ltr'><strong>no-</strong></span> 
     </span>
     <span class='ocr_line' id='line_1_6' title="bbox 135 662 1089 725; baseline -0.001 -1"><span class='ocrx_word' id='word_1_36' title='bbox 135 664 219 724; x_wconf 86' lang='lat' dir='ltr'><strong>mine</strong></span> <span class='ocrx_word' id='word_1_37' title='bbox 242 666 284 723; x_wconf 91' lang='lat' dir='ltr'><strong>ull</strong></span> <span class='ocrx_word' id='word_1_38' title='bbox 307 663 447 725; x_wconf 87' lang='lat' dir='ltr'><strong>observat</strong></span> <span class='ocrx_word' id='word_1_39' title='bbox 469 662 510 724; x_wconf 89' lang='lat' dir='ltr'><strong>Le</strong></span> <span class='ocrx_word' id='word_1_40' title='bbox 535 664 615 725; x_wconf 88' lang='lat' dir='ltr'><strong>Brun</strong></span> <span class='ocrx_word' id='word_1_41' title='bbox 639 664 757 723; x_wconf 88' lang='lat' dir='ltr'><strong>occulta</strong></span> <span class='ocrx_word' id='word_1_42' title='bbox 781 679 844 723; x_wconf 86' lang='lat' dir='ltr'><strong>res.</strong></span> <span class='ocrx_word' id='word_1_43' title='bbox 869 667 922 724; x_wconf 88' lang='lat' dir='ltr'><strong>aut</strong></span> <span class='ocrx_word' id='word_1_44' title='bbox 937 670 1089 724; x_wconf 90' lang='lat' dir='ltr'><strong>secretum</strong></span> 
     </span>
     <span class='ocr_line' id='line_1_7' title="bbox 137 743 1090 823; baseline -0.001 -18"><span class='ocrx_word' id='word_1_45' title='bbox 137 745 256 823; x_wconf 82' lang='lat' dir='ltr'><strong>signum</strong></span> <span class='ocrx_word' id='word_1_46' title='bbox 278 746 371 813; x_wconf 69' lang='lat' dir='ltr'><strong>venltz</strong></span> <span class='ocrx_word' id='word_1_47' title='bbox 396 762 489 822; x_wconf 82' lang='lat' dir='ltr'><strong>quere</strong></span> <span class='ocrx_word' id='word_1_48' title='bbox 511 763 580 806; x_wconf 92' lang='lat' dir='ltr'><strong>cum</strong></span> <span class='ocrx_word' id='word_1_49' title='bbox 604 743 737 805; x_wconf 80' lang='lat' dir='ltr'><strong>Ecclesia</strong></span> <span class='ocrx_word' id='word_1_50' title='bbox 752 762 768 803; x_wconf 93' lang='lat' dir='ltr'><strong>a</strong></span> <span class='ocrx_word' id='word_1_51' title='bbox 786 745 890 823; x_wconf 86' lang='lat' dir='ltr'><strong>primis</strong></span> <span class='ocrx_word' id='word_1_52' title='bbox 912 762 1006 822; x_wconf 87' lang='lat' dir='ltr'><strong>usque</strong></span> <span class='ocrx_word' id='word_1_53' title='bbox 1022 744 1090 805; x_wconf 84' lang='lat' dir='ltr'><strong>Sae-</strong></span> 
     </span>
     <span class='ocr_line' id='line_1_8' title="bbox 136 826 1088 905; baseline -0.001 -19"><span class='ocrx_word' id='word_1_54' title='bbox 136 827 213 887; x_wconf 88' lang='lat' dir='ltr'><strong>culis</strong></span> <span class='ocrx_word' id='word_1_55' title='bbox 235 845 344 905; x_wconf 87' lang='lat' dir='ltr'><strong>aquam</strong></span> <span class='ocrx_word' id='word_1_56' title='bbox 367 828 395 884; x_wconf 92' lang='lat' dir='ltr'><strong>in</strong></span> <span class='ocrx_word' id='word_1_57' title='bbox 417 827 546 887; x_wconf 81' lang='lat' dir='ltr'><strong>Calicem</strong></span> <span class='ocrx_word' id='word_1_58' title='bbox 563 845 631 886; x_wconf 92' lang='lat' dir='ltr'><strong>cum</strong></span> <span class='ocrx_word' id='word_1_59' title='bbox 650 828 718 885; x_wconf 78' lang='lat' dir='ltr'><strong>uino</strong></span> <span class='ocrx_word' id='word_1_60' title='bbox 734 826 857 885; x_wconf 80' lang='lat' dir='ltr'><strong>mixtam</strong></span> <span class='ocrx_word' id='word_1_61' title='bbox 879 831 1036 904; x_wconf 87' lang='lat' dir='ltr'><strong>tamquam</strong></span> <span class='ocrx_word' id='word_1_62' title='bbox 1053 845 1088 885; x_wconf 91' lang='lat' dir='ltr'><strong>u·</strong></span> 
     </span>
     <span class='ocr_line' id='line_1_9' title="bbox 137 906 1091 987; baseline -0.001 -19"><span class='ocrx_word' id='word_1_63' title='bbox 137 909 233 968; x_wconf 91' lang='lat' dir='ltr'><strong>nlonis</strong></span> <span class='ocrx_word' id='word_1_64' title='bbox 256 910 355 985; x_wconf 89' lang='lat' dir='ltr'><strong>populi</strong></span> <span class='ocrx_word' id='word_1_65' title='bbox 379 906 474 967; x_wconf 88' lang='lat' dir='ltr'><strong>fidelis</strong></span> <span class='ocrx_word' id='word_1_66' title='bbox 489 926 557 968; x_wconf 91' lang='lat' dir='ltr'><strong>cnm</strong></span> <span class='ocrx_word' id='word_1_67' title='bbox 573 906 694 968; x_wconf 88' lang='lat' dir='ltr'><strong>Christo</strong></span> <span class='ocrx_word' id='word_1_68' title='bbox 710 907 858 967; x_wconf 72' lang='lat' dir='ltr'><strong>occultam</strong></span> <span class='ocrx_word' id='word_1_69' title='bbox 881 906 1007 987; x_wconf 79' lang='lat' dir='ltr'><strong>figuram</strong></span> <span class='ocrx_word' id='word_1_70' title='bbox 1024 925 1091 983; x_wconf 88' lang='lat' dir='ltr'><strong>spe·</strong></span> 
     </span>
     <span class='ocr_line' id='line_1_10' title="bbox 138 989 1089 1066; baseline -0.003 -16"><span class='ocrx_word' id='word_1_71' title='bbox 138 996 223 1051; x_wconf 87' lang='lat' dir='ltr'><strong>ctare</strong></span> <span class='ocrx_word' id='word_1_72' title='bbox 245 992 447 1059; x_wconf 78' lang='lat' dir='ltr'><strong>consueverit,</strong></span> <span class='ocrx_word' id='word_1_73' title='bbox 470 991 598 1051; x_wconf 87' lang='lat' dir='ltr'><strong>orationi</strong></span> <span class='ocrx_word' id='word_1_74' title='bbox 622 989 767 1066; x_wconf 79' lang='lat' dir='ltr'><strong>proinde,</strong></span> <span class='ocrx_word' id='word_1_75' title='bbox 790 990 827 1049; x_wconf 90' lang='lat' dir='ltr'><strong>de</strong></span> <span class='ocrx_word' id='word_1_76' title='bbox 842 1008 902 1065; x_wconf 90' lang='lat' dir='ltr'><strong>qua</strong></span> <span class='ocrx_word' id='word_1_77' title='bbox 926 991 1089 1066; x_wconf 86' lang='lat' dir='ltr'><strong>loquimur,</strong></span> 
     </span>
     <span class='ocr_line' id='line_1_11' title="bbox 138 1069 1092 1148; baseline -0.001 -17"><span class='ocrx_word' id='word_1_78' title='bbox 138 1072 216 1132; x_wconf 89' lang='lat' dir='ltr'><strong>haec</strong></span> <span class='ocrx_word' id='word_1_79' title='bbox 238 1072 331 1132; x_wconf 84' lang='lat' dir='ltr'><strong>verbe</strong></span> <span class='ocrx_word' id='word_1_80' title='bbox 353 1073 490 1140; x_wconf 88' lang='lat' dir='ltr'><strong>inseruit,</strong></span> <span class='ocrx_word' id='word_1_81' title='bbox 515 1090 593 1147; x_wconf 79' lang='lat' dir='ltr'><strong>oriae</strong></span> <span class='ocrx_word' id='word_1_82' title='bbox 608 1090 644 1132; x_wconf 85' lang='lat' dir='ltr'><strong>ex</strong></span> <span class='ocrx_word' id='word_1_83' title='bbox 661 1073 789 1148; x_wconf 89' lang='lat' dir='ltr'><strong>quadam</strong></span> <span class='ocrx_word' id='word_1_84' title='bbox 813 1069 942 1132; x_wconf 85' lang='lat' dir='ltr'><strong>Missalls</strong></span> <span class='ocrx_word' id='word_1_85' title='bbox 964 1073 1092 1133; x_wconf 83' lang='lat' dir='ltr'><strong>Ambro-</strong></span> 
     </span>
     <span class='ocr_line' id='line_1_12' title="bbox 138 1150 1091 1231; baseline -0.002 -18"><span class='ocrx_word' id='word_1_86' title='bbox 138 1154 213 1213; x_wconf 86' lang='lat' dir='ltr'><strong>siani</strong></span> <span class='ocrx_word' id='word_1_87' title='bbox 236 1150 390 1222; x_wconf 78' lang='lat' dir='ltr'><strong>Collecta,</strong></span> <span class='ocrx_word' id='word_1_88' title='bbox 414 1160 445 1213; x_wconf 90' lang='lat' dir='ltr'><strong>et</strong></span> <span class='ocrx_word' id='word_1_89' title='bbox 465 1172 503 1211; x_wconf 87' lang='lat' dir='ltr'><strong>ex</strong></span> <span class='ocrx_word' id='word_1_90' title='bbox 518 1154 760 1214; x_wconf 77' lang='lat' dir='ltr'><strong>sacramentario</strong></span> <span class='ocrx_word' id='word_1_91' title='bbox 781 1151 939 1214; x_wconf 87' lang='lat' dir='ltr'><strong>Gelasiano</strong></span> <span class='ocrx_word' id='word_1_92' title='bbox 962 1173 1016 1231; x_wconf 93' lang='lat' dir='ltr'><strong>pro</strong></span> <span class='ocrx_word' id='word_1_93' title='bbox 1032 1154 1091 1213; x_wconf 87' lang='lat' dir='ltr'><strong>Ilo-</strong></span> 
     </span>
     <span class='ocr_line' id='line_1_13' title="bbox 138 1232 1094 1313; baseline -0.002 -18"><span class='ocrx_word' id='word_1_94' title='bbox 138 1236 242 1295; x_wconf 90' lang='lat' dir='ltr'><strong>mlnici</strong></span> <span class='ocrx_word' id='word_1_95' title='bbox 264 1234 377 1295; x_wconf 89' lang='lat' dir='ltr'><strong>Natalis</strong></span> <span class='ocrx_word' id='word_1_96' title='bbox 399 1232 505 1293; x_wconf 83' lang='lat' dir='ltr'><strong>Officio</strong></span> <span class='ocrx_word' id='word_1_97' title='bbox 528 1236 706 1313; x_wconf 87' lang='lat' dir='ltr'><strong>deprompta</strong></span> <span class='ocrx_word' id='word_1_98' title='bbox 727 1239 806 1295; x_wconf 88' lang='lat' dir='ltr'><strong>sunt.</strong></span> <span class='ocrx_word' id='word_1_99' title='bbox 831 1234 928 1312; x_wconf 81' lang='lat' dir='ltr'><strong>Rogat</strong></span> <span class='ocrx_word' id='word_1_100' title='bbox 942 1254 1037 1313; x_wconf 83' lang='lat' dir='ltr'><strong>ergo,</strong></span> <span class='ocrx_word' id='word_1_101' title='bbox 1061 1241 1094 1294; x_wconf 91' lang='lat' dir='ltr'><strong>ut</strong></span> 
     </span>
     <span class='ocr_line' id='line_1_14' title="bbox 139 1318 1090 1395; baseline -0.004 -17"><span class='ocrx_word' id='word_1_102' title='bbox 139 1318 199 1378; x_wconf 88' lang='lat' dir='ltr'><strong>hoc</strong></span> <span class='ocrx_word' id='word_1_103' title='bbox 222 1318 374 1377; x_wconf 75' lang='lat' dir='ltr'><strong>mixtionis</strong></span> <span class='ocrx_word' id='word_1_104' title='bbox 396 1334 492 1392; x_wconf 83' lang='lat' dir='ltr'><strong>equae</strong></span> <span class='ocrx_word' id='word_1_105' title='bbox 514 1334 582 1375; x_wconf 88' lang='lat' dir='ltr'><strong>cnm</strong></span> <span class='ocrx_word' id='word_1_106' title='bbox 606 1318 675 1376; x_wconf 88' lang='lat' dir='ltr'><strong>vino</strong></span> <span class='ocrx_word' id='word_1_107' title='bbox 697 1318 899 1395; x_wconf 81' lang='lat' dir='ltr'><strong>mysterium,</strong></span> <span class='ocrx_word' id='word_1_108' title='bbox 928 1336 982 1395; x_wconf 89' lang='lat' dir='ltr'><strong>per</strong></span> <span class='ocrx_word' id='word_1_109' title='bbox 1004 1318 1090 1377; x_wconf 90' lang='lat' dir='ltr'><strong>unio-</strong></span> 
     </span>
     <span class='ocr_line' id='line_1_15' title="bbox 140 1396 1094 1475; baseline -0.004 -15"><span class='ocrx_word' id='word_1_110' title='bbox 140 1417 209 1460; x_wconf 89' lang='lat' dir='ltr'><strong>nem</strong></span> <span class='ocrx_word' id='word_1_111' title='bbox 233 1417 323 1475; x_wconf 90' lang='lat' dir='ltr'><strong>qnam</strong></span> <span class='ocrx_word' id='word_1_112' title='bbox 347 1398 491 1465; x_wconf 81' lang='lat' dir='ltr'><strong>exhibet,</strong></span> <span class='ocrx_word' id='word_1_113' title='bbox 522 1396 702 1473; x_wconf 83' lang='lat' dir='ltr'><strong>perficiatur.</strong></span> <span class='ocrx_word' id='word_1_114' title='bbox 736 1397 808 1475; x_wconf 78' lang='lat' dir='ltr'><strong>Ejus</strong></span> <span class='ocrx_word' id='word_1_115' title='bbox 831 1400 1001 1459; x_wconf 86' lang='lat' dir='ltr'><strong>Divinitatis</strong></span> <span class='ocrx_word' id='word_1_116' title='bbox 1028 1414 1094 1459; x_wconf 88' lang='lat' dir='ltr'><strong>esse</strong></span> 
     </span>
     <span class='ocr_line' id='line_1_16' title="bbox 141 1479 1095 1557; baseline -0.004 -14"><span class='ocrx_word' id='word_1_117' title='bbox 141 1484 309 1543; x_wconf 84' lang='lat' dir='ltr'><strong>consortes.</strong></span> <span class='ocrx_word' id='word_1_118' title='bbox 328 1480 476 1557; x_wconf 81' lang='lat' dir='ltr'><strong>Excerpta</strong></span> <span class='ocrx_word' id='word_1_119' title='bbox 493 1484 562 1538; x_wconf 90' lang='lat' dir='ltr'><strong>sunt</strong></span> <span class='ocrx_word' id='word_1_120' title='bbox 584 1481 677 1540; x_wconf 85' lang='lat' dir='ltr'><strong>verba</strong></span> <span class='ocrx_word' id='word_1_121' title='bbox 699 1481 775 1541; x_wconf 89' lang='lat' dir='ltr'><strong>haec</strong></span> <span class='ocrx_word' id='word_1_122' title='bbox 791 1499 827 1541; x_wconf 81' lang='lat' dir='ltr'><strong>ex</strong></span> <span class='ocrx_word' id='word_1_123' title='bbox 843 1479 979 1540; x_wconf 72' lang='lat' dir='ltr'><strong>Secuma</strong></span> <span class='ocrx_word' id='word_1_124' title='bbox 994 1479 1024 1539; x_wconf 88' lang='lat' dir='ltr'><strong>S.</strong></span> <span class='ocrx_word' id='word_1_125' title='bbox 1043 1479 1095 1539; x_wconf 90' lang='lat' dir='ltr'><strong>Pe·</strong></span> 
     </span>
     <span class='ocr_line' id='line_1_17' title="bbox 141 1561 1094 1639; baseline -0.004 -17"><span class='ocrx_word' id='word_1_126' title='bbox 141 1564 182 1622; x_wconf 88' lang='lat' dir='ltr'><strong>tri</strong></span> <span class='ocrx_word' id='word_1_127' title='bbox 204 1563 350 1637; x_wconf 85' lang='lat' dir='ltr'><strong>Epistola,</strong></span> <span class='ocrx_word' id='word_1_128' title='bbox 375 1563 402 1621; x_wconf 94' lang='lat' dir='ltr'><strong>in</strong></span> <span class='ocrx_word' id='word_1_129' title='bbox 420 1581 476 1638; x_wconf 88' lang='lat' dir='ltr'><strong>qua</strong></span> <span class='ocrx_word' id='word_1_130' title='bbox 498 1561 607 1623; x_wconf 87' lang='lat' dir='ltr'><strong>dicitur</strong></span> <span class='ocrx_word' id='word_1_131' title='bbox 623 1561 706 1621; x_wconf 85' lang='lat' dir='ltr'><strong>llous</strong></span> <span class='ocrx_word' id='word_1_132' title='bbox 730 1562 814 1621; x_wconf 87' lang='lat' dir='ltr'><strong>nobis</strong></span> <span class='ocrx_word' id='word_1_133' title='bbox 835 1564 977 1637; x_wconf 90' lang='lat' dir='ltr'><strong>quicquid</strong></span> <span class='ocrx_word' id='word_1_134' title='bbox 996 1562 1094 1639; x_wconf 83' lang='lat' dir='ltr'><strong>magni</strong></span> 
     </span>
     <span class='ocr_line' id='line_1_18' title="bbox 141 1637 1096 1721; baseline -0.007 -16"><span class='ocrx_word' id='word_1_135' title='bbox 141 1650 174 1705; x_wconf 90' lang='lat' dir='ltr'><strong>et</strong></span> <span class='ocrx_word' id='word_1_136' title='bbox 196 1645 317 1721; x_wconf 84' lang='lat' dir='ltr'><strong>pretiosi</strong></span> <span class='ocrx_word' id='word_1_137' title='bbox 341 1646 497 1721; x_wconf 84' lang='lat' dir='ltr'><strong>promisit,</strong></span> <span class='ocrx_word' id='word_1_138' title='bbox 522 1661 574 1720; x_wconf 87' lang='lat' dir='ltr'><strong>per</strong></span> <span class='ocrx_word' id='word_1_139' title='bbox 597 1637 748 1704; x_wconf 89' lang='lat' dir='ltr'><strong>&#39;Christum</strong></span> <span class='ocrx_word' id='word_1_140' title='bbox 772 1643 932 1713; x_wconf 81' lang='lat' dir='ltr'><strong>conferre,</strong></span> <span class='ocrx_word' id='word_1_141' title='bbox 957 1650 989 1703; x_wconf 92' lang='lat' dir='ltr'><strong>nt</strong></span> <span class='ocrx_word' id='word_1_142' title='bbox 1013 1641 1096 1701; x_wconf 87' lang='lat' dir='ltr'><strong>Divi-</strong></span> 
     </span>
     <span class='ocr_line' id='line_1_19' title="bbox 143 1722 1097 1802; baseline -0.003 -17"><span class='ocrx_word' id='word_1_143' title='bbox 143 1743 199 1785; x_wconf 86' lang='lat' dir='ltr'><strong>nae</strong></span> <span class='ocrx_word' id='word_1_144' title='bbox 223 1731 346 1786; x_wconf 90' lang='lat' dir='ltr'><strong>naturae</strong></span> <span class='ocrx_word' id='word_1_145' title='bbox 374 1726 532 1802; x_wconf 82' lang='lat' dir='ltr'><strong>participes</strong></span> <span class='ocrx_word' id='word_1_146' title='bbox 554 1743 606 1785; x_wconf 89' lang='lat' dir='ltr'><strong>nos</strong></span> <span class='ocrx_word' id='word_1_147' title='bbox 630 1726 708 1800; x_wconf 89' lang='lat' dir='ltr'><strong>ipsos</strong></span> <span class='ocrx_word' id='word_1_148' title='bbox 730 1725 851 1785; x_wconf 85' lang='lat' dir='ltr'><strong>efficiat.</strong></span> <span class='ocrx_word' id='word_1_149' title='bbox 881 1725 1041 1787; x_wconf 85' lang='lat' dir='ltr'><strong>Praeterea</strong></span> <span class='ocrx_word' id='word_1_150' title='bbox 1063 1722 1097 1782; x_wconf 86' lang='lat' dir='ltr'><strong>li·</strong></span> 
     </span>
     <span class='ocr_line' id='line_1_20' title="bbox 143 1805 1096 1889; baseline -0.003 -22"><span class='ocrx_word' id='word_1_151' title='bbox 143 1807 225 1867; x_wconf 86' lang='lat' dir='ltr'><strong>deles</strong></span> <span class='ocrx_word' id='word_1_152' title='bbox 243 1808 271 1865; x_wconf 90' lang='lat' dir='ltr'><strong>in</strong></span> <span class='ocrx_word' id='word_1_153' title='bbox 289 1805 457 1868; x_wconf 85' lang='lat' dir='ltr'><strong>llivlnitatls</strong></span> <span class='ocrx_word' id='word_1_154' title='bbox 473 1811 589 1886; x_wconf 88' lang='lat' dir='ltr'><strong>partem</strong></span> <span class='ocrx_word' id='word_1_155' title='bbox 605 1808 730 1889; x_wconf 82' lang='lat' dir='ltr'><strong>veniunt</strong></span> <span class='ocrx_word' id='word_1_156' title='bbox 745 1808 861 1884; x_wconf 88' lang='lat' dir='ltr'><strong>potiore</strong></span> <span class='ocrx_word' id='word_1_157' title='bbox 874 1805 941 1884; x_wconf 88' lang='lat' dir='ltr'><strong>jure</strong></span> <span class='ocrx_word' id='word_1_158' title='bbox 958 1825 1010 1881; x_wconf 85' lang='lat' dir='ltr'><strong>per</strong></span> <span class='ocrx_word' id='word_1_159' title='bbox 1027 1806 1096 1867; x_wconf 88' lang='lat' dir='ltr'><strong>San-</strong></span> 
     </span>
     <span class='ocr_line' id='line_1_21' title="bbox 144 1888 1096 1965; baseline -0.002 -16"><span class='ocrx_word' id='word_1_160' title='bbox 144 1889 308 1949; x_wconf 86' lang='lat' dir='ltr'><strong>ctissimam</strong></span> <span class='ocrx_word' id='word_1_161' title='bbox 339 1888 584 1952; x_wconf 80' lang='lat' dir='ltr'><strong>Eucharistium,</strong></span> <span class='ocrx_word' id='word_1_162' title='bbox 613 1889 724 1948; x_wconf 88' lang='lat' dir='ltr'><strong>donum</strong></span> <span class='ocrx_word' id='word_1_163' title='bbox 754 1888 888 1947; x_wconf 90' lang='lat' dir='ltr'><strong>omnium</strong></span> <span class='ocrx_word' id='word_1_164' title='bbox 919 1889 1096 1965; x_wconf 86' lang='lat' dir='ltr'><strong>pretiosissi-</strong></span> 
     </span>
     <span class='ocr_line' id='line_1_22' title="bbox 143 1968 1096 2047; baseline 0.002 -18"><span class='ocrx_word' id='word_1_165' title='bbox 143 1988 242 2041; x_wconf 90' lang='lat' dir='ltr'><strong>mum,</strong></span> <span class='ocrx_word' id='word_1_166' title='bbox 267 1971 508 2047; x_wconf 84' lang='lat' dir='ltr'><strong>maximumque,</strong></span> <span class='ocrx_word' id='word_1_167' title='bbox 532 1968 618 2047; x_wconf 88' lang='lat' dir='ltr'><strong>cujus</strong></span> <span class='ocrx_word' id='word_1_168' title='bbox 642 1972 670 2027; x_wconf 86' lang='lat' dir='ltr'><strong>vi</strong></span> <span class='ocrx_word' id='word_1_169' title='bbox 686 1987 755 2029; x_wconf 89' lang='lat' dir='ltr'><strong>cum</strong></span> <span class='ocrx_word' id='word_1_170' title='bbox 771 1988 857 2029; x_wconf 88' lang='lat' dir='ltr'><strong>sacra</strong></span> <span class='ocrx_word' id='word_1_171' title='bbox 877 1970 988 2031; x_wconf 88' lang='lat' dir='ltr'><strong>Christi</strong></span> <span class='ocrx_word' id='word_1_172' title='bbox 1005 1987 1096 2031; x_wconf 90' lang='lat' dir='ltr'><strong>carne</strong></span> 
     </span>
     <span class='ocr_line' id='line_1_23' title="bbox 145 2051 1097 2130; baseline 0.002 -20"><span class='ocrx_word' id='word_1_173' title='bbox 145 2053 174 2111; x_wconf 92' lang='lat' dir='ltr'><strong>in</strong></span> <span class='ocrx_word' id='word_1_174' title='bbox 191 2053 431 2111; x_wconf 84' lang='lat' dir='ltr'><strong>communionem</strong></span> <span class='ocrx_word' id='word_1_175' title='bbox 448 2054 617 2123; x_wconf 88' lang='lat' dir='ltr'><strong>venientes,</strong></span> <span class='ocrx_word' id='word_1_176' title='bbox 641 2070 709 2111; x_wconf 91' lang='lat' dir='ltr'><strong>cum</strong></span> <span class='ocrx_word' id='word_1_177' title='bbox 727 2051 790 2111; x_wconf 88' lang='lat' dir='ltr'><strong>Deo</strong></span> <span class='ocrx_word' id='word_1_178' title='bbox 807 2054 870 2130; x_wconf 90' lang='lat' dir='ltr'><strong>ipso</strong></span> <span class='ocrx_word' id='word_1_179' title='bbox 886 2053 1097 2113; x_wconf 89' lang='lat' dir='ltr'><strong>communione</strong></span> 
     </span>
     <span class='ocr_line' id='line_1_24' title="bbox 145 2133 1097 2213; baseline 0.001 -20"><span class='ocrx_word' id='word_1_180' title='bbox 145 2134 305 2193; x_wconf 84' lang='lat' dir='ltr'><strong>donentur.</strong></span> <span class='ocrx_word' id='word_1_181' title='bbox 329 2133 405 2195; x_wconf 90' lang='lat' dir='ltr'><strong>Cum</strong></span> <span class='ocrx_word' id='word_1_182' title='bbox 439 2152 515 2209; x_wconf 85' lang='lat' dir='ltr'><strong>equa</strong></span> <span class='ocrx_word' id='word_1_183' title='bbox 548 2139 716 2210; x_wconf 87' lang='lat' dir='ltr'><strong>apponatur</strong></span> <span class='ocrx_word' id='word_1_184' title='bbox 738 2135 873 2213; x_wconf 83' lang='lat' dir='ltr'><strong>mysterii</strong></span> <span class='ocrx_word' id='word_1_185' title='bbox 901 2152 1017 2203; x_wconf 89' lang='lat' dir='ltr'><strong>causa,</strong></span> <span class='ocrx_word' id='word_1_186' title='bbox 1047 2136 1097 2195; x_wconf 85' lang='lat' dir='ltr'><strong>vel</strong></span> 
     </span>
     <span class='ocr_line' id='line_1_25' title="bbox 145 2212 1098 2296; baseline -0.002 -21"><span class='ocrx_word' id='word_1_187' title='bbox 145 2216 272 2275; x_wconf 84' lang='lat' dir='ltr'><strong>minime</strong></span> <span class='ocrx_word' id='word_1_188' title='bbox 304 2222 387 2293; x_wconf 79' lang='lat' dir='ltr'><strong>gutta</strong></span> <span class='ocrx_word' id='word_1_189' title='bbox 413 2216 563 2296; x_wconf 85' lang='lat' dir='ltr'><strong>sufficiens</strong></span> <span class='ocrx_word' id='word_1_190' title='bbox 595 2222 651 2275; x_wconf 90' lang='lat' dir='ltr'><strong>est.</strong></span> <span class='ocrx_word' id='word_1_191' title='bbox 682 2212 762 2275; x_wconf 89' lang='lat' dir='ltr'><strong>Hinc</strong></span> <span class='ocrx_word' id='word_1_192' title='bbox 783 2217 812 2273; x_wconf 90' lang='lat' dir='ltr'><strong>in</strong></span> <span class='ocrx_word' id='word_1_193' title='bbox 839 2215 970 2293; x_wconf 81' lang='lat' dir='ltr'><strong>Litnrgia</strong></span> <span class='ocrx_word' id='word_1_194' title='bbox 997 2216 1098 2277; x_wconf 89' lang='lat' dir='ltr'><strong>lacobi</strong></span> 
     </span>
     <span class='ocr_line' id='line_1_26' title="bbox 142 2294 1098 2377; baseline 0.002 -22"><span class='ocrx_word' id='word_1_195' title='bbox 142 2315 256 2377; x_wconf 82' lang='lat' dir='ltr'><strong>porum</strong></span> <span class='ocrx_word' id='word_1_196' title='bbox 278 2315 374 2376; x_wconf 82' lang='lat' dir='ltr'><strong>oquae</strong></span> <span class='ocrx_word' id='word_1_197' title='bbox 402 2296 617 2357; x_wconf 83' lang='lat' dir='ltr'><strong>inlurnlendnm</strong></span> <span class='ocrx_word' id='word_1_198' title='bbox 647 2298 769 2358; x_wconf 87' lang='lat' dir='ltr'><strong>dicitnr.</strong></span> <span class='ocrx_word' id='word_1_199' title='bbox 803 2294 968 2357; x_wconf 83' lang='lat' dir='ltr'><strong>Concilium</strong></span> <span class='ocrx_word' id='word_1_200' title='bbox 997 2306 1098 2359; x_wconf 90' lang='lat' dir='ltr'><strong>tamen</strong></span> 
     </span>
     <span class='ocr_line' id='line_1_27' title="bbox 101 2376 1100 2457; baseline 0 -20"><span class='ocrx_word' id='word_1_201' title='bbox 101 2387 106 2393; x_wconf 84' lang='lat'>&#39;</span> <span class='ocrx_word' id='word_1_202' title='bbox 147 2378 340 2439; x_wconf 86' lang='lat' dir='ltr'><strong>Triburiense</strong></span> <span class='ocrx_word' id='word_1_203' title='bbox 362 2396 438 2437; x_wconf 92' lang='lat' dir='ltr'><strong>anno</strong></span> <span class='ocrx_word' id='word_1_204' title='bbox 460 2376 520 2438; x_wconf 84' lang='lat'><strong>895</strong></span> <span class='ocrx_word' id='word_1_205' title='bbox 542 2379 725 2439; x_wconf 88' lang='lat' dir='ltr'><strong>celebratum</strong></span> <span class='ocrx_word' id='word_1_206' title='bbox 748 2380 867 2441; x_wconf 90' lang='lat' dir='ltr'><strong>Canone</strong></span> <span class='ocrx_word' id='word_1_207' title='bbox 892 2378 930 2436; x_wconf 81' lang='lat'><strong>19</strong></span> <span class='ocrx_word' id='word_1_208' title='bbox 953 2381 1100 2457; x_wconf 84' lang='lat' dir='ltr'><strong>praescri-</strong></span> 
     </span>
     <span class='ocr_line' id='line_1_28' title="bbox 146 2459 1100 2538; baseline 0.001 -19"><span class='ocrx_word' id='word_1_209' title='bbox 146 2461 217 2537; x_wconf 88' lang='lat' dir='ltr'><strong>psit:</strong></span> <span class='ocrx_word' id='word_1_210' title='bbox 242 2471 275 2521; x_wconf 85' lang='lat' dir='ltr'><strong>ut</strong></span> <span class='ocrx_word' id='word_1_211' title='bbox 296 2459 372 2519; x_wconf 86' lang='lat' dir='ltr'><strong>duce</strong></span> <span class='ocrx_word' id='word_1_212' title='bbox 392 2472 492 2535; x_wconf 82' lang='lat' dir='ltr'><strong>partas</strong></span> <span class='ocrx_word' id='word_1_213' title='bbox 513 2462 664 2527; x_wconf 74' lang='lat' dir='ltr'><strong>tietuini,</strong></span> <span class='ocrx_word' id='word_1_214' title='bbox 689 2463 781 2519; x_wconf 84' lang='lat' dir='ltr'><strong>tertia</strong></span> <span class='ocrx_word' id='word_1_215' title='bbox 803 2480 871 2521; x_wconf 83' lang='lat' dir='ltr'><strong>uero</strong></span> <span class='ocrx_word' id='word_1_216' title='bbox 892 2478 1000 2537; x_wconf 83' lang='lat' dir='ltr'><strong>oquae,</strong></span> <span class='ocrx_word' id='word_1_217' title='bbox 1025 2463 1100 2538; x_wconf 79' lang='lat' dir='ltr'><strong>quio</strong></span> 
     </span>
     <span class='ocr_line' id='line_1_29' title="bbox 147 2541 1101 2622; baseline 0.004 -23"><span class='ocrx_word' id='word_1_218' title='bbox 147 2544 250 2622; x_wconf 78' lang='lat' dir='ltr'><strong>major</strong></span> <span class='ocrx_word' id='word_1_219' title='bbox 273 2552 314 2601; x_wconf 85' lang='lat' dir='ltr'><strong>ast</strong></span> <span class='ocrx_word' id='word_1_220' title='bbox 337 2546 478 2622; x_wconf 78' lang='lat' dir='ltr'><strong>majestas</strong></span> <span class='ocrx_word' id='word_1_221' title='bbox 495 2543 660 2619; x_wconf 78' lang='lat' dir='ltr'><strong>Sonpuinis</strong></span> <span class='ocrx_word' id='word_1_222' title='bbox 674 2542 809 2607; x_wconf 84' lang='lat' dir='ltr'><strong>Domini,</strong></span> <span class='ocrx_word' id='word_1_223' title='bbox 834 2560 924 2620; x_wconf 84' lang='lat' dir='ltr'><strong>quom</strong></span> <span class='ocrx_word' id='word_1_224' title='bbox 946 2541 1101 2620; x_wconf 74' lang='lat' dir='ltr'><strong>scopititos</strong></span> 
     </span>
     <span class='ocr_line' id='line_1_30' title="bbox 144 2622 1102 2703; baseline 0.001 -21"><span class='ocrx_word' id='word_1_225' title='bbox 144 2624 255 2703; x_wconf 84' lang='lat' dir='ltr'><strong>populi</strong></span> <span class='ocrx_word' id='word_1_226' title='bbox 267 2668 274 2693; x_wconf 93' lang='lat'><strong>,</strong></span> <span class='ocrx_word' id='word_1_227' title='bbox 299 2624 352 2701; x_wconf 80' lang='lat' dir='ltr'><strong>qui</strong></span> <span class='ocrx_word' id='word_1_228' title='bbox 369 2644 424 2702; x_wconf 85' lang='lat' dir='ltr'><strong>per</strong></span> <span class='ocrx_word' id='word_1_229' title='bbox 446 2642 556 2702; x_wconf 84' lang='lat' dir='ltr'><strong>uquam</strong></span> <span class='ocrx_word' id='word_1_230' title='bbox 579 2622 765 2700; x_wconf 69' lang='lat' dir='ltr'><strong>desipuimus,</strong></span> <span class='ocrx_word' id='word_1_231' title='bbox 784 2627 880 2703; x_wconf 77' lang='lat' dir='ltr'><strong>juxta</strong></span> <span class='ocrx_word' id='word_1_232' title='bbox 900 2622 979 2681; x_wconf 83' lang='lat' dir='ltr'><strong>illud</strong></span> <span class='ocrx_word' id='word_1_233' title='bbox 996 2625 1102 2702; x_wconf 86' lang='lat' dir='ltr'><strong>popuii</strong></span> 
     </span>
     <span class='ocr_line' id='line_1_31' title="bbox 149 2702 1101 2783; baseline 0.001 -19"><span class='ocrx_word' id='word_1_234' title='bbox 149 2707 239 2765; x_wconf 86' lang='lat' dir='ltr'><strong>multi</strong></span> <span class='ocrx_word' id='word_1_235' title='bbox 260 2723 356 2783; x_wconf 84' lang='lat' dir='ltr'><strong>oquae</strong></span> <span class='ocrx_word' id='word_1_236' title='bbox 379 2708 502 2765; x_wconf 88' lang='lat' dir='ltr'><strong>multae.</strong></span> <span class='ocrx_word' id='word_1_237' title='bbox 526 2702 687 2765; x_wconf 86' lang='lat' dir='ltr'><strong>Caeterum</strong></span> <span class='ocrx_word' id='word_1_238' title='bbox 711 2704 739 2762; x_wconf 91' lang='lat' dir='ltr'><strong>in</strong></span> <span class='ocrx_word' id='word_1_239' title='bbox 761 2708 884 2779; x_wconf 89' lang='lat' dir='ltr'><strong>antiqno</strong></span> <span class='ocrx_word' id='word_1_240' title='bbox 905 2702 1019 2767; x_wconf 90' lang='lat' dir='ltr'><strong>Ordine</strong></span> <span class='ocrx_word' id='word_1_241' title='bbox 1042 2704 1101 2765; x_wconf 86' lang='lat' dir='ltr'><strong>Ro-</strong></span> 
     </span>
     <span class='ocr_line' id='line_1_32' title="bbox 150 2784 1102 2864; baseline 0.002 -19"><span class='ocrx_word' id='word_1_242' title='bbox 150 2804 240 2847; x_wconf 83' lang='lat' dir='ltr'><strong>mano</strong></span> <span class='ocrx_word' id='word_1_243' title='bbox 261 2786 340 2864; x_wconf 81' lang='lat' dir='ltr'><strong>apud</strong></span> <span class='ocrx_word' id='word_1_244' title='bbox 364 2787 582 2852; x_wconf 86' lang='lat' dir='ltr'><strong>llabillonium,</strong></span> <span class='ocrx_word' id='word_1_245' title='bbox 608 2786 658 2845; x_wconf 89' lang='lat' dir='ltr'><strong>ubi</strong></span> <span class='ocrx_word' id='word_1_246' title='bbox 681 2787 718 2845; x_wconf 90' lang='lat' dir='ltr'><strong>de</strong></span> <span class='ocrx_word' id='word_1_247' title='bbox 741 2786 830 2845; x_wconf 91' lang='lat' dir='ltr'><strong>lllissa</strong></span> <span class='ocrx_word' id='word_1_248' title='bbox 852 2784 1010 2847; x_wconf 89' lang='lat' dir='ltr'><strong>aSummo</strong></span> <span class='ocrx_word' id='word_1_249' title='bbox 1027 2788 1102 2847; x_wconf 88' lang='lat' dir='ltr'><strong>Pon-</strong></span> 
     </span>
     <span class='ocr_line' id='line_1_33' title="bbox 132 2864 1104 2947; baseline -0.001 -20"><span class='ocrx_word' id='word_1_250' title='bbox 132 2864 231 2927; x_wconf 83' lang='lat' dir='ltr'><strong>·tilice</strong></span> <span class='ocrx_word' id='word_1_251' title='bbox 253 2868 414 2935; x_wconf 84' lang='lat' dir='ltr'><strong>celebrata,</strong></span> <span class='ocrx_word' id='word_1_252' title='bbox 438 2868 580 2927; x_wconf 88' lang='lat' dir='ltr'><strong>habetur:</strong></span> <span class='ocrx_word' id='word_1_253' title='bbox 605 2865 672 2927; x_wconf 85' lang='lat' dir='ltr'><strong>Post</strong></span> <span class='ocrx_word' id='word_1_254' title='bbox 687 2886 784 2944; x_wconf 81' lang='lat' dir='ltr'><strong>oquae</strong></span> <span class='ocrx_word' id='word_1_255' title='bbox 806 2866 1104 2947; x_wconf 78' lang='lat' dir='ltr'><strong>benedictionem-po-</strong></span> 
     </span>
     <span class='ocr_line' id='line_1_34' title="bbox 151 2948 1103 3027; baseline -0.001 -18"><span class='ocrx_word' id='word_1_256' title='bbox 151 2949 196 3009; x_wconf 84' lang='lat' dir='ltr'><strong>nit</strong></span> <span class='ocrx_word' id='word_1_257' title='bbox 218 2970 286 3009; x_wconf 87' lang='lat' dir='ltr'><strong>cum</strong></span> <span class='ocrx_word' id='word_1_258' title='bbox 307 2950 452 3009; x_wconf 77' lang='lat' dir='ltr'><strong>cochleari</strong></span> <span class='ocrx_word' id='word_1_259' title='bbox 473 2960 531 3009; x_wconf 84' lang='lat' dir='ltr'><strong>tres</strong></span> <span class='ocrx_word' id='word_1_260' title='bbox 551 2958 650 3026; x_wconf 73' lang='lat' dir='ltr'><strong>pultes</strong></span> <span class='ocrx_word' id='word_1_261' title='bbox 672 2966 780 3027; x_wconf 82' lang='lat' dir='ltr'><strong>oquae.</strong></span> <span class='ocrx_word' id='word_1_262' title='bbox 804 2948 980 3010; x_wconf 90' lang='lat' dir='ltr'><strong>Communis</strong></span> <span class='ocrx_word' id='word_1_263' title='bbox 999 2957 1103 3012; x_wconf 87' lang='lat' dir='ltr'><strong>aulem</strong></span> 
     </span>
     <span class='ocr_line' id='line_1_35' title="bbox 151 3030 1104 3107; baseline 0.001 -17"><span class='ocrx_word' id='word_1_264' title='bbox 151 3032 227 3093; x_wconf 82' lang='lat' dir='ltr'><strong>nilus</strong></span> <span class='ocrx_word' id='word_1_265' title='bbox 248 3032 418 3091; x_wconf 85' lang='lat' dir='ltr'><strong>celebrandi</strong></span> <span class='ocrx_word' id='word_1_266' title='bbox 442 3032 562 3092; x_wconf 80' lang='lat' dir='ltr'><strong>Missam</strong></span> <span class='ocrx_word' id='word_1_267' title='bbox 587 3036 606 3101; x_wconf 79' lang='lat'>§</span> <span class='ocrx_word' id='word_1_268' title='bbox 628 3030 648 3089; x_wconf 86' lang='lat'><strong>7</strong></span> <span class='ocrx_word' id='word_1_269' title='bbox 671 3049 753 3091; x_wconf 92' lang='lat' dir='ltr'><strong>num.</strong></span> <span class='ocrx_word' id='word_1_270' title='bbox 782 3030 801 3089; x_wconf 74' lang='lat' dir='ltr'><strong>d</strong></span> <span class='ocrx_word' id='word_1_271' title='bbox 831 3031 977 3107; x_wconf 86' lang='lat' dir='ltr'><strong>praecipit</strong></span> <span class='ocrx_word' id='word_1_272' title='bbox 998 3033 1104 3093; x_wconf 86' lang='lat' dir='ltr'><strong>Sacer-</strong></span> 
     </span>
     <span class='ocr_line' id='line_1_36' title="bbox 152 3111 1102 3192; baseline -0.002 -19"><span class='ocrx_word' id='word_1_273' title='bbox 152 3114 236 3181; x_wconf 85' lang='lat' dir='ltr'><strong>doti,</strong></span> <span class='ocrx_word' id='word_1_274' title='bbox 260 3122 293 3175; x_wconf 90' lang='lat' dir='ltr'><strong>ut</strong></span> <span class='ocrx_word' id='word_1_275' title='bbox 313 3131 425 3192; x_wconf 87' lang='lat' dir='ltr'><strong>purum</strong></span> <span class='ocrx_word' id='word_1_276' title='bbox 447 3130 543 3191; x_wconf 82' lang='lat' dir='ltr'><strong>oquae</strong></span> <span class='ocrx_word' id='word_1_277' title='bbox 565 3111 710 3188; x_wconf 74' lang='lat' dir='ltr'><strong>infundet</strong></span> <span class='ocrx_word' id='word_1_278' title='bbox 732 3114 767 3171; x_wconf 89' lang='lat' dir='ltr'><strong>iu</strong></span> <span class='ocrx_word' id='word_1_279' title='bbox 791 3112 942 3181; x_wconf 85' lang='lat' dir='ltr'><strong>Calicem,</strong></span> <span class='ocrx_word' id='word_1_280' title='bbox 966 3119 997 3172; x_wconf 89' lang='lat' dir='ltr'><strong>et</strong></span> <span class='ocrx_word' id='word_1_281' title='bbox 1020 3132 1102 3173; x_wconf 87' lang='lat' dir='ltr'><strong>num.</strong></span> 
     </span>
     <span class='ocr_line' id='line_1_37' title="bbox 152 3192 1103 3273; baseline 0.001 -18"><span class='ocrx_word' id='word_1_282' title='bbox 152 3196 172 3255; x_wconf 82' lang='lat'><strong>9</strong></span> <span class='ocrx_word' id='word_1_283' title='bbox 194 3196 231 3256; x_wconf 88' lang='lat' dir='ltr'><strong>de</strong></span> <span class='ocrx_word' id='word_1_284' title='bbox 253 3195 441 3255; x_wconf 81' lang='lat' dir='ltr'><strong>Subdiecono</strong></span> <span class='ocrx_word' id='word_1_285' title='bbox 463 3197 493 3253; x_wconf 94' lang='lat' dir='ltr'><strong>in</strong></span> <span class='ocrx_word' id='word_1_286' title='bbox 517 3194 606 3253; x_wconf 88' lang='lat' dir='ltr'><strong>Missa</strong></span> <span class='ocrx_word' id='word_1_287' title='bbox 629 3196 755 3253; x_wconf 90' lang='lat' dir='ltr'><strong>solemni</strong></span> <span class='ocrx_word' id='word_1_288' title='bbox 772 3192 976 3255; x_wconf 73' lang='lat' dir='ltr'><strong>&#39;nlinislrentez</strong></span> <span class='ocrx_word' id='word_1_289' title='bbox 1000 3196 1103 3273; x_wconf 73' lang='lat' dir='ltr'><strong>iufun-</strong></span> 
     </span>
     <span class='ocr_line' id='line_1_38' title="bbox 154 3276 1106 3357; baseline 0.001 -21"><span class='ocrx_word' id='word_1_290' title='bbox 154 3277 200 3337; x_wconf 87' lang='lat' dir='ltr'><strong>dit</strong></span> <span class='ocrx_word' id='word_1_291' title='bbox 221 3276 230 3357; x_wconf 82' lang='grc'>(</span> <span class='ocrx_word' id='word_1_292' title='bbox 242 3276 357 3355; x_wconf 84' lang='lat' dir='ltr'><strong>inquit]</strong></span> <span class='ocrx_word' id='word_1_293' title='bbox 380 3278 539 3356; x_wconf 80' lang='lat' dir='ltr'><strong>paulutum</strong></span> <span class='ocrx_word' id='word_1_294' title='bbox 561 3294 660 3354; x_wconf 81' lang='lat' dir='ltr'><strong>oquae</strong></span> <span class='ocrx_word' id='word_1_295' title='bbox 676 3277 710 3334; x_wconf 85' lang='lat' dir='ltr'><strong>in</strong></span> <span class='ocrx_word' id='word_1_296' title='bbox 736 3276 877 3338; x_wconf 85' lang='lat' dir='ltr'><strong>Calicem.</strong></span> <span class='ocrx_word' id='word_1_297' title='bbox 903 3278 948 3337; x_wconf 91' lang='lat' dir='ltr'><strong>lta</strong></span> <span class='ocrx_word' id='word_1_298' title='bbox 969 3284 1000 3337; x_wconf 87' lang='lat' dir='ltr'><strong>et</strong></span> <span class='ocrx_word' id='word_1_299' title='bbox 1019 3277 1106 3337; x_wconf 87' lang='lat' dir='ltr'><strong>Cale·</strong></span> 
     </span>
     <span class='ocr_line' id='line_1_39' title="bbox 153 3356 1107 3435; baseline 0 -16"><span class='ocrx_word' id='word_1_300' title='bbox 153 3359 289 3419; x_wconf 87' lang='lat' dir='ltr'><strong>chismus</strong></span> <span class='ocrx_word' id='word_1_301' title='bbox 312 3357 466 3419; x_wconf 86' lang='lat' dir='ltr'><strong>Romanus</strong></span> <span class='ocrx_word' id='word_1_302' title='bbox 490 3364 565 3435; x_wconf 89' lang='lat' dir='ltr'><strong>part.</strong></span> <span class='ocrx_word' id='word_1_303' title='bbox 591 3356 704 3433; x_wconf 76' lang='lat' dir='ltr'><strong>2Cap.</strong></span> <span class='ocrx_word' id='word_1_304' title='bbox 730 3356 749 3416; x_wconf 82' lang='lat' dir='ltr'><strong>l</strong></span> <span class='ocrx_word' id='word_1_305' title='bbox 771 3359 808 3418; x_wconf 89' lang='lat' dir='ltr'><strong>de</strong></span> <span class='ocrx_word' id='word_1_306' title='bbox 831 3358 1025 3419; x_wconf 73' lang='lat' dir='ltr'><strong>sacramento</strong></span> <span class='ocrx_word' id='word_1_307' title='bbox 1046 3357 1107 3419; x_wconf 82' lang='lat' dir='ltr'><strong>Eu-</strong></span> 
     </span>
     <span class='ocr_line' id='line_1_40' title="bbox 153 3438 1101 3518; baseline -0.003 -16"><span class='ocrx_word' id='word_1_308' title='bbox 153 3442 315 3502; x_wconf 87' lang='lat' dir='ltr'><strong>charistiae</strong></span> <span class='ocrx_word' id='word_1_309' title='bbox 338 3460 422 3500; x_wconf 86' lang='lat' dir='ltr'><strong>num.</strong></span> <span class='ocrx_word' id='word_1_310' title='bbox 449 3439 486 3499; x_wconf 84' lang='lat'><strong>15</strong></span> <span class='ocrx_word' id='word_1_311' title='bbox 509 3445 610 3498; x_wconf 85' lang='lat' dir='ltr'><strong>monet</strong></span> <span class='ocrx_word' id='word_1_312' title='bbox 631 3438 780 3498; x_wconf 85' lang='lat' dir='ltr'><strong>modicam</strong></span> <span class='ocrx_word' id='word_1_313' title='bbox 796 3440 1015 3518; x_wconf 69' lang='lat' dir='ltr'><strong>infundendum</strong></span> <span class='ocrx_word' id='word_1_314' title='bbox 1032 3459 1101 3501; x_wconf 83' lang='lat' dir='ltr'><strong>esse.</strong></span> 
     </span>
     <span class='ocr_line' id='line_1_41' title="bbox 153 3520 1107 3599; baseline -0.004 -14"><span class='ocrx_word' id='word_1_315' title='bbox 153 3522 232 3585; x_wconf 87' lang='lat' dir='ltr'><strong>Usus</strong></span> <span class='ocrx_word' id='word_1_316' title='bbox 254 3530 353 3583; x_wconf 85' lang='lat' dir='ltr'><strong>autem</strong></span> <span class='ocrx_word' id='word_1_317' title='bbox 377 3540 485 3596; x_wconf 85' lang='lat' dir='ltr'><strong>aquam</strong></span> <span class='ocrx_word' id='word_1_318' title='bbox 509 3521 702 3582; x_wconf 80' lang='lat' dir='ltr'><strong>benedicendi</strong></span> <span class='ocrx_word' id='word_1_319' title='bbox 726 3520 796 3580; x_wconf 89' lang='lat' dir='ltr'><strong>hinc</strong></span> <span class='ocrx_word' id='word_1_320' title='bbox 819 3521 901 3593; x_wconf 88' lang='lat' dir='ltr'><strong>init,</strong></span> <span class='ocrx_word' id='word_1_321' title='bbox 929 3523 1008 3599; x_wconf 88' lang='lat' dir='ltr'><strong>quod</strong></span> <span class='ocrx_word' id='word_1_322' title='bbox 1032 3523 1107 3584; x_wconf 91' lang='lat' dir='ltr'><strong>alias</strong></span> 
     </span>
     <span class='ocr_line' id='line_1_42' title="bbox 157 3603 1109 3683; baseline -0.001 -19"><span class='ocrx_word' id='word_1_323' title='bbox 157 3608 187 3665; x_wconf 91' lang='lat' dir='ltr'><strong>in</strong></span> <span class='ocrx_word' id='word_1_324' title='bbox 209 3603 316 3666; x_wconf 88' lang='lat' dir='ltr'><strong>Crucis</strong></span> <span class='ocrx_word' id='word_1_325' title='bbox 339 3604 467 3665; x_wconf 84' lang='lat' dir='ltr'><strong>formam</strong></span> <span class='ocrx_word' id='word_1_326' title='bbox 489 3620 569 3681; x_wconf 88' lang='lat' dir='ltr'><strong>aqna</strong></span> <span class='ocrx_word' id='word_1_327' title='bbox 590 3603 804 3665; x_wconf 81' lang='lat' dir='ltr'><strong>infundebatur</strong></span> <span class='ocrx_word' id='word_1_328' title='bbox 827 3606 854 3664; x_wconf 89' lang='lat' dir='ltr'><strong>in</strong></span> <span class='ocrx_word' id='word_1_329' title='bbox 870 3604 1001 3667; x_wconf 90' lang='lat' dir='ltr'><strong>Calicem</strong></span> <span class='ocrx_word' id='word_1_330' title='bbox 1022 3604 1109 3683; x_wconf 81' lang='lat' dir='ltr'><strong>juxta</strong></span> 
     </span>
     <span class='ocr_line' id='line_1_43' title="bbox 943 3702 956 3727; baseline 0 0"><span class='ocrx_word' id='word_1_331' title='bbox 943 3702 956 3727; x_wconf 67' lang='grc' dir='ltr'>Ι</span> 
     </span>
    </p>
   </div>
   <div class='ocr_carea' id='block_1_3' title="bbox 0 0 1283 4059">
    <p class='ocr_par' dir='ltr' id='par_1_3' title="bbox 0 0 1283 4059">
     <span class='ocr_line' id='line_1_44' title="bbox 0 0 1283 4059; baseline 0 0"><span class='ocrx_word' id='word_1_332' title='bbox 0 0 1283 4059; x_wconf 95' lang='lat' dir='ltr'><strong> </strong></span> 
     </span>
    </p>
   </div>
  </div>
 </body>
</html>
