2517 4059
486 252 547 315 err
570 244 630 305 cra
651 208 711 315 nis

115 371 321 443 Lectionibus,
345 374 408 433 siue
423 371 558 453 liymnm
583 362 691 451 qu'ibu's
714 378 851 437 ternariis
873 374 1077 453 significantur

114 452 218 524 Fides,
235 453 323 531 SpeS,
342 453 533 521 ctharilas,
557 474 634 532 quae
658 458 685 515 ln
701 456 758 515 hoc
782 459 925 539 myste'rio
948 456 1079 516 maxime

114 536 232 612 rigent,
257 543 291 595 ut
312 543 395 597 notat
416 536 587 597 Amalarius
603 538 668 599 Lib.
687 536 728 599 lv
742 536 815 617 Cap.
833 536 884 609 233
909 540 955 598 vel
979 538 1079 598 dicen·

112 616 191 676 dum
215 634 286 677 cum
309 616 442 695 liuperto
458 618 524 679 Lib.
542 617 613 678 Vlll
629 617 740 698 Cap.2
761 622 790 679 in
812 622 931 679 nomine
947 618 999 679 SS.
1015 618 1080 677 Tri·

113 698 220 759 nitatis
242 698 426 759 celebratum
449 718 514 761 esse
526 700 690 779 baptisma,
707 706 738 761 et
759 702 825 761 idco
841 708 902 761 tres
923 702 981 760 dici
996 698 1080 759 Psal-

114 796 195 849 mos:
220 782 269 840 vel
283 780 362 856 quod
379 781 546 843 triduanam
570 784 756 859 sepulturam
779 784 948 852 recolimus,
966 800 1003 842 ex
1019 798 1080 858 qua
1147 816 1150 824 ·

115 859 314 921 Resurrectio
330 868 427 922 ortum
444 863 562 930 habuit,
576 865 620 925 uti
637 866 775 925 observat
786 864 947 925 Durandus
960 862 1025 922 Lib.
1038 859 1078 920 Vl

114 940 193 1019 Cap.
217 940 271 1003 87.
297 940 329 1001 ln
353 944 503 1021 plerisque
526 942 667 1005 Ecclesiis
692 950 759 1023 post
780 946 961 1007 Matutinum
990 942 1081 1004 fiebat

114 1023 260 1084 Officium
283 1024 321 1084 de
336 1024 515 1102 sepulchro.
539 1024 589 1087 Fit
609 1029 700 1087 etiam
726 1028 753 1088 in
771 1026 908 1104 pluribus
923 1024 1077 1093 Ecclesiis,

115 1106 216 1187 ueluti
238 1103 452 1186 Lauduncnsi,
466 1107 608 1169 Remeusi
633 1116 664 1169 et
684 1108 760 1179 aliis,
777 1106 933 1169 Processio
955 1107 1008 1169 SS.
1025 1106 1078 1165 ba-

114 1187 276 1245 cramenti.
300 1184 438 1248 liabetur
467 1190 542 1249 baec
565 1189 721 1253 Processio
749 1192 778 1249 in
806 1192 868 1250 vita
890 1189 921 1249 S.
945 1188 1078 1249 Udalrici

115 1265 261 1344 Episcopi
280 1267 446 1345 Augustani
468 1271 504 1329 ad
527 1271 678 1332 decimum
696 1271 862 1331 saeculum.
887 1270 992 1344 Quoad
1010 1268 1080 1329 Mis·

113 1366 211 1417 sam,
237 1349 309 1409 nibil
332 1350 434 1410 dissert
455 1352 493 1411 ab
515 1370 550 1413 ca
573 1371 665 1429 quam
688 1352 839 1421 dicimus,
864 1352 950 1431 juxta
973 1351 1077 1412 Sacra·

115 1430 301 1490 mentarium
324 1430 354 1491 S.
378 1430 536 1510 Gregorii,
561 1441 687 1511 excepta
710 1433 800 1493 Presa
830 1433 972 1495 liclimec
999 1450 1077 1509 quse

116 1512 272 1572 ‘recentior
295 1518 365 1579 est,
390 1531 443 1571 nec
465 1514 503 1573 de
525 1532 559 1574 ea
582 1522 669 1577 retus
691 1515 807 1575 Auctor
835 1517 990 1591 quisquam
1015 1530 1078 1574 me·

115 1594 216 1653 minii.
241 1593 378 1653 Meminit
404 1599 504 1655 autem
534 1594 692 1656 Durandus
714 1594 779 1656 Lib.
804 1596 848 1656 vl
868 1597 941 1672 Cap.
966 1595 1018 1655 87.
1043 1592 1077 1654 iu

115 1674 234 1736 Missali
258 1672 559 1754 Mozarabicoprima
582 1676 716 1754 Epistola
732 1682 778 1737 cst
799 1678 1007 1756 Apocalypsis,
1031 1694 1078 1736 se-

118 1756 217 1816 cunda
234 1756 457 1833 Apostolorum.
480 1757 514 1818 ln
538 1757 640 1819 Alrica
664 1775 719 1834 pro
742 1758 875 1835 Epistola
901 1758 1077 1835 legebantur

118 1836 218 1897 Actus
240 1835 466 1915 Apostolorum.
489 1836 587 1898 Hodie
601 1840 710 1919 incipit
738 1836 824 1898 Liber
852 1843 978 1912 Artocen
999 1835 1077 1917 Apo-

114 1918 278 1986 scotorum,
304 1920 345 1979 ait
366 1919 397 1979 S.
416 1920 600 1997 Augustinus
618 1917 757 1981 Sermone
773 1916 845 1979 etl:
863 1925 894 1980 et
909 1938 963 1997 pro
978 1918 1077 1978 Eran-

118 2001 203 2077 gelio
224 1996 360 2060 Historia
391 2000 633 2064 Resurrectiunis
664 2001 829 2069 secundum
862 2000 1074 2072 Matthaeum,

76 2138 79 2140 a
116 2088 244 2157 tresque
260 2078 370 2157 reliqui
385 2080 593 2159 Evangelistae
608 2080 714 2143 diebus
729 2083 926 2159 sequentibus
943 2083 1079 2159 legeban-

111 2172 181 2223 tur.
207 2162 252 2222 Ex
269 2164 391 2239 antiquo
410 2162 523 2227 Ordine
538 2164 699 2241 Romano,
712 2169 834 2224 auctore
850 2164 1010 2224 Benedicto
1025 2162 1077 2224 Ca·

118 2244 229 2305 nouico
250 2242 282 2303 S.
306 2243 404 2312 Petri,
429 2245 561 2322 Epistola
583 2252 613 2306 el
635 2245 830 2324 Evangelium
853 2264 959 2323 graece
981 2252 1012 2306 et
1034 2247 1077 2306 la·

116 2328 184 2386 tine
208 2326 400 2402 pronunciari
423 2325 552 2397 debent,
577 2327 630 2403 qui
652 2328 775 2404 quidem
799 2327 874 2387 ritus
896 2326 1014 2405 'rigebat
1047 2328 1075 2386 iu

119 2406 290 2485 percelebri
313 2406 343 2467 S.
369 2408 502 2486 Dionysii
529 2408 556 2467 in
579 2408 674 2468 Gallia
697 2407 890 2469 Monasterlo.
926 2408 1077 2469 Graduale

119 2495 151 2549 et
174 2487 307 2566 Alleluja
331 2489 386 2547 lrac
401 2488 451 2548 die
472 2496 563 2566 atque
585 2506 640 2565 per
663 2496 755 2550 totam
771 2489 989 2549 hebdomadam
1014 2496 1074 2569 tam

119 2572 150 2629 iu
166 2568 271 2637 Missa,
295 2589 385 2647 quam
410 2570 438 2629 in
454 2570 614 2649 Vesperis,
640 2578 722 2631 retro
738 2570 834 2631 Alteri
857 2572 970 2630 cantari
990 2568 1077 2647 jubet

117 2648 315 2711 Ordinarium
333 2650 539 2713 Narbonense.
565 2652 609 2711 Ad
625 2649 871 2712 Communiouem
891 2650 1075 2721 Paschalem,

122 2731 212 2810 cujus
245 2733 383 2793 meminit
404 2731 567 2810 Gregorius
597 2731 782 2793 Turonensis
816 2735 844 2792 in
869 2733 958 2793 Libro
980 2734 1077 2805 llde

119 2812 285 2874 Alircculis
308 2814 339 2874 S.
363 2813 485 2874 Martini
507 2811 580 2891 Cap.
608 2814 646 2874 13
668 2816 872 2875 invitabantur
896 2816 996 2891 populi
1019 2816 1077 2875 hac

116 2895 298 2971 antiphona,
322 2913 489 2970 quaecum
513 2898 596 2974 gravi
623 2914 658 2956 ac
681 2899 765 2956 suavi
790 2897 916 2957 melodia
939 2897 1079 2957 decanta-

118 2978 232 3037 batur:
262 2978 369 3040 Venite.
389 2979 507 3055 populi,
532 2976 714 3041 adsacrum
737 2986 762 3036 et
784 2977 953 3037 imrnorlole
974 2986 1079 3056 myste-

119 3059 215 3126 rium,
240 3068 267 3118 et
285 3058 412 3117 litamen
438 3057 611 3138 egendum:
636 3060 713 3121 Cum
739 3062 842 3120 timore
868 3068 895 3117 et
918 3057 974 3138 fide
997 3072 1079 3119 eece*

116 3139 232 3199 damur
252 3140 388 3199 menibus
413 3140 549 3207 mundis,
575 3142 673 3219 ipsum
701 3140 897 3221 clarificemus
923 3158 989 3199 cum
1015 3138 1077 3200 An-

117 3222 192 3301 gelis
213 3220 385 3287 clamantes,
398 3218 552 3301 Alleluje.
907 3222 911 3227 “

149 3300 219 3362 'llL
230 3301 307 3361 Cum
324 3303 395 3362 lruic
412 3302 589 3362 celebrando
603 3298 753 3361 Ecclesiae
767 3300 820 3362 luit
835 3302 1014 3379 praecipuae
1025 3318 1077 3362 cu·

114 3396 173 3444 'rae
188 3380 312 3443 Festum
332 3382 483 3443 Paschatis
498 3382 694 3461 amplificare,
708 3390 860 3459 tamquam
876 3384 1009 3442 omnium
1022 3380 1077 3442 Fe·

114 3470 236 3526 'storum
255 3468 431 3532 maximum,
448 3467 602 3542 magisque
618 3465 762 3531 solemne,
782 3467 895 3540 integra
912 3465 1073 3525 bebdoma-

113 3548 156 3615 'da
171 3548 317 3624 assignari
335 3554 439 3625 coepta
456 3552 511 3606 est.
526 3544 723 3607 Hebdomada
737 3547 789 3605 ista
806 3547 974 3624 appellatur
986 3549 1023 3606 ab
1036 3545 1076 3607 A·

116 3626 1076 3691 malarioHebdomadal'ascbatis:inSacramcutariollelasiano
