2517 4059
452 216 735 287 'mdblm-

145 347 322 408 Domiuicus
344 344 512 425 Georgius
536 347 718 424 praescribit
739 348 853 423 pariter
876 346 1030 409 Amictum
1053 366 1103 407 su·
1147 396 1150 401 .

144 431 288 490 mendum
312 434 379 505 post
400 428 530 496 Albam
554 436 586 489 et
606 427 789 505 Cironium
814 425 929 505 adjecta
958 429 1101 507 peculiari

140 514 292 572 oratione
316 510 430 572 Verum
454 512 576 571 Missaie
594 508 835 570 Vatticciiiauum
852 510 1020 572 Romanum
1036 511 1103 571 Sae-

144 595 203 655 cuti
227 591 275 653 Xi
305 593 519 667 accipiendum
545 593 700 652 Amictum
733 596 802 653 ante
829 592 933 652 bibam
968 594 1098 667 indicat3

141 693 237 753 quare
262 676 328 735 inde
351 676 536 750 dignoscitur
553 680 621 734 ante
645 674 672 731 id
697 676 862 748 temporis
855 694 884 734 ιιι
901 676 1032 736 Romana
1048 674 1102 737 Ec·

143 760 233 817 ciesia
257 759 336 817 bunc
360 773 476 816 nrorem
501 756 663 815 iuraiuissc
686 755 840 815 Amictum
873 758 1010 816 sumendi
1033 766 1101 827 aute

139 839 277 906 Albam,
301 846 333 899 et
353 834 442 897 aliam
466 854 692 915 quamcumque
721 844 836 897 vestam
870 839 1098 900 sacerdotalem

118 921 220 989 'Sunt
243 923 387 1001 quidam,
401 921 462 995 qui
487 919 621 980 Amictui
656 936 692 977 ex
726 920 916 981 holoserico
941 921 987 980 vei
1010 940 1102 983 aurea

143 1009 264 1063 textura
289 1002 437 1078 piagutam
470 1002 596 1064 assuunt
623 1000 737 1065 colori
747 1007 788 1063 ct
808 1001 928 1077 oniticio
949 1000 1097 1073 Casntae,

97 1096 100 1103 '
141 1088 207 1144 sive
231 1083 331 1143 Stotae
352 1085 561 1153 consimilem
585 1084 637 1142 sed
667 1082 760 1161 bnjns
792 1085 952 1143 assumenti
987 1086 1100 1145 nulium

144 1167 305 1243 vestigium
340 1170 451 1239 reperit
478 1165 555 1240 apud
584 1166 723 1239 antiquos
746 1164 913 1240 Scriptores
935 1164 1100 1227 Cardinatis

142 1248 239 1307 Runa
256 1248 409 1308 Amictnm
426 1246 570 1321 quidem
564 1266 592 1304 ru
609 1248 707 1305 aredio
723 1244 819 1305 Cruce
835 1248 1004 1323 insignitum
1022 1266 1099 1318 csse,

144 1336 235 1389 etex
258 1330 353 1389 veteri
377 1332 461 1387 r'nore
478 1329 651 1387 institutum
680 1329 770 1387 docet
793 1326 899 1405 ioseph
926 1328 1112 1391 Vicecom'es¹

143 1410 180 1469 dc
201 1412 308 1469 Missae
329 1418 480 1486 apparata
503 1409 570 1468 tib.
588 1408 695 1484 iCau.
715 1409 763 1470 ta.
780 1409 826 1468 Nit
852 1430 940 1485 porro
961 1412 1101 1487 trequen-

147 1494 206 1552 tius
222 1492 521 1567 apud-Anastasium.
537 1491 676 1566 aliosque
689 1489 966 1551 Ecclesiasticarnrn
985 1511 1104 1560 rerum,¹

144 1574 323 1649 Scriptores,
340 1591 430 1648 quam
454 1580 571 1632 veteres
586 1580 771 1633 stauraceae.
790 1574 868 1632 idest
890 1575 973 1648 signo
995 1574 1101 1635 Crucis

147 1656 340 1730 variegatae,
365 1652 510 1715 Sacerdos
531 1655 587 1713 sibi
610 1654 766 1714 dmictum
796 1657 949 1730 imponens
972 1656 1102 1714 osculari

144 1757 216 1796 cum
240 1737 357 1796 debet
351 1755 378 1794 ru
403 1737 519 1804 medio,
544 1736 595 1796 nbi
624 1745 670 1795 est
696 1737 824 1797 formata
845 1733 936 1797 Crux
962 1736 1103 1796 Sciebant

144 1819 258 1905 antiqui
276 1818 396 1877 Amictu
421 1825 517 1878 totum
541 1822 642 1891 caput
651 1819 828 1886 obnubere,
846 1823 959 1877 etcum
977 1816 1099 1879 Missam

146 1887 322 1976 inciperent,
348 1900 432 1959 iiium
456 1898 779 1975 morabotigtosornm
804 1899 1045 1962 mendicantium
1072 1902 1100 1959 iu

142 1983 292 2042 humeros
308 1979 455 2058 rejicere,
480 1987 511 2040 ot
532 1982 631 2040 adhuc
648 1999 724 2039 nuuc
741 1976 846 2063 hujus
849 1982 924 2039 ritus
940 1982 1044 2039 restio'
1018 2000 1099 2056 „rum
1140 2030 1143 2037 .

145 2064 375 2123 observaturin
398 2064 572 2123 subdiaconi
594 2056 870 2147 ordinationeque
894 2067 1028 2160 tenrpore
1052 2064 1101 2125 bia

147 2163 210 2204 mos
232 2145 374 2214 desierit,
383 2145 479 2204 baud
503 2162 558 2221 cog
541 2145 655 2202 ⁰nitum
679 2148 735 2205 est

186 2224 241 2286 tit.
267 2224 403 2287 dmictus
426 2244 516 2302 super
540 2228 684 2284 bumeros
707 2228 944 2301 circumquaque
967 2227 1101 2286 ditiundi·

147 2313 217 2377 tur,
243 2326 296 2384 per
318 2309 396 2383 quod
419 2326 542 2382 onerum
568 2306 713 2366 tortitudo
727 2306 924 2381 significatur.
943 2309 1010 2368 Duo
1035 2309 1102 2385 iiga·

145 2393 248 2459 mina,
273 2390 383 2464 quibus
405 2388 543 2449 Amictus
566 2394 635 2448 anta
659 2396 763 2465 pectus
778 2390 909 2467 ligatur,
926 2390 1042 2467 signant
1059 2394 1102 2449 in-

146 2433 331 2535 tentiobem.
356 2477 387 2531 et
408 2469 522 2541 bnem
546 2470 659 2546 quibus
693 2470 914 2530 informandum
937 2479 982 2531 est
1004 2490 1099 2546 omis,

146 2571 182 2612 uc
204 2552 287 2612 srat'
280 2572 308 2610 ιιι
332 2552 481 2612 fermento
493 2554 651 2619 malitiae,
676 2554 750 2611 scd'
744 2571 772 2611 ru
789 2555 903 2630 azymis
923 2553 1103 2613 sinceritatis

145 2614 332 2701 etveritatis
346 2632 377 2694 S.
392 2636 493 2693 Bruno
506 2632 671 2711 Episcopus
687 2632 849 2711 signiensis
866 2635 1007 2712 mysticas
1023 2635 1105 2702 Ami·

146 2715 662 2793 ctussignibcationesbisvarbis
695 2717 945 2792 comprehendit:
972 2718 1103 2776 amictos
1203 2706 1211 2721 '

146 2796 288 2895 quidam,
312 2817 369 2876 quo
395 2808 421 2857 et
448 2797 759 2873 cottamstrinqitar‚
789 2810 814 2857 ct
838 2810 940 2894 pectas
968 2802 1101 2875 thitur,
1143 2806 1147 2812 '

145 2878 300 2939 interioris
326 2880 455 2939 bominis
477 2881 645 2939 castitatem
672 2878 1026 2957 taquamquam
1054 2897 1104 2938 cor

145 2979 181 3019 ιιι
203 2962 352 3022 vanitates
372 2964 500 3037 coqitct;
522 2962 644 3034 strinqit
666 2964 756 3019 atram
780 2961 903 3023 coitum
927 2980 963 3019 ae
979 2960 1059 3018 inde
1064 2959 1104 3017 ad

146 3042 283 3119 linquam
310 3052 445 3102 transeat
472 3042 675 3101 mandacium.
703 3041 778 3101 Sunt
791 3049 829 3105 ..et
852 3042 928 3100 aiiae
962 3040 1106 3115 signitica-

76 3142 81 3148 ·
147 3126 244 3183 tiones
268 3123 399 3188 Antictui
423 3143 439 3183 a
462 3125 536 3183 viris
558 3124 660 3182 divino
692 3124 755 3182 zcio
787 3125 925 3184 animatis
953 3124 1103 3193 tributae,

145 3223 222 3281 quae
246 3208 355 3281 partim
379 3208 415 3264 ad
440 3205 607 3265 revocanda
624 3204 708 3277 nobis
732 3207 759 3265 iu
784 3208 962 3265 memoriam
981 3204 1106 3265 Redem-

147 3289 254 3363 ptionis
278 3294 395 3347 nostrae
419 3289 562 3367 mysteria
586 3288 769 3353 inserviant,
794 3290 902 3363 partim
921 3290 1037 3347 morum
1054 3288 1105 3347 do·

145 3371 294 3445 cumentis
317 3371 450 3430 animum
474 3375 608 3429 nostrum
635 3370 783 3428 imbuant
808 3368 855 3428 Sic
872 3370 1028 3433 Amictus
1025 3390 1106 3449 my·

146 3437 219 3511 stica
242 3451 319 3526 apud
345 3453 502 3511 nonnuiios
525 3449 693 3526 significat,
717 3456 769 3509 aut
791 3453 914 3519 vetum,
939 3470 998 3529 quo
1015 3450 1105 3513 iudae

146 3528 257 3607 Cirristi
281 3534 387 3591 taciem
411 3533 612 3597 obtexerunt,
637 3536 691 3591 aut
712 3534 755 3609 spi
760 3551 844 3615 qoam
869 3532 1029 3603 Coronam,
1054 3541 1107 3595 aut

147 3614 247 3689 ipsius
254 3612 447 3674 Divinitatcm
464 3615 519 3674 sub
536 3614 729 3674 humanitatis
745 3612 866 3675 Amictu
887 3616 1105 3677 absconditam.

289 3718 349 3770 tot.
369 3718 404 3771 11.
937 3721 971 3773 to
