2517 4059
600 178 807 254 quta*

230 312 261 367 et
282 308 403 385 antiqua
425 306 578 372 Concilio,
602 307 815 372 Tertullianus,
840 304 931 365 libro
952 304 989 366 de
1010 303 1195 381 Baptismo;

231 388 261 449 S.
286 389 472 467 Cyprianus.
497 386 637 463 Epistola.
653 388 737 458 XX3
761 386 889 463 Optatus
912 386 1115 457 milevitanus,
1138 388 1189 447 Li-

229 468 284 530 bro
306 472 456 546 septimo;
481 469 512 530 S.
530 470 670 541 Basilius,
696 472 784 530 libro
806 469 850 529 Dc
866 468 985 548 Spiritu
1009 464 1122 529 Sancto
1137 468 1191 531 Ca·

231 552 291 628 pite
312 550 435 611 XXVll
460 552 579 626 inquit:
607 555 822 617 consecramus
844 568 954 627 opoorn
977 547 1191 629 Baptirmotir,

232 642 260 692 rt
281 630 387 692 Oleum
406 632 578 693 Uoccionis:
593 636 672 711 quod
696 634 790 695 relert
809 631 847 691 ad
868 632 1072 708 Apostollcam
1097 635 1192 693 tradi·

232 714 354 775 tionem.
369 713 464 775 Nemo
487 720 532 774 est
547 718 597 789 qrri
612 716 732 776 dubitet
744 714 928 776 Chrismalis
949 713 1192 773 benedictionem

231 804 461 857 annumeratam
492 813 612 870 semper
642 797 735 857 luisse
764 798 842 855 inter
870 796 990 870 propria
1017 800 1048 854 et
1076 797 1194 872 praecl-

232 894 291 956 pua
307 876 494 956 Episcopalis
516 879 627 937 ordinis
644 897 781 939 munera.
807 875 841 937 ln
856 875 988 937 Concilio
1009 880 1090 939 enim
1119 876 1195 937 Car-

233 958 399 1037 thaginensi
424 958 451 1019 ll
485 959 554 1017 anui
582 959 643 1020 390
664 960 752 1021 Tom.
780 959 790 1020 l
820 956 1006 1017 Collecllonis
1038 957 1190 1019 Harduini
1255 997 1256 1008 2

232 1042 293 1100 col.
317 1040 389 1101 952.
413 1040 487 1116 Cap.
513 1040 551 1099 3:
577 1044 617 1100 Ab
638 1041 787 1101 universis
809 1040 964 1118 Episcopis
985 1039 1101 1101 dictum
1123 1049 1194 1106 est:
1255 1061 1256 1088 2

234 1122 412 1185 Clrismotia
427 1121 580 1199 consertio,
599 1135 626 1183 et
642 1124 819 1203 puellarum
833 1122 1013 1181 consecratio
1033 1141 1052 1181 o
1069 1119 1196 1199 Prealrp-
1255 1159 1256 1202 p

230 1207 301 1265 teris
334 1222 394 1263 non
422 1203 509 1283 finnt.
538 1201 776 1282 Carthaginense
803 1201 844 1262 lll
871 1203 941 1261 anni
964 1200 1023 1261 397
1052 1201 1125 1276 Cap.
1149 1202 1193 1261 36
1255 1223 1256 1288 p

197 1284 201 1295 “
228 1284 382 1345 ibidcol.
399 1283 460 1345 adt
482 1285 595 1344 edixit:
624 1283 659 1346 Ut
684 1285 852 1363 Presbyter,
878 1284 1047 1343 inconsulto
1070 1282 1194 1363 Episro-
1255 1309 1256 1382 p

224 1384 277 1446 po,
302 1364 438 1444 Viryines
453 1384 513 1425 non
528 1379 687 1436 consecret,
707 1366 843 1429 Curiano
857 1384 925 1425 nero
946 1383 1103 1443 nonquam
1118 1384 1191 1427 con·
1255 1407 1256 1444 p

228 1447 322 1527 ficiat.
355 1446 502 1507 Chrisma
527 1448 565 1507 ab
588 1448 737 1527 Episcopo
754 1453 968 1508 ‘consecratum
989 1464 1056 1507 esso
1078 1447 1193 1507 debere

230 1528 409 1590 confirmant
430 1528 650 1591 lnnocentiusl
672 1530 807 1605 Epistola
830 1527 843 1587 l
865 1529 908 1605 ad
927 1526 1104 1590 Decentium
1126 1524 1192 1589 Eu.-

229 1611 375 1689 gubinum
399 1612 601 1687 Episcopum3
627 1611 658 1672 S.
672 1610 848 1686 Cregorius
871 1610 1009 1686 Magnus,
1031 1611 1063 1669 in
1078 1609 1191 1671 Sacro*

229 1694 379 1753 montorio
392 1715 402 1762 ,·
423 1690 505 1752 Ordo
527 1690 694 1759 Romanus,
720 1692 873 1753 Honorius
896 1691 1190 1769 Angustodnnensis,
1255 1747 1256 1764 ,

229 1773 385 1852 Rupertus
407 1774 533 1843 Abbas‚
559 1774 732 1835 Amalarius
753 1771 939 1835 Fortunatus
960 1772 1051 1833 Libro
1073 1774 1118 1837 Dr
1134 1772 1194 1833 Di·
1255 1817 1256 1820 ,

228 1857 307 1918 cinis
327 1853 445 1939 Officiis,
469 1847 657 1932 Euchologia
672 1854 843 1922 Orientalis,
865 1861 917 1914 ant
931 1852 1113 1917 pontificalia
1129 1851 1191 1918 Oc·

227 1938 383 1999 cidentatis
405 1936 570 2003 Ecclesiae.
584 1937 722 1999 Chrisma
744 1956 780 1997 ex
803 1936 902 2013 prisco
925 1934 1078 1997 Ecclesiae
1102 1952 1189 1996 more
1254 2005 1255 2008 Ἴ

229 2016 314 2079 Feria
336 2020 364 2079 V
387 2020 415 2079 in
438 2017 534 2081 Coena
560 2018 678 2079 llomini
694 2018 927 2079 consecrandum
942 2016 1087 2079 estlluio
1109 2017 1190 2084 mori

229 2102 432 2162 testimonium
450 2101 608 2175 perhibent
623 2101 896 2161 sacramentarium
920 2098 951 2159 S.
968 2096 1108 2177 Gregorii
1125 2098 1187 2159 sta-
1254 2147 1255 2150 ,

227 2183 300 2260 gni,
324 2180 407 2241 Ordo
430 2181 604 2244 Romanus.
627 2182 657 2242 S.
684 2182 815 2241 isidorus
836 2178 1048 2256 Hispalensis,
1073 2182 1190 2242 tantm

229 2264 312 2323 Libri
334 2263 369 2322 dc
391 2262 509 2324 Divinis
537 2260 658 2345 Officiis,
682 2264 848 2324 Concilium
870 2261 1036 2331 tieldones,
1062 2261 1187 2323 Canone
1254 2327 1255 2330 ,

229 2344 340 2406 XLVl.
366 2344 460 2405 Moris
477 2344 570 2423 hujus
587 2346 797 2405 convenientes
820 2343 950 2404 rationes
964 2344 1104 2413 allerunt3
1127 2346 1189 2405 sci·

113 2440 118 2449 '
230 2427 311 2487 licet:
327 2428 429 2487 Primo
450 2427 529 2503 quod
553 2430 621 2484 ante
638 2427 761 2485 biduum
778 2424 910 2486 Paschae
926 2425 1019 2487 llaria
1043 2431 1136 2504 capnt
1157 2433 1190 2485 et

228 2508 321 2588 pedes
337 2508 455 2567 Domini
472 2512 623 2585 unguento
639 2507 816 2585 perfuderit.
833 2506 1064 2583 Secundoquod
1079 2508 1186 2582 quinia
1254 2507 1255 2534 ³

228 2591 333 2652 Mundi
358 2596 455 2650 aelate
478 2588 613 2651 Christus
636 2591 673 2649 ad
697 2606 750 2649 nos
771 2590 901 2649 verterit.
924 2586 1027 2649 Tertio
1048 2589 1129 2663 quod
1152 2607 1187 2650 ea

228 2670 405 2748 diedgous
428 2672 599 2731 immolatus
621 2672 676 2738 sit,
700 2669 821 2748 atejus
842 2671 987 2746 sanguine
1009 2675 1111 2747 postes
1133 2670 1185 2731 ob·

230 2755 349 2831 signati.
375 2753 463 2812 Addit
485 2752 516 2813 S.
531 2751 684 2822 Thomas,
708 2751 750 2813 lll
772 2752 806 2813 P.
823 2750 862 2824 Q.
887 2750 1005 2813 lxxtt
1028 2752 1095 2811 Art.
1119 2748 1184 2812 xlt

230 2837 267 2896 ad
290 2834 332 2895 lll
355 2836 435 2895 diem
458 2835 542 2894 illum
565 2836 636 2894 satis
658 2851 828 2913 congruere
851 2835 984 2892 materiis
1006 2833 1186 2895 Sacramen-

230 2924 330 2979 torum
347 2917 571 2996 praeparandis,
588 2934 649 2992 quo
664 2916 723 2976 luit
736 2914 963 2975 Sacramentum
975 2912 1186 2976 Eucharistiae

230 3001 414 3065 institutum,
438 2999 475 3057 ad
498 3000 578 3075 quod
602 2999 701 3057 omnia
723 2998 782 3057 alia
804 2995 998 3057 Sacramenta
1020 2996 1188 3071 quoddam·

230 3083 320 3141 modo
341 3082 528 3140 ordinantur.
553 3078 639 3139 llaec
661 3075 815 3154 disciplina
838 3079 875 3145 de
889 3076 1075 3139 conficiendo
1097 3076 1187 3139 Chri·

230 3170 324 3223 smale
346 3162 432 3220 Faria
449 3160 475 3219 V
499 3162 526 3218 in
543 3159 642 3224 Coena
659 3161 790 3222 Domini.
815 3160 974 3221 invaluisse
991 3160 1109 3221 ridetur
1127 3159 1184 3222 Vll

231 3245 363 3305 saeculo.
388 3242 552 3319 Episcopos
574 3244 654 3301 enim
676 3250 764 3302 antea
777 3240 917 3302 Clrrirraa
931 3258 1109 3302 consecrare
1132 3260 1186 3317 po·
1254 3297 1255 3302 ,

232 3329 322 3388 luisse
344 3326 425 3385 omni
440 3335 569 3401 tempora
584 3325 734 3401 colligitur
756 3342 794 3383 ex
807 3320 928 3383 Canone
943 3322 985 3383 90
998 3321 1111 3385 Concili
1126 3323 1183 3385 To·

232 3410 321 3471 letani
345 3405 386 3467 lV
402 3407 481 3482 quod
506 3406 560 3465 sub
577 3407 694 3465 initium
718 3404 826 3465 saeculi
841 3403 869 3465 V
891 3403 1025 3467 habitum
1043 3412 1117 3465 est.·

270 3489 309 3549 V.
344 3489 426 3551 lnler
457 3487 539 3546 varin
570 3487 665 3547 officia
697 3504 776 3563 quae
807 3486 953 3547 celebrari
986 3488 1015 3547 iu
1048 3483 1182 3550 Ecclesia

228 3573 389 3648 ‹prrotanuis
410 3570 532 3637 solent.
557 3570 673 3629 nullum
696 3567 830 3645 prolecto
859 3568 977 3629 ridetur
1006 3569 1183 3627 solemniori
