2517 4059
467 217 695 290 wllllfflu·

100 341 231 403 Gemma
251 339 379 403 Animae
401 344 466 405 Lib.
492 345 600 425 lCap.
624 345 677 408 90.
702 349 816 409 Verum
839 365 898 407 non
914 349 971 408 leri
986 365 1057 409 ana·

94 425 277 484 ebronisnro
301 423 523 488 hallucinantur
545 428 713 506 Scriptores
734 431 794 500 isti3
818 447 886 489 nam
910 431 939 488 ln
954 429 1058 490 Sacra·

97 506 252 567 mentario
274 504 385 566 Gelasii
414 508 427 568 l
449 507 568 587 Papae,
593 513 644 587 qiri
668 512 763 572 multo
785 516 853 572 ante
875 509 1056 588 Gregorium

96 588 279 664 praecessit,
303 589 381 664 apud
406 590 604 653 blm-atomum
628 591 828 671 delitarpio
850 592 990 653 Romano
1010 611 1058 653 oe-

97 670 163 729 tere'
187 667 254 728 Lib.
279 667 292 728 l
315 687 382 747 pag.
407 671 478 733 555.
502 672 651 736 Praelatio
672 675 710 735 ad
732 674 918 736 Dominicam
940 672 1058 734 Oratio·

98 768 187 820 nem,
211 766 245 811 ae
268 752 452 828 subsequens
473 753 578 816 Oratio
601 753 708 816 Libere
728 775 779 816 nor
801 757 958 834 perspicua
980 755 1057 814 indi·

96 840 211 892 cantur
237 833 417 894 recitandae.
442 833 613 914 Utcumque
635 839 697 904 sit,
720 844 836 897 constat
857 843 939 898 certe
963 836 1056 896 dietas

97 931 211 992 preces
238 915 461 990 antiquissimas
488 937 576 989 esse,
601 925 630 978 et
653 920 824 994 apostolicis
845 919 1054 995 temporibus,

99 1000 157 1056 aut
180 997 285 1055 saitem
302 998 406 1056 vicinis
428 998 534 1060 relerri
552 1017 649 1079 posse.
669 1000 701 1060 ln
718 1000 774 1060 bac
790 1001 933 1062 Oratione
949 1000 1056 1060 Sacer-

100 1079 159 1137 dos
187 1077 281 1136 llenm
308 1086 446 1154 precatur
474 1088 508 1141 ut
534 1082 640 1141 liberet
665 1100 717 1142 nos
745 1084 783 1140 ab
808 1082 943 1141 crinibus
968 1081 1056 1140 molis

94 1159 295 1238 praeteritis,
320 1177 399 1235 quae
421 1169 491 1223 sunt
519 1167 663 1240 peccata,
688 1164 796 1238 quibus
817 1163 1053 1240 obstringimus}

94 1241 304 1320 praesentibus
327 1259 403 1318 quae
426 1249 495 1304 sunt
517 1245 619 1305 variae
641 1247 832 1313 tentationes,
850 1243 959 1320 qulbus
982 1245 1056 1304 inte·

98 1323 165 1382 rius
189 1328 220 1380 et
234 1325 367 1383 exterius
389 1323 425 1384 ad
441 1334 595 1402 peecatum
613 1343 825 1402 provocamnr;
848 1327 970 1404 sutorio,
987 1329 1057 1384 sunt

100 1419 219 1480 poenae
249 1420 352 1466 omnes
380 1405 497 1468 debitae
522 1411 673 1486 peccatis,
697 1409 761 1468 aire
783 1407 964 1485 temporales
986 1406 1055 1466 illae

98 1487 172 1550 sint,
198 1487 260 1547 sive
283 1495 435 1548 aeternae.
460 1487 647 1550 Firmissime
669 1507 808 1566 quaeque
829 1507 865 1548 ac
881 1488 1057 1564 praetentis-

98 1569 178 1626 sima
202 1569 345 1644 suffragia
359 1568 505 1630 Sacerdos
521 1571 673 1648 implorat
691 1571 831 1631 videlicet
845 1569 1057 1630 Sanctissimae

102 1647 238 1725 Virginis
262 1648 313 1709 liei
337 1652 463 1721 Matris,
488 1654 567 1728 qraod
590 1651 742 1713 Ecclesiae
764 1655 897 1714 solemne
918 1649 1056 1710 solatium

99 1737 159 1800 est;
185 1730 364 1791 Sanctorum
388 1732 601 1809 Apostolorum
624 1733 704 1794 Petri
728 1742 759 1795 et
780 1733 864 1793 Pauli
879 1734 930 1810 qui
945 1729 1057 1792 Roma·

99 1829 171 1872 nam
196 1812 358 1872 Ecclesiam
381 1831 435 1873 suo
458 1817 591 1893 ipsorum
608 1817 750 1894 sanguine
765 1815 995 1879 constituerunt,
1012 1818 1058 1873 at-

99 1911 160 1970 que
182 1901 351 1954 sacrarunt.
375 1893 535 1971 speciatim
559 1899 731 1957 nominatur
746 1900 777 1956 in
793 1898 849 1958 bac
863 1893 1007 1956 Oratione
1022 1893 1054 1954 S.

99 1974 260 2040 Andreas,
285 1977 356 2051 qnia
378 1993 447 2036 eum
470 1986 500 2038 et
523 1979 554 2038 S.
578 1977 660 2038 Petri
683 1979 807 2040 tratrem
831 1977 954 2054 speciali
976 1986 1056 2036 aetn-

101 2073 157 2131 per
180 2059 373 2120 veneratione
403 2059 496 2121 coluit
517 2060 711 2123 Sacrosancta
740 2060 874 2120 Romana
897 2057 1053 2121 Ecclesia,

101 2147 134 2199 ut
157 2145 273 2200 constat
298 2157 335 2200 ex
359 2140 488 2216 antiquis
509 2139 707 2218 ejusdemque
728 2141 913 2204 Ordinibus,
936 2141 966 2198 in
988 2139 1054 2216 qui·

99 2219 157 2280 bus
180 2221 414 2298 praescribitur,
439 2229 472 2283 ut
493 2223 525 2284 S.
549 2223 689 2284 Andreae
711 2221 834 2284 Festum
857 2222 973 2290 eadem,
997 2237 1058 2296 qua

98 2299 202 2362 Sancti
224 2303 305 2363 Petri
327 2305 516 2364 solemnitate
538 2303 720 2365 celebratur.
744 2304 810 2364 Non
833 2305 931 2386 solum
953 2310 1056 2363 autem

98 2385 172 2459 quia
194 2386 310 2459 primus
331 2386 367 2445 ad
392 2385 598 2463 Apostolatum
621 2392 746 2447 vocatus
775 2386 815 2444 p:
851 2385 882 2444 S.
908 2384 1056 2451 Andreas,

101 2472 158 2526 aut
183 2467 252 2540 quia
280 2468 321 2526 uti
346 2467 521 2542 germanum
550 2465 630 2528 Petri
652 2470 765 2543 special
820 2483 918 2542 smper
940 2466 1056 2525 honore

101 2547 203 2622 ipsum
226 2547 354 2608 coluerit
376 2547 510 2609 Romana
533 2547 689 2617 Ecclesia,
714 2549 766 2608 sad
788 2552 818 2608 et
838 2547 911 2623 quia
932 2546 1056 2614 eidem,

101 2629 133 2686 in
156 2624 296 2689 Passione
318 2631 417 2690 socius
442 2633 472 2690 in
493 2630 591 2692 Cruce
612 2644 681 2690 cum
703 2628 804 2699 Petro,
829 2635 860 2688 et
880 2625 1002 2688 Christo
1025 2643 1058 2683 o·

102 2709 168 2778 biit,
194 2713 237 2770 nti
262 2717 343 2772 recte
365 2711 402 2768 ad
425 2713 507 2771 brine
533 2712 632 2771 locum
658 2711 798 2772 observat
812 2706 977 2774 Garantus,
995 2708 1057 2784 ipso

100 2792 183 2851 solus
204 2809 274 2854 cum
290 2792 388 2859 Petro,
407 2799 437 2853 et
452 2792 544 2855 Paulo
566 2794 595 2852 in
610 2791 755 2852 Oratione
771 2793 954 2858 nominatur.
972 2786 1057 2848 llaec

101 2887 176 2932 aero
203 2874 343 2936 Andreae
373 2876 500 2935 nominis
522 2872 672 2952 adjectio,
697 2891 755 2934 non
778 2875 850 2933 item
872 2896 891 2934 a
911 2870 1058 2948 Gregorio

103 2952 224 3032 Magno,
248 2957 290 3016 uti
314 2974 474 3034 perperam
497 2957 636 3035 plerique
657 2973 726 3018 curn
748 2955 884 3017 Garanto
907 2952 1056 3014 arbitran-

103 3043 168 3104 tur,
191 3035 270 3098 lacta
296 3037 362 3109 luit;
387 3055 455 3098 nam
480 3041 507 3097 in
530 3039 609 3101 dicto
633 3037 874 3099 sacramentario
896 3033 1056 3095 Gelasiano

101 3115 134 3176 S.
158 3119 298 3179 Andreae
321 3137 430 3182 nomen
447 3128 513 3198 post
527 3120 622 3180 dictos
639 3119 800 3197 Apostolos
815 3133 989 3196 expressum
1005 3113 1055 3174 ba·

102 3199 203 3260 batur.
228 3199 306 3272 Usus
327 3207 394 3262 erat
421 3203 561 3278 antiquus
589 3203 639 3263 hic'
668 3201 779 3263 addere
809 3202 910 3280 plures
931 3198 1056 3258 Sancws

101 3280 138 3341 ad
154 3282 313 3344 arbitrium
331 3283 512 3344 Sacerdotis.
531 3283 576 3344 lta
592 3282 776 3362 Micrologus
791 3284 896 3343 asserit
910 3279 984 3356 Cap.
1004 3275 1056 3338 1³:

103 3360 244 3423 Aliorum
263 3362 446 3426 Sanctorum
468 3365 591 3425 nomino
613 3382 816 3427 annumerare
830 3382 893 3423 non
907 3361 1056 3421 debemur.

101 3445 161 3503 nisi
189 3463 260 3524 quos
286 3447 322 3505 io
346 3448 467 3510 Conone
488 3447 658 3508 invenimus
680 3445 849 3525 antiquitus
868 3441 1054 3523 ¹(descriptore

102 3536 221 3607 excepto
237 3537 307 3606 post
328 3527 417 3587 Potor
436 3537 537 3588 noster
557 3529 591 3587 in
611 3529 667 3588 illo
693 3524 839 3588 Oratione
857 3526 964 3586 Libera
988 3537 1054 3592 nos,

101 3607 267 3690 sibijuste
286 3605 431 3670 Ordinem
453 3611 651 3690 quorumlibet
670 3608 850 3672 &octonae
863 3606 987 3671 nomiae
1007 3605 1056 3667 ie·
