2517 4059
584 178 790 252 wrm·

210 307 276 369 Hoc
298 312 483 383 postremum
514 313 639 369 testatur
670 309 701 370 S.
726 307 889 366 Ansetmus
910 305 1166 377 Cantoariensise

209 408 261 450 seu
285 390 360 449 atius
382 397 489 449 auctor
512 389 627 468 Diatogi
649 391 685 448 dc
698 386 835 447 Parsiana
850 388 983 447 Domini.
1008 388 1059 448 uit
1082 390 1166 449 euim

208 470 313 557 Capitp
327 472 363 529 7:
389 470 470 533 Haeo
490 470 609 533 Corona
624 489 686 530 nou
698 471 760 551 [uit
774 468 809 527 do
823 470 927 547 spinis,
951 470 1000 529 scd
1015 468 1055 528 dc'
1062 474 1170 551 juncis

208 550 343 617 marinis,
361 554 414 631 qui
426 553 532 612 iubent
543 554 690 613 auctiores
705 554 829 612 acutam.
847 569 1034 628 puamccrnr
1045 553 1166 630 opinor.

208 631 362 695 Constantii
382 634 551 695 Gulielmus
566 633 736 696 Duranius,
755 634 793 692 iu
810 630 966 691 Rationoti
979 631 1166 693 Divinarum
1251 641 1252 652 ¹

213 712 383 796 officiorum
406 714 471 775 Lib.
489 713 532 773 vt
554 713 626 793 Cap.
651 716 692 774 77
714 720 734 786 5
758 712 814 779 123
837 720 869 773 ct
891 711 1068 773 Franciscus
1091 712 1168 773 Sua·
1251 711 1256 771 ἓ

209 812 260 854 roz
281 797 419 855 eamdem
442 799 619 857 senteutiam
643 796 736 855 habet
756 796 792 853 in
805 794 830 853 5
843 805 928 874 part.
948 795 1019 855 Diui
1038 792 1167 854 iitomac
1256 845 1257 854 ,

212 874 243 935 T.
267 875 307 936 11
328 878 411 955 trisp-
439 877 482 937 55
505 886 572 936 root.
598 878 629 936 3.
655 877 712 937 Sed
738 875 887 935 Martinus
909 877 963 935 uer
986 875 1053 943 Rio,
1080 878 1165 937 itiam

208 959 357 1019 Coronam
380 960 538 1018 sevidisse
556 957 781 1020 testatancot.
800 956 846 1017 tx
867 958 905 1018 do
921 960 1057 1035 passione
1081 958 1163 1035 apud
1253 984 1256 987 >

207 1040 410 1100 doctissimum
433 1045 464 1100 et
485 1040 738 1115 sapientissimum
761 1039 957 1099 Benedictum
980 1037 1057 1098 XiV
1081 1056 1166 1098 asso-

207 1122 258 1189 rit,
281 1124 382 1200 opinus
397 1123 460 1200 ojus
474 1122 519 1180 uit
542 1122 707 1199 quidquam
729 1138 796 1178 cum
813 1120 914 1201 juncis
935 1121 1065 1179 marinis
1087 1138 1166 1180 com

207 1219 296 1261 mune
313 1204 427 1261 tutore.
447 1201 580 1262 Thomas
594 1202 787 1263 Barthotinus
801 1202 832 1259 iu
852 1197 998 1262 Tractatu
1013 1200 1049 1259 dc
1064 1201 1166 1264 Crucc

206 1301 274 1360 pag.
300 1283 360 1341 177
382 1284 474 1360 variis
498 1285 619 1361 pretatis
642 1284 840 1359 opinionibus,
865 1283 986 1343 tandem
1008 1300 1077 1359 pag.
1104 1280 1192 1341 183-

202 1362 246 1423 ‘ita
269 1364 436 1423 concludit:
461 1362 625 1425 Iudicandi
640 1367 804 1425 arbitrium
820 1364 916 1423 cuiuis
929 1365 1092 1424 committo.
1120 1362 1165 1423 Do

206 1463 333 1505 numero
355 1445 509 1520 spinarum
533 1447 604 1507 nihii
628 1445 809 1523 Scriptura,
842 1452 895 1505 aut
916 1451 1035 1506 veteres
1058 1443 1167 1506 Patres
1256 1506 1258 1508 ,

211 1527 343 1594 tradunt,
369 1526 440 1587 ticet
460 1526 551 1603 aliqui
567 1529 678 1595 dieunt,
702 1527 795 1587 fuisso
813 1527 887 1587 duas
909 1532 940 1586 et
960 1528 1163 1605 suptuaginta,
1256 1588 1258 1591 ,

207 1608 256 1666 atii
280 1606 402 1684 plures,
426 1607 476 1665 atii
501 1610 669 1685 pauciores.
705 1608 762 1669 Sed
786 1626 835 1668 ras
861 1608 934 1667 haec
957 1610 1070 1667 incerta
1094 1615 1162 1676 csta

140 1710 145 1719 ·
206 1690 265 1749 hoc
287 1695 424 1756 constat,
450 1690 521 1748 satis
544 1692 653 1750 mattas
678 1691 791 1759 tuisse,
816 1708 884 1750 cum
906 1708 943 1749 ex
965 1690 1024 1751 iuis
1046 1691 1165 1766 integra

206 1788 313 1830 corona
337 1768 430 1831 iurarit
458 1777 608 1832 contexta.
646 1770 751 1845 Quoad
773 1771 841 1849 ejus
861 1770 1015 1841 formam,
1049 1769 1166 1832 ooutati

206 1853 286 1913 enim
311 1859 402 1912 testes
424 1869 481 1910 non
504 1852 539 1911 ad
563 1854 687 1913 modum
711 1851 843 1920 tasciae,
867 1870 944 1929 quae
975 1860 1110 1928 tempora
1134 1856 1165 1911 ot
1251 1876 1253 1878 >

206 1932 337 1994 irontenr
364 1936 484 2011 cingat,
509 1932 671 1995 formatam
694 1952 759 1994 esso
780 1934 893 2001 dicunt,
915 1933 966 1993 scd
990 1934 1085 1993 instar
1109 1934 1162 1992 ha·

207 2016 278 2075 bore
304 2016 390 2087 pilei,
415 2031 474 2089 quo
496 2018 633 2077 cranium
655 2022 688 2075 et
706 2016 846 2092 superior
868 2022 936 2091 pars
958 2015 1063 2095 ospitis
1088 2014 1163 2090 togi—
1256 2055 1258 2062 .

205 2102 268 2155 tur.
296 2094 476 2155 Benedictus
498 2096 574 2156 xlv
595 2096 659 2157 Lib.
689 2095 738 2156 IV
755 2095 791 2154 dc
817 2095 1059 2157 Cauouizatiouc
1084 2098 1163 2159 Sau-

206 2187 319 2237 ctorum
348 2184 425 2253 part.
453 2176 473 2233 2
494 2175 565 2255 Cap.
593 2178 631 2237 tt
654 2194 737 2236 num.
763 2176 802 2237 13
823 2182 854 2236 et
883 2175 956 2254 Cap.
981 2177 1006 2235 3*
1034 2173 1163 2237 num.8
1256 2233 1258 2238 .

205 2258 298 2318 rerba
333 2258 426 2328 tonitr
458 2258 507 2316 ubi
536 2259 670 2337 plurium
699 2255 887 2335 Scriptorum
912 2258 1162 2334 gravissimorum
1256 2289 1258 2292 ·

205 2340 384 2400 auctoritate
406 2340 543 2403 ostendit.
568 2339 790 2399 decimotertio
811 2338 931 2400 saecuto
952 2336 1085 2399 Francos
1101 2340 1161 2401 lm·
1256 2393 1258 2400 .

205 2427 368 2500 peratores,
393 2421 445 2497 qui
467 2418 721 2497 Constantinopoli
745 2426 816 2481 tuno
838 2420 982 2496 temporis
1003 2424 1162 2483 morabau·
1256 2459 1257 2462 =

206 2508 266 2571 tur,
290 2519 359 2561 oum
376 2503 404 2560 in
422 2519 528 2579 magna
542 2510 642 2563 essent
663 2502 839 2564 aiffioutute
861 2503 1043 2569 nummaria,
1067 2502 1161 2564 Sacra
1256 2533 1258 2566 ;

205 2583 346 2661 Lipsana,
370 2584 504 2660 spineam
527 2585 642 2644 scilieet
663 2582 822 2650 Coronam,
847 2583 1005 2652 Lauooam,
1030 2583 1162 2645 Arundi-

205 2682 298 2735 nem,
333 2671 363 2725 ot
384 2664 545 2741 Spongiam
568 2666 693 2726 Venetis
723 2666 946 2743 oppignerasso.
978 2665 1160 2726 Batduinum
1256 2723 1258 2726 .

209 2764 278 2807 raro
301 2746 480 2813 secundum,
504 2746 649 2825 quidquid
672 2748 701 2805 in
716 2748 752 2806 iis
766 2745 989 2822 Reliquiissibi
1013 2744 1091 2823 juris
1112 2764 1160 2808 es·

205 2834 261 2895 set,
287 2827 437 2888 Ludovioo
458 2824 644 2890 Francorum
661 2827 734 2906 Regi
751 2830 886 2892 cessisse,
915 2830 966 2902 qui
984 2846 1161 2905 repraeson-
1256 2835 1257 2872 ³

205 2915 264 2970 tata
282 2911 407 2985 pecunia
423 2928 475 2971 eas
497 2911 619 2987 pignore
635 2911 775 2970 liberatas
791 2910 820 2969 in
835 2908 950 2969 Saaclto
966 2911 1039 2987 regii
1054 2907 1159 2970 Putatii
1256 2973 1257 2992 2

203 2990 377 3053 Parisiensis
398 2991 564 3053 coilooavit.
1057 3031 1060 3035 -
1256 2997 1257 3004 ’

245 3071 319 3133 xu.
336 3072 549 3151 Flagettatione
564 3090 599 3132 ao
611 3071 719 3148 Spinea
730 3069 928 3133 Coronatione
942 3072 1070 3133 contrita
1084 3071 1159 3133 adca
1256 3067 1257 3110 ἶ

204 3172 239 3215 ao
254 3154 419 3216 deformata
436 3154 527 3213 iacies
540 3153 652 3213 Christi
667 3158 816 3221 eraserat,
834 3155 933 3214 utrix
948 3151 1043 3231 figura
1060 3153 1158 3213 horni-

204 3237 249 3296 nis
277 3236 306 3295 in
322 3255 358 3297 eo
377 3240 547 3313 appareret,
564 3241 595 3294 at
609 3234 767 3310 impiatum
783 3252 849 3295 esso
871 3234 949 3311 quod
967 3234 1158 3311 praedixerat
1256 3263 1258 3302 t

203 3316 296 3377 lsaias
318 3316 390 3394 Cap.
408 3315 476 3377 [ΙΙΙ
491 3334 507 3375 a
524 3333 603 3375 vers.
620 3314 658 3373 2:
681 3312 751 3375 Non
764 3325 806 3376 ert
819 3318 929 3395 specior
944 3317 981 3381 oi,
998 3334 1094 3392 nocuo
1108 3313 1158 3374 dr·
1256 3309 1257 3338 ¹

205 3402 280 3470 cor,
296 3410 322 3459 ct
335 3398 467 3471 uidimus
481 3416 559 3463 cum,
587 3405 614 3456 ct
630 3415 689 3457 nou
704 3407 769 3457 crat
782 3407 917 3476 arpoctus
931 3406 958 3457 ct
973 3394 1158 3457 desideraui-

179 3540 181 3547 ,
204 3501 270 3542 mur
293 3500 380 3540 oum:
404 3478 569 3557 despectum
585 3489 612 3539 ct
626 3480 820 3539 nooisrimum
833 3480 969 3539 uirorum
982 3478 1084 3539 uirum
1105 3474 1157 3535 do·
1256 3533 1257 3538 ,

152 3609 154 3614 .
204 3566 326 3631 torum„
341 3572 368 3622 ct
393 3561 532 3623 ruentem
555 3559 777 3641 infirmitatem,
801 3570 831 3621 ct
852 3562 939 3639 puori
963 3556 1156 3621 absconditur
