2517 4059
566 188 788 260 sesamae

174 350 181 367 ·
202 316 403 390 eumdemque
420 314 568 391 liquorem
583 316 756 384 conficiunt,
773 320 942 380 coalescant
955 325 986 378 et
999 319 1152 376 constent.

202 395 285 460 Haec
314 396 407 455 verba
431 401 609 460 incoactos
633 419 674 461 oc
698 402 880 462 concreditos
897 407 1013 460 ‘monus
1042 398 1155 458 summi

202 479 327 557 proinde
350 480 492 539 momenti
508 487 598 552 sunt,
623 488 657 543 ut
671 480 859 560 significent,
882 484 1086 557 evincantque
1103 495 1155 556 pa-

202 564 248 622 nis
269 567 299 622 et
321 561 380 618 vitri
405 563 597 631 mutationem
621 565 651 622 in
668 565 830 624 iissauctis
852 566 988 632 manibus
1012 561 1103 629 lieri,
1128 561 1158 619 in

203 646 239 705 iis
262 645 404 720 inquam,
436 645 570 706 manibus
592 664 670 727 qliae
692 651 737 706 tot
759 648 890 725 prodigia
915 648 1157 724 perpetrarunt,

202 729 301 788 visum
324 727 421 786 caecis
444 725 669 801 praebuerunt.
694 727 827 788 infirmos
848 735 1014 804 sanarunt,
1048 741 1159 802 panem

204 812 234 869 in
257 810 376 869 deserto
398 807 648 884 multiplicarunt.
672 809 782 870 Forma
804 807 1050 882 Consecrationis
1075 807 1159 883 panis

204 892 274 952 inde
297 889 468 968 profertur,
492 907 587 965 eaque
609 892 792 952 consistit.in
815 893 872 953 illis
901 893 1002 954 verbis
1026 887 1095 950 Hoc
1118 888 1159 949 cit

207 973 323 1052 Corpus
339 990 446 1030 mcum.
470 971 502 1032 ln
526 971 667 1050 liturgiis
688 971 871 1034 Graecorum
892 974 988 1034 lorma
1002 973 1084 1032 haec
1101 975 1157 1029 est:
1238 1030 1239 1037 χ

205 1053 270 1115 Hoc
286 1065 327 1114 cst
343 1055 454 1131 Corpus
468 1073 576 1122 mcum,
593 1054 672 1132 quod
684 1057 838 1134 procebis
851 1056 1022 1134 tronpitur.
1042 1053 1077 1113 ln
1089 1052 1163 1112 Mis·
1238 1052 1239 1055 ’

205 1137 259 1196 sali
280 1134 471 1218 Mazarahicc·
490 1136 620 1214 legitur:
644 1134 707 1196 Hoc
729 1145 769 1197 cst
795 1137 912 1217 Corpus
932 1156 1056 1204 meam,
1082 1131 1161 1212 qarod

200 1238 259 1298 pro
274 1218 351 1278 echis
368 1215 519 1296 trudetur.
543 1216 670 1286 Graeci,
688 1225 717 1279 et
732 1219 781 1278 alii
795 1218 964 1280 Orientales
978 1217 1076 1279 rerba
1092 1233 1161 1274 con·

204 1299 378 1360 sacrationis
393 1298 470 1360 elata
487 1316 560 1360 voce
576 1302 784 1377 pronunciant,
801 1306 833 1360 et
848 1301 975 1377 populus
992 1296 1157 1375 respondet

204 1383 310 1461 Amen.
336 1379 480 1440 Servahat
501 1379 571 1440 olim
594 1381 672 1442 hunc
696 1399 811 1441 morem
835 1384 924 1443 etiam
940 1380 1081 1441 Ecclesia
1097 1376 1155 1437 Oc·

203 1462 379 1527 cidentalis,
402 1480 566 1540 omnesque
589 1463 750 1523 audiebant
770 1465 976 1528 sanctissima,
999 1469 1032 1524 et
1055 1459 1159 1521 effica-

204 1545 323 1607 cissima
346 1543 458 1611 verba,
483 1546 590 1620 quibus
612 1544 724 1607 Christi
745 1542 861 1623 Corpus
877 1543 1048 1607 coniicitur.
1066 1541 1160 1602 Utra-

204 1646 264 1704 que
287 1624 421 1688 Ecclesia
437 1623 619 1696 Orientalis,
642 1632 673 1688 et
687 1624 887 1689 Occidentalis
908 1629 937 1686 in
954 1628 1011 1687 hoc
1027 1641 1159 1685 consen-

204 1712 305 1776 tiunt,
329 1708 473 1770 Bossucto
487 1713 591 1778 teste,
615 1709 695 1786 quod
718 1710 812 1769 virtus
834 1710 900 1781 illa,
925 1709 1106 1786 quamuis,
1129 1708 1159 1764 et

203 1793 310 1852 vinum
332 1790 360 1850 in
382 1787 492 1851 Christi
513 1788 647 1868 Corpus,
670 1797 701 1851 et
721 1789 903 1868 Sanguinem
926 1793 1156 1852 convertentur,

204 1873 400 1936 essentialiter
416 1871 562 1944 inverhis
576 1870 688 1938 Christi
703 1874 854 1942 consistat
875 1874 1012 1949 adeoque
1028 1874 1068 1932 ab
1085 1868 1156 1944 ipsis

141 2031 144 2038 Ι
205 1953 441 2018 Consecrationis
456 1953 606 2014 lormasit
621 1953 815 2015 desumenda.
831 1953 918 2028 Quod
935 1971 1008 2015 vero
1023 1954 1062 2013 ad
1080 1951 1156 2011 hanc

197 2055 323 2106 rocem,
337 2033 468 2106 ‚Feriam
483 2036 599 2102 attinet,
616 2037 748 2096 ostendit
759 2035 906 2108 Moriens,
923 2054 982 2104 res,
1000 2042 1032 2096 et
1048 2032 1155 2096 rerba,

206 2121 316 2194 quibus
338 2116 530 2178 Sacramenta
552 2121 708 2183 constant.
732 2117 780 2178 his
801 2118 946 2187 vocibus,
970 2119 1105 2176 materia
1131 2119 1165 2170 ct·

205 2201 329 2277 formo,
354 2217 465 2276 quase
487 2198 756 2276 Peripateticorum
784 2197 891 2260 Schola
912 2199 1080 2277 Theologia
1107 2192 1157 2256 ad·

154 2296 157 2304 “
207 2283 316 2348 scivit,
338 2281 404 2359 jani
425 2299 440 2340 a
463 2280 596 2359 pluribus
618 2279 751 2357 Saeculis
773 2280 802 2340 in
825 2287 952 2358 utraque
967 2278 1107 2341 Ecclesia
1120 2275 1157 2335 si·

207 2363 342 2440 gnilicari
355 2363 515 2440 coepisse,
530 2379 651 2438 easque
675 2369 827 2438 tamquam
851 2365 938 2423 utiles
952 2379 1017 2422 esse
1032 2363 1158 2424 retinen·

207 2445 272 2515 das,
298 2453 330 2508 ut
340 2443 416 2505 ¹iecit
430 2442 598 2506 Concilium
612 2443 833 2504 Tridentinum.
850 2443 975 2522 Insuper
990 2462 1059 2504 cum
1076 2440 1155 2504 enim

207 2526 352 2590 Sacerdos
375 2547 412 2590 ex
436 2543 560 2604 persona
582 2523 694 2586 Christi
718 2527 880 2602 loquatur,
904 2533 935 2586 et
956 2531 1034 2603 agat:
1059 2522 1158 2603 proie-

208 2616 257 2670 cto
277 2608 538 2672 Consecrationem
560 2607 755 2687 significative
771 2613 805 2668 ut
819 2606 962 2688 Theologi
979 2608 1155 2694 loquuntpn

209 2697 241 2752 ct
262 2690 430 2772 formaliter
451 2690 575 2769 proiert.
653 2725 663 2738 ·-
735 2749 737 2754 ,
768 2739 772 2742 .

187 2775 188 2778 ’
250 2772 288 2840 ΙΙ,
312 2771 580 2835 Animadversiooe
602 2769 724 2848 dignum
746 2778 802 2836 est,
826 2775 894 2847 post
907 2768 1051 2835 Coenam,
1075 2785 1158 2830 nem-

209 2873 247 2927 pe
269 2861 335 2933 post
349 2854 513 2933 Paschalis
524 2852 601 2932 Agni
623 2853 862 2922 comestionem,
885 2850 985 2913 lesum
999 2850 1154 2914 Christum

207 2937 369 3016 Dominum
385 2937 527 3005 Calicem,
544 2951 633 3011 quem
650 2932 850 2998 benediceret,
867 2935 1030 3010 accepisse.
1050 2933 1082 2994 S.
1099 2932 1155 2992 Lu-

209 3037 260 3080 cas
281 3015 355 3096 Cap.
372 3018 470 3080 XXII
490 3014 563 3078 duos
576 3015 671 3090 nohis
693 3015 808 3078 Calices
823 3015 962 3077 distincte
977 3029 1158 3076 commemo

197 3110 275 3180 rat,
300 3119 393 3162 unum
416 3098 584 3178 quidem-in
600 3097 664 3175 ipso
679 3097 783 3175 legalis
804 3097 863 3157 cibi
885 3098 978 3167 initio,
1001 3098 1052 3175 qni
1074 3093 1155 3158 Calin

210 3189 402 3257 consecratus
424 3200 480 3242 non
503 3179 581 3246 luit,
605 3179 736 3259 altarum
755 3184 859 3240 autem
882 3176 1003 3246 in'iine,
1026 3179 1078 3256 qui
1092 3191 1156 3253 scy-

210 3263 289 3344 phus
310 3265 475 3341 gratiarum
496 3259 629 3322 actionis*
641 3260 871 3338 nuncupabatur
885 3281 893 3330 3
917 3261 1011 3321 ethic
1027 3277 1099 3320 sane
1113 3273 1158 3317 rc·

212 3365 266 3408 rus
287 3344 370 3409 Calix'
394 3343 621 3406 Eucharisticus
643 3342 751 3403 erest.
775 3341 872 3403 Sumit
892 3359 965 3420 ergo
978 3339 1116 3404 Christus
1129 3339 1156 3396 in

189 3411 320 3488 'manus
343 3427 422 3490 hunc
445 3424 639 3504 praeclarum·
648 3421 778 3484 Calicem
799 3422 861 3503 jam
877 3422 1061 3503 aPropheta
1076 3438 1156 3502 prae

211 3507 326 3569 dictum
351 3507 443 3571 Catia
456 3525 537 3568 meus
552 3504 706 3568 inebrians
720 3506 1003 3588 quampraeclarus
1019 3513 1060 3566 cst
1082 3502 1156 3564 Psal-

214 3605 283 3648 mus
303 3588 395 3650 xxii
417 3607 447 3649 v.
471 3587 491 3647 'i
512 3587 662 3665 insignem⁴
680 3587 761 3648 hunc
782 3584 934 3658 Calicem,
958 3589 1083 3666 qui-non
1098 3601 1156 3647 am·
