2517 4059
404 206 435 230 κ
548 174 771 247 &biluw-

184 311 342 378 mittimus,
368 326 405 369 ne
420 308 518 369 taedio
540 309 651 385 potius,
675 325 765 383 quam
788 307 1003 367 oblectamento
1024 310 1134 369 simus,

225 391 278 452 lv„
308 388 493 467 conjunctus
515 390 590 450 adeo
612 389 670 451 init
690 390 854 465 antiquitus
875 389 957 449 color
978 390 1131 453 violaceus

182 490 251 532 cum
275 472 374 532 colore
399 473 508 549 nigro,
533 477 567 531 ut
589 490 643 548 pro
667 490 726 532 uno
748 477 780 530 et
801 470 906 531 eodem
936 472 973 530 ab
996 469 1131 533 Ecclesia

179 552 314 613 Romana
331 557 504 614 sumeretur
520 554 549 611 in
565 554 674 613 divinis
689 552 804 613 officiis.
829 551 894 611 Mos
910 555 1131 615 vetustissimus

180 633 333 696 Ecclesiae
355 635 412 695 tuit
433 635 527 713 liujus
543 636 670 695 violacei
692 636 800 695 coloris
824 635 900 695 iuter
916 653 999 695 sacra
1016 640 1131 715 myste-

173 719 225 777 ria
240 718 413 792 usurpandi,
436 718 574 792 quamvis
584 717 788 778 Prolestantes
804 733 912 775 uorum
929 735 1049 794 quoque
1064 734 1135 779 esse

180 799 262 861 hunc
283 800 414 860 colorem
438 799 631 864 contendunt,
658 800 842 874 irridentque
858 796 1046 859 Cardinalem
1063 799 1129 859 Bel-

181 881 363 950 larminum,
387 880 465 957 quod
488 882 712 957 antiquissimos
739 885 876 940 auctores
898 899 932 940 ea
953 882 991 941 ¹de
1015 900 1048 943 re
1070 898 1128 941 uon

180 964 337 1040 producat.
365 963 498 1038 Violacei
521 963 629 1023 coloris
651 971 697 1023 est
717 963 818 1023 casula
841 961 872 1022 S.
889 962 1009 1023 Martini
1034 962 1129 1023 inCo·

180 1045 247 1104 dice
269 1043 382 1105 Rabani
398 1044 498 1105 Mauri
521 1044 640 1105 saeculo
656 1044 701 1104 lX
725 1046 839 1119 scripti.
867 1042 998 1105 violacei
1020 1046 1131 1105 coloris

181 1133 227 1188 est
248 1127 360 1198 casula,
385 1128 484 1186 aureis
499 1126 614 1187 fimbris
636 1133 777 1187 exornata
802 1126 831 1185 S.
850 1125 962 1187 Callisti
977 1126 1073 1204 Papae
1097 1128 1126 1187 in

181 1210 282 1269 absida
304 1209 448 1268 basilicae
468 1206 500 1267 S.
524 1208 637 1269 Mariae
667 1208 902 1269 transtiberinae.
926 1205 1072 1269 Nonnulla
1094 1210 1133 1269 de

184 1292 330 1359 violaceo,
355 1298 387 1352 et
408 1288 517 1349 violato
539 1292 640 1351 colore
666 1292 835 1367 panduntur
860 1290 887 1348 in
911 1290 994 1351 brevi
1017 1291 1129 1361 nolitis,

184 1390 238 1433 seu
260 1373 475 1448 descriptione.
484 1372 724 1433 indumentorum
747 1371 886 1431 Fulconis
915 1370 1051 1449 Episcopi
1073 1372 1130 1431 Το-

183 1454 289 1524 lusani,
313 1461 437 1515 exarata
459 1454 497 1513 Α.
514 1453 551 1512 Ι).
572 1453 661 1515 1231.
687 1452 833 1527 Quartum
857 1456 934 1514 inter
957 1454 1070 1514 colores
1085 1472 1133 1513 sa·

183 1554 251 1597 cros
273 1538 372 1597 locum
394 1537 449 1596 sibi
471 1535 601 1597 vindicat
622 1538 704 1597 actor
727 1537 821 1613 niger.
847 1536 937 1597 Varia
961 1543 1030 1595 sunt
1052 1536 1131 1612 apud

184 1623 302 1679 veteres
325 1619 455 1688 nomina,
480 1619 607 1693 quaein
629 1619 711 1680 bunc
733 1634 857 1679 censum
881 1618 1015 1678 veniunt.
1040 1616 1136 1694 Niger

183 1700 263 1760 enirn
286 1702 314 1759 in
337 1719 457 1760 summo
478 1718 531 1759 suo
548 1699 676 1779 fastigio,
700 1706 766 1761 ater
787 1705 912 1761 vocatur
934 1718 951 1759 a
973 1699 1127 1769 Romanis,

183 1782 228 1843 sin
250 1800 323 1842 vero
345 1783 384 1842 sit
404 1783 478 1842 citra
501 1781 572 1841 illud
595 1783 785 1842 obscuritatis
807 1783 982 1858 fastigium,
1012 1779 1130 1842 tuscum

184 1863 300 1923 dixere.
324 1863 476 1940 suppares
491 1869 647 1940 praeterea
670 1866 753 1940 nigro
770 1870 922 1939 putantur,
949 1863 1065 1933 lividus,
1090 1864 1133 1923 oi·

173 1964 303 2011 nereus,
327 1948 462 2007 murinus
477 1962 492 2004 a
509 1947 646 2006 muribus
661 1952 691 2007 et
705 1948 859 2022 pramnius
880 1946 918 2003 ab
934 1944 1032 2005 ludica
1047 1963 1132 2023 gem·

184 2046 246 2097 ma‚
270 2028 307 2088 de
322 2045 381 2102 qua
403 2028 525 2097 Plinius,
549 2033 580 2088 et
601 2034 646 2088 est
667 2034 732 2087 ater
747 2046 816 2087 cum
833 2025 1001 2103 splendore.
1024 2030 1056 2089 ln
1072 2046 1131 2089 usu

184 2128 270 2170 sacro
292 2109 393 2169 tuscus
408 2111 489 2170 color
505 2110 611 2171 obrius
633 2128 722 2187 saepe
738 2116 784 2169 est
805 2127 858 2185 pro
875 2111 969 2187 nigro,
991 2127 1044 2169 seu
1060 2118 1128 2171 atro

183 2192 328 2251 violaceo.
351 2190 427 2252 Sane
449 2191 571 2268 quidem
595 2194 623 2250 ln
640 2192 773 2251 Romana
796 2189 940 2258 Ecclesia,
964 2193 1047 2251 statis
1068 2192 1133 2253 die-

184 2274 265 2341 bus,
289 2291 393 2333 sacrae
414 2279 537 2340 restes,
567 2273 665 2341 susci,
699 2280 730 2333 et
753 2274 827 2349 nigri
854 2274 962 2332 coloris
983 2273 1135 2335 adhibitas

95 2380 100 2387 ·
173 2355 276 2414 inisse
298 2356 445 2430 legimus,
479 2354 564 2433 cujus
592 2356 637 2415 rei
671 2361 775 2415 testem
803 2355 908 2415 damus
940 2353 1128 2425 Alcuinum,

183 2437 232 2497 ubi
255 2437 292 2497 de
312 2436 418 2497 Obicio
439 2435 586 2496 leriaeVl
608 2438 637 2495 in
654 2454 813 2513 parasceve
834 2436 997 2497 secundum
1022 2438 1131 2497 Roma·

170 2538 242 2579 uae
264 2517 416 2579 Ecclesiae
440 2519 529 2579 ritum
552 2519 645 2578 verba
667 2519 748 2586 iacit,
772 2519 919 2578 Diaconos
940 2536 975 2579 ea
999 2518 1046 2577 die
1069 2519 1134 2595 pla·

184 2602 260 2661 netis
282 2602 356 2661 lusci
380 2602 487 2661 coloris
513 2600 595 2660 indui
618 2602 809 2662 consuevisse
834 2599 995 2676 perbibet:
1031 2598 1134 2660 Ponti·

170 2685 359 2761 ,sexantem
383 2682 490 2758 inquit,
513 2701 565 2743 seu
580 2684 687 2751 clerus,
710 2692 742 2743 ct
763 2701 800 2741 ue
817 2684 946 2761 pupulus
962 2681 1133 2759 procedunt

183 2764 225 2823 nd
239 2763 409 2825 Ecclesium.
433 2765 557 2824 iuterim
569 2783 637 2824 ocro
653 2702 802 2843 agrestior
817 2760 1049 2823 Archidiuc'ocus
1063 2782 1131 2824 cum

185 2848 255 2907 aliis
278 2847 456 2907 Diueooibus
479 2845 514 2904 ‹ie
535 2847 707 2914 Sacrario,
737 2844 851 2905 indutis
872 2847 983 2905 scilicet
1001 2845 1132 2923 planctis

183 2929 286 3006 fuscis.
313 2927 442 2995 Verum,
467 2947 504 2988 ne
526 2934 663 3003 putemus
685 2928 742 2987 atri
765 2926 873 2986 coloris
896 2944 983 2987 usum
1007 2930 1035 2986 in
1059 2927 1130 2986 divi·

175 3010 228 3069 ·nis
249 3009 373 3077 Officiis,
397 3028 472 3071 aero
494 3015 607 3069 tautum
630 3010 749 3070 Alcuini
772 3011 923 3069 invectum
945 3026 1028 3076 esse,
1051 3007 1131 3086 ejus·

185 3109 244 3167 que
265 3093 329 3151 solo
352 3092 520 3153 testimonio
543 3091 651 3159 fulciri,
676 3092 783 3151 musivi
806 3091 905 3166 operis
927 3088 1053 3169 figurae,
1077 3089 1130 3151 ad·

170 3172 245 3232 'buo
266 3176 441 3250 superstites
463 3175 493 3232 in
515 3174 592 3233 alma
615 3171 695 3233 Urbe
717 3173 850 3232 omnium
869 3174 980 3238 matre,
1004 3171 1134 3232 Alcuino

176 3258 378 3326 uetustiores,
402 3255 491 3334 hujus
503 3255 612 3314 coloris
627 3255 833 3331 antiquitatem
850 3253 944 3315 oculis
955 3254 1131 3332 subjiciunt.

180 3334 274 3396 Fusci
297 3338 404 3397 coloris
419 3342 489 3399 sunt
511 3336 649 3414 planetae
671 3338 700 3396 iu
717 3336 840 3397 musivis
871 3336 1047 3413 imaginibus
1070 3334 1133 3394 Ho-

184 3419 272 3478 uorii.
296 3417 423 3480 Eomani
439 3416 602 3489 Pontinus,
625 3436 660 3478 ac
676 3418 798 3479 alterius
819 3415 945 3479 Romani
968 3414 1130 3487 Pontibus,

184 3517 261 3576 quae
285 3503 313 3561 in
333 3502 482 3580 emicyclo
503 3502 623 3561 absidae
646 3502 673 3559 in
695 3499 734 3559 D.
757 3500 880 3577 Agnetis
908 3504 994 3560 extra
1020 3495 1131 3559 Urbem

180 3582 231 3643 uia
253 3582 438 3644 Nomentana
461 3583 559 3643 adbuc
582 3584 726 3645 uisuntur.
752 3580 784 3641 ln
806 3582 1005 3645 vetustissima
1028 3579 1132 3643 notitia
