2517 4059
543 184 746 259 miissffl·

171 313 298 392 hiajaris
321 332 388 392 pag.
406 312 459 375 et.
483 313 515 375 In
532 314 591 377 hue
607 316 783 377 Lectionum
806 334 864 376 non
887 316 997 377 dicitur
1016 312 1060 375 Ta
1074 333 1131 375 aa·
1251 333 1252 392 1

173 408 244 463 tem,
258 393 308 457 sed
325 394 492 457 Ierusalem
507 408 688 468 convertere·
709 404 814 473 estque
827 396 949 461 tructus
969 398 1133 459 electione

174 478 394 556 percipiendus,
420 496 526 556 nempe
549 481 729 542 adstantium
752 483 922 553 conversio,
945 485 977 541 et
999 480 1037 539 ad
1060 496 1132 557 poe·

173 561 329 621 nitentium
351 559 534 620 exhortatio.
561 560 621 622 ista
643 562 817 626 exhortatio
837 568 884 621 est
905 564 934 621 in
945 561 1059 622 Ordine
1073 561 1133 621 lio·

173 661 273 703 urano.
297 638 457 718 Repetitur
480 641 647 705 Ierusalem
668 645 705 704 ad
727 644 902 717 exerentem
924 644 993 704 lesu
1014 638 1132 704 Christi

173 724 280 784 hlatth.
298 722 371 797 cap.
390 720 497 783 XXlll
512 724 689 795 Ierusalem,
712 725 888 793 Ierusalem,
912 726 1024 804 quoties
1039 724 1133 786 adul.
1252 743 1253 804 3

173 806 331 867 Lectiones
352 802 776 884 Hieremiaerepraesentant
809 808 892 868 nobis
913 810 1046 867 animam
1074 824 1133 885 pro

173 894 297 964 peccato
318 888 490 961 captivam,
504 906 578 947 „non
600 905 687 949 secus
707 907 743 949 ac
766 890 916 950 miserum·
932 896 965 950 et
985 889 1135 949 afflictum

175 969 340 1047 populum,
364 967 546 1047 Babylonica
567 972 741 1047 captivitate
762 972 930 1033 detentum.
956 972 1003 1031 hd
1024 988 1136 1031 secun·
1253 969 1254 1026 l

174 1053 247 1111 dum
266 1048 453 1110 Nocturnum
478 1051 506 1108 in
522 1050 669 1113 Sermone
689 1052 721 1112 S.
738 1053 898 1130 Augustini
920 1050 1026 1123 virtus,
1041 1069 1134 1129 appa·

174 1140 222 1193 ret
238 1128 385 1192 Passionis
406 1130 530 1204 Christi,
548 1136 598 1210 qui
614 1135 804 1195 inimicorum
828 1132 948 1211 injuriis
963 1136 1132 1210 expositus,

174 1229 228 1291 per
251 1210 378 1273 Crucem
401 1230 484 1271 suam
510 1216 720 1294 triumphavit,
739 1216 832 1294 cuius
846 1215 930 1291 signo
947 1218 1026 1297 totus
1045 1211 1139 1274 oren

176 1295 308 1355 deuictae
331 1304 382 1353 est.
405 1292 561 1357 Lectiones
583 1298 663 1357 tertii
694 1294 838 1358 Nocturni
861 1296 898 1356 ad
920 1293 1135 1355 Eucharistiae

177 1376 393 1437 institutionem
417 1375 620 1448 referuntur3¹
649 1378 700 1439 sed
727 1377 928 1455 Responsoria
960 1371 1139 1454 praecipuas

177 1458 329 1518 Passionis
350 1455 460 1518 Christi
489 1454 728 1520 circumstantias
750 1463 945 1530 memorant,
975 1458 1044 1537 eins
1066 1470 1139 1536 ago·

178 1543 258 1600 niam
281 1540 310 1597 in
334 1537 433 1606 horto,
457 1544 489 1598 et
510 1539 615 1607 Iudae¹
625 1543 830 1603 traditionem.
1026 1538 1062 1596 .‘-³'

219 1620 259 1682 lt.
282 1618 418 1680 Duranta
440 1618 649 1684 Tenebrarum
670 1623 777 1684 Othcio
800 1623 920 1701 ponitur
941 1621 1139 1681 antea-itare

179 1703 392 1771 candelabrum
415 1702 600 1779 triangulare
618 1705 692 1774 ‚cum
710 1705 845 1781 pluribus
866 1705 973 1769 cereis,
995 1704 1048 1779 qui
1070 1720 1143 1763 suc·

178 1786 295 1847 cessivo
316 1782 421 1843 ordine
454 1782 565 1867 innline
588 1787 736 1867 eansque
758 1785 867 1847 Psalmi
900 1781 1133 1861 extinguuntur.

177 1864 357 1941 Quindecim
379 1864 541 1941 ‘ponuntur
567 1886 665 1945 super·
682 1868 895 1929 candelabrum
927 1866 1028 1928 cerei,
1051 1858 1141 1941 inrita

179 1948 348 2026 qiiindeeim
371 1945 505 2009 Psalmos
529 1948 646 2018 Olhcii,
669 1957 702 2011 et
724 1951 754 2014 in¹
774 1948 835 2010 tine
857 1950 1005 2030 cujusque
1026 1944 1141 2006 Psalmi

179 2048 257 2091 rinus
279 2030 478 2103 extinguitur.
517 2027 567 2091 Ta
588 2034 668 2105 cerei
688 2031 729 2090 ad
751 2028 943 2097 Nocturnas,
975 2039 1008 2088 et
1024 2028 1141 2100 ¹ecelin·

179 2120 318 2191 9uantar
335 2128 394 2190 per
412 2113 549 2189 ¹sinuatae
569 2110 731 2180 Lectiones,
758 2117 835 2173 teste
855 2110 1003 2184 Udalrico‘
1015 2112 1044 2169 in
1059 2109 1141 2170 Cou-

180 2192 390 2253 suetudinihus
411 2191 717 2255 Cluniacensium.1n
738 2195 852 2255 Ordine
869 2192 1012 2275 Romano
1034 2207 1141 2251 cerco·

180 2293 250 2335 rum
285 2290 341 2353 non
364 2273 497 2349 signatur
520 2292 692 2336 numerus:
725 2280 755 2338 in
777 2276 887 2337 Codice
919 2274 1038 2346 Ratoldi
1065 2270 1141 2331 Gon·

181 2355 321 2436 h'eJensis,
345 2356 374 2413 in
390 2372 449 2430 quo
465 2358 617 2423 Romanus
633 2359 769 2435 signatur
783 2375 867 2425 ustis,
893 2357 1041 2425 traditur,-
1058 2353 1142 2430 quod

126 2462 130 2467 ¹
181 2444 242 2498 tota
265 2437 399 2497 Ecclesia
415 2436 606 2499 clarificanda
627 2441 678 2510 sit,
702 2444 733 2499 et
754 2440 876 2515 triginta
899 2446 967 2497 octo
989 2436 1085 2497 cereis
1108 2434 1163 2495 il?

182 2520 356 2579 lustranda:
382 2515 516 2581 Ecclesia
548 2522 631 2579 omni
652 2522 766 2595 lamine
794 2524 833 2582 eit
853 2519 1013 2587 decorata,
1035 2517 1141 2582 idest,

180 2602 312 2679 triginta
334 2612 398 2660 octa
413 2602 624 2665 luminaribus.
651 2601 684 2663 In
699 2604 820 2663 statutis
838 2599 997 2666 ¹Lauicanoi
1021 2598 1144 2676 viginti-

180 2684 314 2763 quinque
336 2684 560 2761 praecipiuntur
581 2686 674 2752 cerei,
699 2690 734 2745 ut
754 2684 792 2743 ad
808 2684 924 2761 singula
940 2677 1158 2758 Responsoria'

181 2765 376 2842 extinguatur
397 2782 495 2824 uuus:
519 2766 586 2824 aliis
608 2768 637 2825 in
662 2767 735 2827 locis
762 2763 1147 2842 extinguebanturomnia

182 2848 294 2908 luinina
319 2848 355 2906 ad
380 2846 572 2916 Matutinum,
586 2856 617 2909 et
639 2844 1072 2925 relinquebantnredlaudes
1093 2860 1147 2923 so·
1185 2904 1188 2907 ,

182 2928 507 3005 tummodo'lampades
530 2938 600 2997 ante
615 2929 733 2990 hilare.
758 2929 801 2989 De
813 2927 975 2989 luminibus
993 2927 1028 2985 in
1043 2922 1147 3001 eujus·

179 3030 241 3088 quc
264 3011 373 3071 Psalmi
396 3010 454 3071 fine
477 3010 689 3089 extinguendis
713 3005 846 3086 loquitur
872 3008 1046 3068 amalarius
1067 3003 1145 3064 Eor-

174 3097 306 3162 tunatus
328 3094 395 3151 Lib.
420 3091 462 3153 lV
485 3093 520 3151 de
545 3092 758 3153 merestonam
785 3086 895 3172 Officiis
926 3088 1000 3166 Cap.
1023 3086 1077 3146 Ἠ.
1100 3083 1146 3146 Et

182 3173 273 3239 Libro
296 3172 331 3249 de
358 3172 472 3243 Ordine
493 3172 713 3254 Anrlplronorr‘i
733 3170 806 3249 Cap.
826 3169 932 3231 lili-ait
952 3167 1148 3251 consuetudi-

184 3274 253 3317 nem
278 3256 372 3317 luisse
394 3256 423 3315 in
445 3256 597 3325 Ecclesia,
621 3264 656 3316 nt
676 3251 765 3317 Feria
787 3253 898 3326 Quinta
916 3256 953 3333 et
972 3250 1087 3318 Sexta,
1111 3256 1147 3310 et

180 3338 315 3399 Sabbata
332 3335 455 3415 majoris
473 3336 679 3397 hebdomadae
695 3338 807 3398 lumina
820 3336 1079 3409 extinguerentur.
1097 3328 1146 3391 De

184 3420 357 3487 luminibus,
381 3418 501 3496 expleto
524 3419 659 3495 quotibet
671 3417 820 3485 Psalmo,
843 3416 1053 3492 extinguendis
1081 3412 1166 3487 aare·

184 3506 391 3571 Martene‚¹et
411 3498 570 3561 confirmat
590 3498 1008 3578 ejusmodi-consuetudinem
1030 3494 1066 3553 de
1087 3510 1146 3552 an·

181 3587 273 3663 liqna
295 3580 442 3643 &clauae
458 3580 629 3660 Disciplina
651 3581 724 3660 Cap.
740 3580 782 3641 22
804 3578 867 3653 §.l
888 3596 974 3640 num.
990 3576 1023 3637 2.
1040 3574 1145 3649 Quin·
1180 3622 1183 3625 .
