2517 4059
502 236 725 305 wimiis(-

136 366 275 427 luduunt
291 383 356 425 eum
371 366 483 427 lincam
500 375 527 425 et
546 366 721 443 Ciopulum.
738 366 860 429 Constat
874 382 910 425 ex
927 365 1010 428 Actis
1024 367 1094 429 Pro·

136 449 344 510 consularibus
366 446 397 509 S.
421 446 564 527 Cypriani
588 446 726 525 Episcopi
749 452 780 507 ct
801 447 955 525 Martyris,
980 450 1029 508 ubi
1053 448 1095 509 le-

137 532 238 610 gitur,
262 530 341 605 qnod
370 548 438 590 cum
462 548 495 589 se
517 528 684 590 Dalmatica
711 530 911 606 expoliasset,
936 535 967 589 et
989 529 1096 593 Diaco-

136 611 182 673 nis
206 611 398 677 tradidisset,
422 611 451 670 iu
474 606 567 670 Horo
600 613 692 673 stetit.
719 612 759 673 Ea
784 612 874 689 igitur
901 628 939 671 ex
962 611 1022 673 lino
1043 614 1096 673 do·

136 697 189 755 liet
209 712 274 755 esse
297 692 452 758 conlecta,
471 712 528 753 non
544 698 645 754 autem
669 712 707 753 ex
729 692 806 753 lana.
823 692 901 753 Snus
916 710 1037 771 quoque
1051 698 1097 755 est

138 776 314 843 Ecclesiae,
338 782 369 837 et
389 775 572 835 Ductoribus
598 776 635 834 de
658 776 734 835 Alba
767 773 946 854 symbolicos
978 792 1095 836 sensus.

138 858 195 918 llla
217 858 338 934 quidem
362 857 390 917 in
415 857 552 933 precibus
567 874 678 933 agnum
694 858 855 936 Mysticnm
880 856 965 915 nobis
987 875 1096 934 propo·

139 941 203 1009 nit,
226 940 255 997 in
278 958 338 1015 qno
361 939 494 999 dealbari
528 956 582 997 nos
614 944 752 1017 oportet,
777 946 808 998 et
836 940 1096 998 conversationem

139 1020 305 1082 saluatoris
328 1022 421 1080 nostri
445 1020 606 1086 interris,
630 1020 718 1097 cnjus
741 1022 875 1096 vestigiis
903 1018 987 1079 nobis
1009 1038 1098 1079 aecu-

140 1107 207 1163 rate
229 1109 275 1161 est
297 1102 508 1162 insistendum.
531 1100 675 1179 Theologi
700 1120 753 1179 per
780 1120 847 1162 eam
881 1102 970 1161 officii
1004 1098 1098 1161 nostri

142 1201 196 1245 nos
217 1183 401 1254 admonent,
425 1202 485 1260 quo
507 1184 622 1242 mundo
644 1185 757 1253 corde,
775 1184 899 1243 candida
916 1185 1026 1250 anima,
1043 1184 1101 1241 im·

141 1266 301 1326 maculatis
325 1266 459 1325 moribus
473 1311 480 1333 ,
496 1272 527 1323 et
543 1265 681 1325 inviolata
695 1265 808 1344 justitia
825 1267 927 1325 vivere
940 1264 1098 1342 jubemur.

141 1346 176 1408 P.
190 1347 262 1407 Solo
277 1347 398 1425 insopor
413 1349 470 1408 snb
485 1346 577 1425 lrnjns
592 1347 756 1409 indumenti
779 1345 873 1425 ligura
886 1348 994 1407 Albam
1017 1348 1100 1407 illam

142 1434 280 1494 restem,
304 1445 364 1504 qna
386 1428 523 1491 indutum
545 1427 698 1491 Christum
715 1428 818 1492 Iesum
836 1428 973 1488 Herodes
994 1429 1099 1491 irrisit.
1164 1492 1171 1509 ‚

143 1511 375 1571 considerationi
403 1518 522 1571 nostrae
556 1514 705 1588 proponit.
729 1511 855 1572 Praeter
887 1511 962 1571 haee
989 1512 1047 1570 clia
1071 1511 1101 1568 in

145 1593 222 1653 Alba
246 1590 447 1652 Ecclesiastici
471 1591 640 1667 Scriptores
672 1603 838 1671 agnoscunt
870 1595 1023 1670 mysteria.
1049 1589 1102 1652 ΑΙ-

145 1676 252 1735 cuinns
275 1672 310 1732 dc
333 1673 452 1733 Diuisio
477 1671 588 1757 Officiis
608 1675 680 1735 dicit
695 1676 802 1735 Albam
819 1674 986 1750 significare
1003 1690 1102 1751 perse·

148 1756 326 1816 rerantiam.
350 1752 520 1823 Persam,
543 1756 631 1815 docet
653 1755 812 1824 Le-Brnn,
837 1754 996 1832 significari
1020 1755 1104 1830 puri·

146 1844 240 1899 tatem
264 1836 384 1902 cordis,
408 1854 498 1913 qnam
523 1838 653 1915 petimus
677 1855 729 1912 per
753 1838 859 1897 merita
883 1838 959 1915 Agrii
995 1839 1101 1896 imma-

147 1920 261 1987 culati,
278 1935 369 1995 quem
385 1917 601 1978 sacrilrmmus.
618 1916 733 1978 Natalis
749 1920 921 1981 Alexander
935 1920 1017 1987 dicit,
1033 1936 1103 1979 eam

148 2020 214 2062 esse
236 2000 342 2060 beatae
364 2000 546 2061 aeternitatis
568 2001 751 2077 symbolum.
769 1999 869 2071 Hinc,
887 2009 921 2061 ut
940 2002 1103 2061 observant

148 2082 323 2143 Amalarins
344 2089 375 2141 et
395 2081 497 2154 Beda,
522 2082 598 2145 Alba
621 2083 768 2159 stringere
800 2082 889 2142 debet
920 2101 1047 2149 manus,
1072 2088 1105 2144 et

148 2164 274 2225 brachia
296 2162 487 2233 Sacerdotis,
506 2182 541 2223 ne
563 2163 716 2240 quidpiam
735 2164 839 2225 inutile
857 2165 965 2233 incisu
985 2170 1101 2240 pectus,

149 2265 187 2307 ne
209 2246 280 2322 qnid
305 2247 391 2303 inane
414 2248 542 2321 cogitet,
559 2248 673 2323 genua,
686 2266 721 2308 ne
737 2245 775 2305 ab
790 2244 942 2306 Orationis
965 2247 1104 2307 instantia

150 2332 311 2405 torpeant,·
334 2328 421 2387 tibias
442 2335 472 2387 et
493 2327 606 2403 pedes,
631 2346 668 2387 ne
690 2328 726 2386 ad
750 2325 860 2388 malum
877 2337 1012 2388 currant.
1029 2328 1106 2388 Alba

150 2410 328 2471 interiorum
352 2410 442 2469 etiam
459 2407 606 2469 Ordinum
622 2411 714 2470 vestis
729 2407 802 2479 luit,
820 2409 1032 2475 Ostiariornm,
1046 2408 1103 2471 Le·

151 2498 293 2555 ctorum,
321 2490 572 2560 Exorcistarnm,
595 2490 842 2569 doarlythorum,
867 2497 897 2551 et
923 2488 1054 2568 Saussay
1075 2492 1106 2551 in

151 2570 297 2651 Poooptio
320 2569 467 2633 Clericoti
487 2572 572 2631 Part.
595 2571 616 2631 1
628 2572 697 2639 tio.
723 2569 750 2631 V
772 2570 846 2649 Cap.
870 2572 890 2633 5
912 2573 1054 2635 observat
1074 2573 1105 2631 in

153 2653 344 2714 interioribus
365 2652 509 2715 Ministris
532 2653 644 2712 idcirco
660 2652 756 2713 Albae
771 2654 1023 2731 superpelliceum
1039 2654 1107 2715 sub·

153 2737 293 2797 stitulum
307 2735 407 2804 luisse,
425 2739 459 2793 nt
474 2734 654 2795 ambulando
671 2735 859 2812 caeterisque
872 2738 983 2796 muniis
997 2736 1108 2795 obeun-

154 2818 200 2879 dis
222 2822 322 2878 essent
343 2816 554 2891 expeditiores.
576 2815 791 2884 Precationes‚
815 2836 884 2879 oum
908 2817 983 2877 Alba
1012 2817 1107 2877 sumi·

155 2903 227 2966 tur,
251 2901 328 2960 inter
352 2916 383 2958 se
405 2899 471 2959 lere
493 2916 597 2958 omnes
619 2899 825 2965 conveniunt,
850 2898 921 2958 licet
941 2899 1017 2958 aliae
1040 2898 1107 2958 aliis

155 2981 256 3042 verbis
277 2982 496 3057 exprimantur.
513 2977 599 3039 Haec
620 2981 658 3039 de
681 2979 776 3047 Alba,
792 2998 846 3041 seu
862 2978 993 3041 Camisia
1008 2980 1109 3057 quoad

155 3062 304 3134 Latinos3
329 3061 436 3123 Graeci
459 3080 531 3121 vero
553 3060 728 3139 hujusmodi
750 3079 870 3122 sacrum
900 3061 1110 3123 indumentum

156 3144 273 3207 habent
295 3145 439 3222 quidem,
463 3143 514 3204 sed
538 3160 575 3203 ex
598 3145 695 3204 serico
717 3144 800 3203 vario
829 3143 951 3213 colore,
975 3151 1005 3206 et
1026 3143 1113 3221 quasi

158 3227 301 3295 caelesti,
325 3227 430 3287 eodem
459 3231 608 3295 utuntur,
633 3227 811 3301 praesertim
834 3223 997 3303 Episcopi,
1021 3223 1113 3301 idque

159 3308 343 3371 sticharium
365 3313 493 3375 vocant,
518 3306 597 3382 qnod
620 3307 736 3369 candidi
753 3308 862 3367 coloris
884 3325 948 3369 esse
964 3308 1054 3369 debet
1066 3306 1115 3385 ju·

159 3398 207 3453 xta
231 3389 411 3470 Symeonem
433 3387 744 3451 Thessalonicensem.

199 3472 241 3535 ll.
267 3471 348 3532 lnter
363 3488 448 3530 sacra
465 3472 643 3531 vestimenta
660 3473 847 3547 frequentius
864 3473 1034 3532 nominatur
1048 3472 1116 3533 Cin·

162 3555 289 3631 gulum,
314 3554 369 3615 elsi
392 3552 472 3615 idem
495 3555 586 3614 etiarn
609 3554 789 3629 quandoque
807 3551 910 3623 Zona,
929 3563 955 3613 ot
970 3552 1117 3615 Botrlreor

162 3636 353 3715 appelletur,
376 3633 413 3694 de
435 3653 495 3711 quo
517 3634 588 3697 item
605 3637 743 3697 meminit
756 3632 964 3715 Hieronymus
984 3634 1116 3713 Epistola

515 3754 518 3761 .
950 3732 963 3759 Ι
