2517 4059
523 208 665 281 nesbit
687 218 747 277 ist·

144 340 261 398 stiorio
283 338 348 397 Lib.
374 336 414 398 lll
437 337 510 414 Cap.
537 340 587 397 17.
613 338 768 399 interdum
792 344 890 400 tamen
924 347 1041 416 sopiam
1066 339 1108 401 lo·

148 420 251 495 gimus
281 438 335 494 pro
356 420 491 495 quolibet
518 438 627 496 genere
658 424 852 490 vestimenti,
881 420 1025 497 Regum,
1055 420 1108 481 Sa·

148 500 334 568 cordotnm,
358 506 389 560 et
411 504 606 577 privatorum.
630 500 707 561 Nam
736 501 845 563 Genesi
871 504 944 579 ljap.
971 500 1008 561 lt
1036 520 1105 563 cnm

150 581 270 642 Pharao
293 584 448 643 constitnit
471 583 574 660 loseph
598 602 689 658 super
713 586 884 642 nniversam
910 592 1020 644 terram
1050 584 1109 644 Ac·

145 666 263 741 gypti,
288 665 410 723 vestivit
432 683 500 723 cnm
525 665 599 724 stola
623 666 766 745 byssina:
790 670 819 725 et
841 667 903 741 ipse
927 665 1033 739 loseub
1049 663 1108 726 Ge·

151 764 217 805 nes.
235 744 310 822 Cap.
325 743 364 805 ib
386 747 510 822 singulis
533 745 678 808 iratribus
701 750 763 806 suis
779 747 907 823 prolerri
923 746 1010 823 jussit
1025 748 1108 807 binas

150 828 263 894 stolas,
289 827 440 887 Beniamin
459 846 530 886 vero
545 828 627 889 dedit
643 830 774 905 quinque
797 828 887 887 stolas
909 830 1047 905 optimas.
1064 830 1108 890 Dc

144 908 232 968 Stola
245 903 362 967 Summi
377 909 544 969 Sacerdotis
560 911 588 968 iu
602 910 680 985 Lego
698 912 790 969 veteri
808 912 867 989 agit
881 910 1024 983 luscubus
1040 910 1105 970 Lib.

149 988 212 1049 XV
236 988 374 1068 Autiqau't
396 988 468 1066 Cap.
494 990 532 1049 lt
559 998 589 1051 et
613 992 678 1050 tib.
695 990 772 1052 xlll
793 990 866 1067 Cap.
884 991 915 1049 o.
934 992 1108 1052 Sacerdotes

154 1074 224 1131 item
249 1079 361 1132 stantes
383 1080 451 1132 ante
463 1072 566 1132 ditare
589 1087 658 1132 cum
675 1074 760 1132 stolis
775 1074 1010 1133 sacerdotalibus
1026 1091 1109 1131 com·

153 1160 302 1213 memorat
325 1153 390 1214 Lib,
406 1154 431 1215 ll
456 1154 706 1213 blacbabaeornm
730 1152 802 1227 Cau.
822 1154 851 1215 3.
867 1156 934 1213 lllio
952 1161 1107 1231 practerea

146 1237 225 1293 satis
247 1237 369 1312 vulgato
393 1238 512 1295 nomine
536 1235 618 1296 Stola
641 1237 749 1295 dicitur
775 1233 922 1297 Orurium
946 1240 973 1295 in
997 1254 1107 1315 genere

153 1323 280 1386 neutro,
306 1323 339 1377 nt
361 1317 546 1393 frequentius
561 1317 729 1393 accipitur,
754 1324 784 1377 et
803 1315 932 1377 Ororius
948 1322 975 1377 in
993 1336 1109 1378 mascu-

153 1396 237 1461 lino,
260 1399 516 1473 quemadmodum
540 1399 674 1474 loquitur
696 1399 778 1459 Ordo
800 1400 962 1459 Romanus.
981 1398 1108 1473 Quodsi

151 1479 282 1557 primam
306 1480 398 1557 hujus
420 1482 503 1539 vocis
518 1481 664 1558 originem
680 1470 892 1558 iuduiciamns,
911 1480 1031 1555 prolana
1049 1488 1105 1553 est,

149 1566 185 1621 el
206 1563 244 1619 ab
265 1580 301 1620 eo
323 1580 412 1621 seusu
436 1564 578 1626 diversa.
602 1581 662 1637 qno
687 1581 763 1623 nnnc
779 1568 951 1638 usurpatur.
970 1563 1107 1638 Antiqnis

149 1644 234 1702 enim
258 1642 464 1718 scriptoribus
486 1650 547 1703 tam
570 1641 728 1713 bituricis,
752 1662 843 1719 quam
867 1643 1044 1705 Christianis
1068 1641 1109 1701 0-

149 1725 275 1783 *ructum
299 1723 371 1783 nibil
395 1726 475 1783 alind
498 1731 565 1790 est,
589 1743 681 1801 qnam
714 1724 894 1788 sudarium,
918 1726 1106 1803 strophium,

154 1808 330 1871 linteolum,
354 1823 414 1880 quo
437 1806 528 1865 iacies
556 1808 749 1877 abstergitur.
775 1806 953 1865 Ambrosius
976 1804 1108 1881 Epistola

149 1886 193 1947 at
217 1888 254 1946 de
278 1888 428 1947 miraculis
450 1888 627 1948 Sanctorum
651 1886 805 1953 Gerrasii‚
830 1894 860 1946 et
882 1886 1019 1955 Protesi,
1044 1888 1107 1947 ait:

156 1966 280 2042 Quanto
307 1966 422 2029 Ornrio
438 1968 651 2051 jactitantur?
673 1982 699 2029 ct
721 1980 802 2029 tnctu
823 1970 886 2048 ipso
918 1969 1108 2028 medicabilia

149 2049 379 2129 reposcuntur?
403 2052 522 2111 Pontius
544 2054 573 2110 in
596 2053 657 2110 vita
679 2050 709 2109 S.
728 2050 885 2130 Cypriani,
902 2047 1028 2111 Fratres
1049 2050 1108 2110 liu·

153 2134 300 2197 toarcius,
319 2140 346 2189 et
360 2133 467 2191 oraria
483 2142 551 2191 outo
568 2132 815 2209 componebant,
832 2150 868 2191 ue
883 2142 1002 2191 sauctus
1017 2142 1108 2191 cruor

150 2210 270 2292 defluus
290 2214 494 2273 obsorberetur
515 2232 536 2271 o
558 2225 651 2274 terro.
676 2214 861 2274 Graecorum
891 2213 1043 2279 nonnulli,
1068 2220 1111 2273 at·

153 2311 214 2368 qne
236 2296 387 2355 intereos
409 2296 588 2356 Theodorus
604 2296 760 2355 Balsamou
785 2295 812 2353 in
837 2313 901 2353 cau.
920 2294 961 2354 ⁶2⁶2.
982 2294 1112 2356 Concilii

153 2372 318 2436 Laodiceni
331 2422 339 2445 ‚
362 2394 397 2435 ac
420 2377 589 2437 Matthaeus
611 2378 759 2436 lilastares
783 2377 811 2434 in
834 2374 1054 2438 Nomocuuouc.
1073 2376 1111 2435 ab

149 2478 243 2533 ωραω
265 2458 343 2517 idest
357 2459 466 2523 video.
483 2459 610 2519 observo
627 2460 751 2532 neritum
769 2468 925 2517 asserunt:
944 2462 1023 2533 qnod
1039 2456 1110 2515 Pro-

154 2539 269 2615 sbyteri
292 2539 433 2602 Omnium
456 2540 550 2601 induti
573 2539 728 2617 diiigenter
744 2539 846 2598 ridere
862 2539 991 2599 debeant
1013 2545 1043 2599 ct
1058 2538 1111 2597 ob·

154 2637 278 2681 servare
301 2639 378 2697 quae
401 2623 430 2681 in
452 2620 603 2697 Mysteriis
626 2623 718 2681 sacris
747 2621 861 2697 agenda
878 2624 983 2686 snut,
1016 2638 1110 2695 caque

149 2701 264 2762 ‘Orario
290 2702 459 2779 significare
483 2703 621 2763 Diacouis
644 2703 695 2777 qni
722 2710 792 2761 suut
820 2703 847 2760 iu
877 2702 1015 2763 ambone.
1044 2700 1111 2760 Non

153 2784 318 2857 incongrue
347 2785 438 2845 etiam
465 2784 570 2843 deduci
597 2791 697 2860 potest
718 2783 755 2843 ab
772 2791 860 2860 ’ωρα,
889 2784 963 2841 idest
986 2800 1057 2843 cora
1080 2790 1111 2845 et

151 2866 313 2926 custodia:
337 2868 406 2943 qnia
429 2867 478 2943 qni
495 2863 637 2925 Orarinm
662 2866 762 2933 icrunt
784 2866 847 2923 sire
868 2862 1044 2930 Pontifices,
1070 2866 1111 2923 si·

151 2950 191 3007 s'c
219 2945 418 3018 Sacerdotes,
442 2949 506 3008 sivo
530 2947 677 3011 Diacoui,
706 2944 810 3006 lideles
843 2945 970 3023 populos
1002 2963 1109 3007 curare
1146 3019 1149 3025 Ι

149 3047 267 3104 eosque
289 3031 443 3089 custodire
466 3028 595 3097 debent,
623 3028 701 3086 sicut
728 3034 758 3087 et
783 3044 868 3085 sacra
902 3044 936 3085 ac
964 3028 1111 3105 mysteria

152 3128 231 3187 quae
263 3130 336 3171 snae
367 3111 560 3172 sollicitudini
593 3127 627 3169 ac
651 3106 719 3169 fidei
752 3108 911 3167 commissa
944 3113 1024 3169 sunt.
1049 3106 1110 3169 Alii

152 3192 233 3251 enim
257 3192 293 3251 ab
316 3211 389 3259 oro,
413 3193 492 3266 quod
515 3198 561 3253 est
582 3210 707 3267 precor,
731 3192 845 3251 dictum
869 3199 1013 3259 censent,
1038 3192 1108 3265 quia

95 3301 100 3311 ·
149 3273 183 3330 in
207 3273 334 3349 publicis
360 3274 512 3335 Ecclesiae
537 3274 703 3350 precibus,
732 3278 821 3349 atquc
848 3272 876 3331 in
902 3270 1111 3332 Sacramentu-

152 3370 221 3413 rnm
244 3355 503 3415 administratione
525 3355 687 3415 adhibetur
702 3352 859 3413 Orarium.
888 3352 946 3413 dlii
970 3354 1007 3413 ab
1034 3372 1109 3421 oro,

152 3437 231 3510 qnod
255 3443 302 3495 est
323 3438 506 3508 concionor,
531 3444 670 3496 vocatum
694 3435 898 3505 arbitrantur,
924 3437 993 3511 qnia
1015 3441 1112 3494 orato-

151 3517 233 3577 ribus
255 3520 370 3585 sacris‚
395 3536 447 3579 sen
470 3516 728 3579 couciouatoribns
758 3517 907 3583 dabutur}
932 3534 1009 3592 quae
1043 3534 1113 3576 scn-

149 3600 244 3661 tentia
259 3606 306 3661 est
319 3598 443 3660 Concilii
456 3600 591 3661 Toletani
604 3597 646 3661 lV
659 3600 688 3657 in
705 3615 769 3660 can.
785 3596 836 3665 39;
853 3596 1040 3658 Venerabilis
1055 3596 1117 3659 Bc·
