2517 4059
557 184 783 269 emittes

198 329 351 409 siaaifieat
375 330 511 388 ahionem
533 329 732 387 membrorum
754 327 795 385 ad
810 338 901 405 caput
922 315 1040 389 rotiohe
1058 332 1160 410 ipsias

199 412 400 492 conjuctionis
414 420 440 471 et
457 428 586 469 amorem
608 410 715 491 capitis
726 410 873 491 potientis
888 428 945 487 pro
958 412 1097 473 memhris
1113 413 1155 473 ael

198 495 284 573 ipsa,
310 512 348 553 eos
370 494 420 551 hoc
443 491 520 571 qaod
544 510 581 551 ea
604 491 716 551 duobus
737 494 921 572 conjuctim,
945 512 1042 551 anam
1064 492 1154 576 efflei·

196 583 263 643 tar;
287 585 314 635 et
332 594 500 652 processum
511 572 747 652 ¹Redemptionis
762 595 780 633 a
795 576 891 655 eapite
908 574 948 631 ad
964 575 1098 634 membru
1114 593 1158 636 ece

195 659 262 737 ipsa
277 658 540 735 transformatione
555 674 652 733 aquae
668 654 708 713 od
720 658 837 715 vineam.
855 657 962 715 Graeci
978 657 1023 716 bis
1037 674 1152 733 aquam

195 741 338 806 miscent,
363 740 455 799 semel
481 738 636 813 frigidam,
660 754 728 796 cnm
752 740 780 794 in
797 736 932 797 Protbesi
955 740 1152 799 sanctadona

139 869 142 874 .
194 826 397 897 praeparant,
429 827 578 897 cumgente
599 817 762 878 Sacerdote
788 836 896 896 panem
920 828 1022 880 sancta
1045 821 1150 881 lancea

194 907 226 961 et
248 903 388 962 dicento:
422 920 502 961 anns
523 902 656 960 militane
684 902 790 960 lancea
818 901 898 960 latas
919 904 983 982 ejas
1005 906 1149 979 aperuit,

193 984 354 1063 statimqne
377 985 469 1043 eaioit
492 982 634 1061 sanastis,
659 991 684 1040 ct
707 1000 810 1061 aqua:
839 990 869 1042 et
892 984 1024 1043 Diacouo
1048 984 1150 1045 inlun-

194 1066 283 1125 denle
307 1067 431 1133 vinum,
456 1070 486 1123 et
508 1082 628 1139 aquam.
664 1063 779 1122 Deinde
802 1064 930 1123 calidam
954 1072 1021 1141 post
1042 1083 1149 1128 conse·

193 1149 368 1211 arationem,
393 1146 564 1207 immediate
587 1150 656 1204 ante
671 1142 920 1204 Communiunem
945 1153 1065 1223 petente
1079 1149 1148 1209 usa-

192 1246 267 1287 cono
292 1246 307 1286 a
332 1226 511 1297 Sacerdote,
537 1232 571 1287 nt
592 1245 699 1302 aquam
724 1226 872 1285 fervidam
896 1229 1070 1293 benedicat,
1095 1230 1148 1290 illo

191 1328 266 1369 vero
290 1310 484 1369 benedicente
508 1311 556 1368 bis
578 1310 693 1375 verbis:
718 1307 896 1376 Benedictus
909 1314 1011 1389 feruor
1025 1310 1147 1372 Sancto·

193 1411 261 1451 ram
285 1404 405 1452 tuorum
424 1391 549 1471 janitor,
572 1408 652 1448 nano
669 1403 695 1450 ct
710 1407 834 1466 semper.
859 1401 886 1449 et
899 1396 934 1452 in
948 1396 1067 1452 saecula
1080 1406 1148 1453 sae-

191 1475 337 1533 culoram.
363 1471 469 1531 Amen.
494 1472 571 1531 Tum
590 1470 740 1531 Diaconos
761 1472 890 1531 infundit
908 1476 936 1534 in
951 1473 1083 1533 Calicem
1099 1476 1146 1533 di-

189 1573 279 1615 cens:
303 1554 404 1630 feruor
425 1554 495 1634 fidei
507 1556 613 1633 plenus
635 1554 751 1633 Spiritu
768 1554 889 1614 Sancto.
917 1562 1016 1615 Amen.
1040 1556 1146 1616 natio-

188 1656 256 1698 nem
270 1637 398 1697 reddunt
415 1635 504 1713 bnjus
521 1640 669 1698 secundae
686 1637 839 1693 mixtionis
854 1634 1022 1710 Scriptores
1033 1637 1143 1698 Graeci

188 1721 267 1797 apud
291 1719 372 1779 Guar
394 1719 422 1775 in
447 1718 524 1777 notis
546 1716 585 1775 ad
608 1718 728 1776 Missam
753 1715 956 1795 Chrysostomi
976 1720 1144 1779 nam.16't

186 1810 216 1861 et
238 1802 315 1877 aprrd
341 1800 506 1859 Arcadium
531 1798 596 1857 Lib.
620 1798 664 1859 lll
688 1816 759 1857 saue
784 1796 969 1858 Concordiae
990 1798 1063 1875 (lap.
1087 1800 1140 1860 39.

185 1882 306 1942 Simeon
329 1882 602 1941 Thessalonicensis
624 1880 713 1938 libro
736 1880 773 1938 de
794 1877 912 1959 Templo
934 1882 963 1939 in
979 1880 1141 1943 Bibliothe-

183 1982 218 2025 ca
239 1964 297 2023 ΡΡ.
322 1964 409 2023 Tum.
434 1962 535 2023 XXll.

174 2042 176 2047 ’
226 2045 280 2105 lll.
306 2044 441 2104 Romano
466 2049 548 2113 ritu,
572 2042 644 2101 dnm
667 2060 746 2116 aqna
770 2043 916 2103 miscetur
939 2045 1007 2103 vino
1030 2044 1141 2105 dicitur

183 2126 287 2186 Oratio
312 2129 391 2187 Dens
413 2128 466 2204 qai
489 2128 639 2185 humanae
661 2126 853 2184 substantiae.
868 2126 956 2195 noua
981 2125 1140 2202 nonnullas

181 2206 334 2269 Ecclesiae
369 2210 444 2267 baec
467 2209 544 2268 actio
567 2224 635 2265 cum
658 2209 777 2266 silentio
806 2207 1018 2282 peragebatur.
1053 2206 1141 2268 Haec

179 2307 274 2367 porro
298 2298 465 2350 memorata
488 2288 593 2348 Oratio
617 2288 727 2364 legitur
756 2289 785 2345 in
807 2286 1055 2349 Sacramentariis
1079 2286 1142 2350 Ge-

179 2373 315 2441 lasimo,
341 2379 371 2433 et
393 2370 601 2447 Gregorianu,
626 2372 655 2426 in
679 2367 876 2439 blissalibus,
906 2389 984 2445 qnae
1006 2372 1139 2447 aliquam

179 2458 354 2533 praeierant
375 2456 606 2529 antiquitatem,
632 2451 820 2511 desideratur
843 2453 917 2510 baec
933 2451 1058 2521 Oratio,
1083 2472 1140 2529 pro

182 2555 243 2611 qua
267 2538 422 2597 dicebatur
446 2538 474 2593 iu
499 2533 635 2611 plrrribus
658 2533 823 2593 Eccleslis:
858 2531 966 2593 Emisit
989 2536 1024 2594 de
1045 2538 1141 2595 latere

182 2618 299 2681 Christi
325 2625 383 2677 etc.
414 2617 547 2692 Antiqua
576 2614 836 2675 Cartbnsiensinm
867 2613 981 2675 Statuta
1011 2616 1140 2695 Partel

177 2696 250 2777 Cap.
277 2699 317 2759 ta
341 2698 472 2757 Diacono
497 2696 639 2757 fundente
662 2716 770 2771 aquam
787 2699 816 2755 in
830 2696 974 2766 Calicem,
998 2698 1140 2759 dicitSu-

179 2782 297 2842 cerdos:
323 2782 367 2843 De
390 2784 483 2841 tatere
500 2778 624 2838 Domini
647 2780 740 2839 sciuit
762 2785 883 2857 sanquis
898 2789 925 2838 et
940 2798 1021 2858 aqua
1042 2780 1077 2837 in
1091 2800 1139 2840 re-

177 2865 347 2923 missionem
362 2875 568 2943 peccatoram.
595 2860 716 2921 Missale
732 2860 930 2936 Lugduneuse
947 2881 1023 2921 auno
1040 2862 1135 2930 1620,

177 2948 295 3023 quando
318 2946 463 3007 Sacerdos
488 2944 571 3021 pollii
595 2944 698 3001 vinnm
722 2944 750 3000 iu
767 2942 896 3003 Calicem
919 2944 1010 3003 dicat:
1033 2944 1078 3003 De
1093 2944 1138 3003 la·

177 3038 238 3088 tere
263 3030 301 3089 D.
319 3026 360 3089 N.
378 3028 445 3089 lesa
464 3028 577 3091 Christi
592 3026 686 3084 exirit
708 3027 844 3102 sanquis·
867 3026 1003 3101 ponendo
1025 3043 1138 3101 aqtram

176 3114 207 3170 in
231 3113 333 3171 vinnm
356 3110 445 3170 dicatt
474 3108 511 3169 Et
527 3126 607 3186 aqua
623 3126 679 3183 pro
697 3105 906 3185 Redemptione
923 3105 1043 3168 Mundi.
1061 3108 1137 3167 Am-

175 3194 307 3254 brosiani
330 3194 442 3252 dieunt:
468 3192 503 3249 de
519 3192 612 3249 latere
631 3188 744 3250 Christi
763 3190 857 3249 asciuit
873 3192 997 3268 sanquis
1012 3200 1038 3250 et
1053 3206 1138 3267 aqna

170 3278 346 3357 paritario
368 3275 484 3333 nomiae
508 3270 609 3331 Patris
633 3278 691 3330 eto.
716 3268 760 3328 Ex
784 3272 907 3346 quibus,
931 3272 1057 3347 aliisque
1074 3270 1137 3347 ple-

175 3360 296 3418 nissime
319 3362 435 3418 constat
459 3362 618 3429 utramque
644 3352 808 3411 Ecclesiam
832 3351 967 3411 Latinam
990 3359 1021 3412 et
1042 3351 1136 3411 Grae-

175 3455 242 3499 cam
267 3441 455 3499 inmixtione
477 3454 573 3513 aquae
596 3452 666 3493 cnm
690 3435 760 3492 vino
776 3435 804 3492 in
820 3433 920 3494 Calice
937 3435 1133 3509 Sanguinem,

179 3527 208 3580 et
233 3537 341 3594 anisam
358 3537 375 3579 e
391 3518 500 3578 Christi
525 3518 619 3575 latere
634 3514 755 3575 fluxisse
769 3534 1017 3577 commemorare.
1042 3515 1076 3575 ln
1091 3513 1134 3575 0-

176 3602 319 3671 ratione,
345 3619 422 3677 quae
443 3598 528 3677 juxta
544 3597 714 3658 Romanum
738 3598 829 3659 ritum
852 3599 981 3670 dicitur,
1005 3604 1074 3658 sunt
1088 3597 1135 3656 di-

868 3863 889 3898 Ι
