2517 4059
447 212 673 283 *wiw-

93 336 187 399 atht't
202 340 293 399 etium
304 338 485 400 ostendendo
501 340 622 401 modum
641 344 849 424 conceptionis
864 362 933 407 oum
950 346 1035 405 dixit:

94 420 216 497 Spiritus
237 420 364 481 Sanetus
391 424 586 497 superveniet
617 426 647 483 in
671 434 711 486 te.
751 423 847 487 Tertio
871 426 1040 487 intendebat

94 504 222 562 ammom
238 507 303 583 ejus
316 502 458 563 inducere
474 503 515 562 ad
529 524 725 567 eonsensum:
742 507 819 585 quod
835 508 954 586 quidem
967 509 1038 587 iecit

91 586 218 665 exemplo
232 582 397 651 Elisabeth,
424 595 452 644 et
471 589 591 646 ratione
621 606 661 647 ex
677 588 790 648 Divisa
818 586 1040 669 omnipotentie

90 678 215 745 sumpta.
247 665 291 725 lta
319 665 351 725 S.
374 665 521 727 Thomas.
553 666 715 730 Praeterea
746 687 892 746 quaenam
925 671 1040 731 seilicet

91 747 177 806 luerit
196 764 289 808 causa
311 747 490 809 turbationis
512 748 616 819 illius,
647 768 707 827 qua
729 752 834 813 allecta
858 750 953 831 Virgo
981 758 1038 823 este

89 826 236 900 Subitam,
260 829 332 888 dum
353 830 416 889 sola
436 835 529 896 esset,
552 831 660 909 Augali
683 833 817 894 bumana
832 834 932 910 specie
952 850 1040 912 appa·

90 911 178 970 rentis
198 917 358 987 aspectum
390 911 468 971 intra
488 909 596 989 januas
616 913 754 985 clausas,
781 914 915 976 nonnulli
932 915 1038 975 existi·

89 997 175 1051 mant.
199 990 267 1052 Non
290 993 441 1060 subitum,
465 993 516 1053 sed
539 1000 772 1065 eoruscantem,
796 1002 828 1057 et
849 996 1040 1072 splendidum

92 1071 192 1149 Angeli
215 1076 372 1151 aspectum
396 1075 574 1135 turbationis
595 1075 709 1137 Mariae
732 1095 852 1139 causam
874 1077 965 1139 luisse
988 1078 1038 1137 alii

17 1161 18 1164 ’
90 1150 178 1228 ajunt.
213 1154 292 1217 Sunt
313 1156 366 1232 qui
387 1165 530 1217 moueant
550 1158 686 1235 agnitum
712 1160 750 1219 ab
772 1176 808 1219 ea
831 1158 924 1220 luisse
945 1159 1041 1221 caole-

90 1241 159 1295 stem
175 1230 341 1314 Angelum,
365 1254 420 1296 uae
437 1256 547 1299 rarara
568 1239 745 1317 trepidasse,
769 1241 821 1301 sed
837 1246 953 1301 mnium
977 1247 1040 1303 tur·

17 1375 18 1392 2
89 1312 182 1377 batam
197 1318 304 1386 inissa,
328 1320 489 1381 turbantur
509 1321 590 1381 enlm
606 1323 672 1382 veri
695 1322 837 1389 humiles,
861 1324 885 1382 si
908 1323 1040 1398 multum

17 1401 18 1430 l
89 1402 288 1459 commendari
311 1418 345 1460 sa
366 1401 503 1461 audiunt.
520 1400 709 1463 S.·Tbomas
731 1409 901 1491 postremae
926 1405 1042 1482 opinio-

17 1535 18 1560 ,
89 1480 117 1537 ui
136 1480 240 1542 iurare
262 1482 392 1550 videtur,
409 1481 481 1542 dum
504 1484 581 1544 haee
596 1486 689 1548 tradit
703 1483 746 1545 lll
764 1496 849 1562 part.
867 1496 980 1565 quaest.
998 1484 1041 1546 50

17 1563 18 1584 ¹
90 1570 145 1619 stt.
159 1562 185 1621 5
194 1564 232 1623 ad
249 1561 314 1623 {lin
337 1562 419 1622 line:
450 1561 584 1638 Quidum
605 1576 707 1627 tamen
730 1566 845 1634 dicunt,
872 1567 951 1646 quod
972 1586 1040 1627 curn

17 1657 18 1694 ἡ
90 1638 179 1702 decta
193 1646 285 1722 l'irpo
299 1654 418 1705 caueto
433 1656 504 1707 erret
517 1647 680 1708 visionibus
695 1648 883 1726 Angelorum,
900 1666 959 1707 aon
975 1658 1041 1708 tur-

17 1755 18 1762 ,
92 1722 154 1783 loto
176 1728 239 1803 fait
263 1728 298 1785 io
318 1727 431 1787 sitiam
445 1724 565 1805 Aeacii,
577 1728 629 1788 sed
650 1732 685 1788 ia
705 1728 907 1789 admiratione
924 1746 1038 1798 eorum.

90 1810 202 1881 quue'ei
226 1808 266 1867 ab
278 1807 388 1886 Aapolo
403 1807 591 1883 dicebantur,
615 1811 689 1887 puio
710 1808 746 1870 de
761 1828 790 1870 se
800 1819 862 1870 tum
876 1810 1041 1890 magnifico

91 1902 145 1944 aon
159 1890 319 1966 copitabat.
349 1886 432 1949 Unde
447 1900 473 1949 et
489 1888 679 1969 anupeiisto
695 1911 754 1951 aaa
769 1890 851 1957 dicit.
878 1890 958 1970 qood
974 1900 1043 1951 tur·

91 1964 154 2027 bata
167 1972 263 2048 fuerit
277 1970 312 2029 ia
324 1971 436 2031 oiriosm
451 1968 569 2050 Arretii,
595 1973 646 2032 sed
667 1973 701 2033 io
721 1991 855 2033 sermone
871 1976 945 2054 ejus.
970 1971 1043 2033 Son·

92 2051 175 2111 unda
196 2052 274 2112 haee
296 2053 432 2128 pluribus
454 2070 525 2113 sane
540 2052 680 2115 Patribus
704 2055 825 2132 placuit,
848 2057 899 2131 qui
917 2059 1040 2132 propte·

92 2144 137 2188 rea
157 2134 299 2195 eamdem
321 2135 498 2194 sententiam
520 2138 723 2205 auctoritate,
758 2153 793 2195 ac
814 2136 960 2213 sullragio
982 2152 1038 2198 suo

92 2212 170 2274 raldo
190 2215 380 2291 probabilem
404 2214 610 2276 reddiderunt.

18 2313 19 2316 ¹
126 2290 174 2353 V..
186 2296 255 2369 Quo
266 2302 367 2357 autem
389 2297 562 2374 particulari
584 2299 615 2356 in
629 2299 695 2359 loco
708 2297 840 2376 Angelus
853 2297 980 2365 Mariam
996 2298 1042 2357 in-

93 2379 222 2446 tenerit,
247 2396 320 2439 cum
340 2396 409 2438 eam
431 2378 562 2439 salutare
590 2380 694 2441 adivit.
719 2379 895 2441 Communis
917 2378 1042 2439 Patrum

18 2485 19 2492 ,
92 2462 231 2521 sententia
254 2466 309 2528 est,
327 2460 455 2520 Mariam
471 2460 509 2521 ab
524 2460 640 2539 Angelo
662 2460 753 2522 luisse
770 2462 920 2521 inventam
944 2461 973 2518 in
990 2478 1043 2520 cu·

95 2534 183 2601 bieulo
196 2541 309 2602 domus
331 2557 404 2601 onae
424 2542 519 2602 solam
536 2543 566 2602 in
580 2541 795 2621 penetralibus,
810 2542 904 2602 solam
920 2542 985 2600 sina
1002 2546 1043 2601 te·

93 2624 291 2689 ste‚oraatem
314 2640 347 2683 ac
366 2622 574 2694 meditantem,
597 2631 629 2685 et
651 2626 728 2685 iorte
741 2624 867 2685 Messias
879 2622 1041 2683 adventurn

93 2704 299 2779 suspirantem,
322 2704 425 2781 ibique
446 2706 484 2765 ab
507 2705 624 2782 Augelo
645 2706 819 2766 salutatam:
836 2711 868 2765 et
889 2704 967 2764 hanc
989 2704 1041 2765 do·

94 2796 169 2843 mum
191 2787 275 2846 illam
297 2788 437 2846 camdem
459 2804 550 2856 essa,
573 2806 665 2863 quam
688 2788 717 2846 in
739 2784 882 2847 Picenum
905 2792 1040 2862 asporta·

96 2866 147 2922 tam
167 2868 284 2929 Aedem
300 2866 500 2928 Lauretanam
523 2869 653 2929 dicimus
675 2874 706 2929 et
727 2869 864 2927 colimus.
879 2864 984 2927 Restat
998 2867 1043 2925 in·

95 2945 203 3016 quirere
226 2968 374 3019 mensem,
399 2948 479 3009 diem
501 2955 532 3009 et
553 2950 676 3019 boram,
700 2949 809 3027 quibus
830 2946 962 3022 Angelus
981 2948 1042 3008 Ma·

96 3024 351 3100 riam.salutatum
367 3030 471 3091 adivit.
489 3032 738 3107 Antiquissimum
755 3046 822 3089 eam
838 3046 904 3091 esse
920 3045 1044 3104 persua·

96 3104 226 3183 tionem,
251 3131 310 3190 qua
342 3130 502 3173 censemus
522 3120 630 3173 octavo
653 3112 805 3173 Kalendas
827 3109 959 3189 Aprilis,
984 3126 1044 3186 qua

96 3183 150 3261 ipsa
171 3194 219 3256 die
242 3195 425 3255 nuncetiam
447 3196 626 3255 memoriam
641 3192 1044 3255 DominieaeAnnunciatio·

98 3268 283 3337 aureolanus.
299 3275 499 3336 Producimus
513 3278 614 3337 statim
631 3277 834 3355 Augustinum
850 3278 1043 3335 attestantem
1120 3278 1123 3287 '

99 3350 201 3417 seilicet
219 3358 420 3439 amajoribus
441 3356 589 3417 traditam
610 3358 689 3419 banc
711 3376 790 3425 asse,
814 3356 851 3416 de
872 3372 931 3431 qua
954 3355 1043 3416 disse·

99 3428 196 3506 timus,
207 3440 443 3516 persuasionem.
456 3435 542 3499 Sicut
554 3458 575 3498 a
588 3440 754 3519 majoribus
769 3436 919 3499 traditum
935 3437 1041 3513 iuquit,

101 3506 274 3591 Augustinus
295 3520 363 3580 Lib.
386 3519 430 3581 tv
453 3519 488 3579 de
508 3514 657 3581 Trinitote
674 3520 751 3597 Gap.
772 3519 970 3599 Vsoscipieas
986 3517 1044 3579 Ee·

100 3592 194 3659 deriso
207 3601 336 3664 custodit
349 3602 529 3662 cociomtat.
557 3598 669 3664 Octauo
691 3602 769 3661 caim
785 3599 939 3662 Kalendas
954 3598 1045 3679 Apri·
