2517 4059
562 243 622 303 ern>
644 234 703 293 :itit
725 242 785 301 tiss<

196 358 298 419 Sancti
322 356 476 438 Hyppoliti
500 346 640 438 Episcopi
663 362 858 425 portuensis,
882 366 912 419 ct
929 360 1076 443 blurtyris
1098 357 1155 432 (itti

197 438 326 499 Saeculo
350 440 436 500 tertio
459 439 572 512 floruit,
597 444 805 502 auctoritatem
830 441 945 516 profert
966 443 994 499 in
1010 440 1098 497 libro
1114 437 1156 496 de

201 520 461 582 Consummutione
484 520 606 591 Mundi,
626 535 652 585 ct
675 522 710 582 de
725 521 918 591 Antichristo,
935 541 972 581 ex
988 520 1151 580 Bibliothe-

199 619 235 661 ce
256 602 313 662 PP.
338 602 524 663 Graecorum
549 604 636 666 Toni.
654 605 682 664 li
705 609 772 682 pag.
796 604 865 672 357,
883 605 934 663 ubi
957 604 1031 661 haec
1047 600 1151 661 habet:

198 680 351 762 Luqebunt
374 686 465 744 etium
490 683 639 746 Ecclesiae
661 688 743 745 luctu
765 704 882 762 menno,
907 685 979 763 quio
1005 702 1056 742 nec
1073 683 1152 741 oblu-

199 768 252 831 tio‚
266 784 319 825 ncc
333 764 444 848 suffitus
459 766 518 845 fiet,
531 786 584 826 nec
605 768 701 827 cultus
717 767 778 825 Deo
793 778 910 844 erutus.
924 767 1042 827 illustre
1058 766 1152 824 eiiam

201 848 404 908 testimonium
427 865 465 907 ex
488 846 604 907 Saecuii
628 847 671 907 tv
694 847 846 925 Scriptore
868 849 1032 912 bohemum
1058 848 1081 903 is
1102 851 1154 904 est

199 928 326 988 Sanctus
350 928 502 1005 Eprheem
518 929 641 998 Ductor,
655 930 707 1006 qui
730 930 759 987 in
782 948 835 989 suo
857 929 1048 989 Testamento
1063 945 1154 1001 aper·

199 1009 313 1068 tissime
336 1027 388 1067 nos
411 1010 499 1070 docet
521 1011 634 1070 incensi
650 1030 736 1070 usum
760 1012 788 1068 in
806 1010 938 1071 Ecclesia
959 1010 1020 1087 jam
1037 1016 1103 1067 ante
1122 1008 1153 1065 id

199 1095 317 1167 tempus
340 1090 505 1149 adhibitum
530 1091 633 1151 inisse:
657 1110 693 1149 ne
711 1096 871 1169 unquentis
886 1091 997 1171 (inquii
1012 1091 1088 1167 antid
1103 1088 1152 1148 Ci.

196 1170 398 1231 Assenranurn
421 1170 621 1233 Bibliothecae
648 1170 813 1233 Orientalis
833 1174 946 1233 Tomus
968 1173 981 1234 1
1004 1192 1071 1250 pag.
1089 1170 1153 1229 1t3

198 1270 243 1309 mc
266 1252 423 1323 condiatis,
442 1254 517 1314 nibil
541 1256 620 1313 enim
638 1256 733 1313 bonor
753 1256 807 1314 iste
822 1257 898 1315 mibi
907 1254 1039 1333 prodest,
1056 1270 1154 1329 neque

198 1352 265 1392 cnm
288 1334 385 1400 tbure,
410 1344 436 1392 ct
457 1338 645 1395 stromatibus
666 1354 712 1395 me
735 1337 884 1404 lcumctis,
908 1337 1027 1396 inutilis
1043 1336 1153 1413 quippe

197 1416 271 1474 mibi
295 1416 392 1492 clorio
421 1429 470 1477 cst.
503 1415 607 1477 Tituru
633 1422 666 1477 in
688 1418 870 1477 Sonctucrio
892 1418 1028 1480 adolete,
1050 1433 1152 1473 cneum

196 1506 295 1555 nutem
310 1497 401 1573 finnus
416 1502 551 1557 oratione
567 1509 681 1557 curate.
692 1499 751 1557 Deo
766 1499 963 1558 odoramento
978 1498 1088 1579 offerte,
1104 1514 1153 1553 mc

196 1594 265 1637 uero
282 1577 409 1638 Psalmis
429 1581 651 1657 prosequimini
667 1589 720 1638 etc.
739 1578 783 1638 De
799 1600 855 1641 usu
873 1581 970 1639 thuris
985 1581 1152 1655 loquuntur

196 1658 386 1727 Ambrosius,
410 1660 542 1721 Cenones
558 1661 734 1735 Apostolici,
752 1660 905 1739 Liturgiue
920 1661 951 1720 S.
969 1660 1089 1727 iacobi,
1116 1656 1150 1717 S.

195 1741 308 1808 Basilii,
333 1740 415 1801 et'S.
439 1741 559 1802 loannis
582 1741 803 1818 Chrysostomi.

236 1820 275 1881 11.
300 1820 393 1881 Usum
416 1842 489 1883 vero
511 1822 649 1881 adolendi
665 1821 780 1881 Altaria
797 1824 875 1882 intra
892 1823 1043 1883 Solemnis
1059 1820 1152 1877 divini

81 1977 86 1985 x
195 1900 292 1961 Officii
315 1905 548 1965 vetustissimum
573 1922 639 1963 csse
662 1904 774 1963 indicat
790 1904 820 1964 S.
838 1905 1017 1965 Ambrosius
1040 1902 1075 1961 ed
1099 1900 1154 1961 Co·

195 1988 251 2059 put
272 1984 286 2045 1
308 1983 408 2044 Lucae
429 1986 540 2045 dicens:
568 1982 663 2063 Atque
685 1989 806 2045 utinum
831 1988 915 2046 nobis
942 2004 1056 2063 quoque
1081 1981 1156 2041 ado·

195 2065 322 2127 lentibus
344 2063 465 2125 Altaria
489 2064 677 2147 Sacrificium
701 2066 899 2126 deserentibus
914 2070 1040 2127 'assistat
1056 2062 1154 2140 Anne-

197 2146 254 2204 lns.
278 2142 425 2205 Eumdem
449 2148 541 2207 ritum
563 2149 692 2225 explicet
706 2148 867 2224 Expositos
887 2147 1008 2207 Ordinis
1023 2146 1154 2204 Romani

196 2225 273 2305 apud
290 2224 489 2288 Cassandrum
508 2231 536 2287 in
552 2228 725 2302 Liturgicis
743 2235 809 2304 post
828 2229 933 2298 Credo,
951 2229 1058 2304 inquit,
1079 2223 1155 2284 ttu-

196 2307 297 2367 ribulu
310 2328 366 2389 per
382 2308 504 2369 Altaria
521 2319 700 2388 portentur,
718 2320 745 2369 et
765 2321 868 2386 posteo
890 2311 931 2369 od
952 2328 1039 2369 neres
1059 2308 1157 2367 bonci-

196 2406 269 2449 num
291 2389 446 2465 feruntur,
461 2401 487 2451 et
507 2409 561 2468 per
575 2409 683 2450 munus
704 2390 805 2466 sumus
827 2391 867 2452 ud
888 2411 919 2451 os
940 2385 1158 2449 trabitur.'Est

197 2468 297 2533 Canon
313 2470 356 2530 ΙΙΙ
367 2471 594 2547 Apostolorum,
613 2489 673 2547 quo
689 2473 833 2538 sancitur,
853 2490 888 2531 ne
911 2473 981 2549 quid
995 2471 1032 2530 ed
1049 2470 1157 2531 Altero

197 2550 343 2613 offeretur
364 2560 484 2629 praeter
507 2553 606 2613 oleum
632 2569 686 2627 pro
710 2553 921 2622 luminaribus,
946 2558 976 2613 et
997 2553 1154 2612 incensum

199 2638 335 2708 tempore
368 2633 536 2694 oblationis.
560 2634 593 2695 ln
617 2631 708 2693 Libro
736 2640 873 2693 velerum
901 2634 1155 2694 consuetudinum

195 2712 373 2775 Monesterii
395 2714 592 2783 Floriecensis
608 2713 715 2774 diebus
730 2715 959 2775 solemnioribus
974 2713 1156 2793 praescribi-

198 2801 261 2861 tur,
285 2802 319 2856 ut
340 2802 408 2857 ente
430 2796 612 2858 Matutinum
637 2794 831 2873 etvesperas
853 2796 982 2857 Sacristo
998 2794 1156 2857 thurificet

198 2876 299 2937 omnia
321 2875 447 2939 Altaria.
470 2879 553 2941 Idem
576 2877 648 2937 oiim
670 2874 811 2937 Monachi
843 2883 912 2938 ente
934 2880 1065 2956 privates
1086 2892 1156 2935 oru-

198 2957 294 3018 tiones
321 2960 480 3021 observare
508 2958 669 3027 solebant,
698 2961 877 3035 praesertim
900 2957 1033 3026 Graeci,
1058 2964 1092 3018 ut
1113 2975 1156 3018 ex

102 3057 104 3062 ·
198 3039 270 3099 vitis
297 3056 403 3100 eorum
427 3047 554 3101 constat.
578 3037 739 3101 Crematur
761 3042 797 3101 nd
820 3041 925 3101 Altero
947 3039 1042 3108 thus,
1068 3039 1156 3100 utin

199 3137 235 3179 eo
256 3127 358 3198 saneto
374 3124 438 3182 loco
460 3123 558 3199 palem
582 3119 635 3181 fiat
656 3125 772 3182 creatas
794 3140 841 3181 res
862 3122 893 3181 in
914 3121 1153 3197 botontinum,

198 3206 230 3262 ei
250 3201 375 3277 gloriam
399 3204 547 3271 adhiberi,
571 3202 749 3277 absumique
771 3203 891 3263 debere.
910 3201 949 3264 Et
969 3220 1040 3263 sune
1055 3201 1158 3281 Moysi

200 3283 354 3344 mandevit
377 3282 457 3346 Deus
478 3283 573 3344 Exodi
595 3280 670 3358 cap.
687 3281 743 3342 XL
763 3302 793 3343 v.
810 3282 861 3353 ib,
884 3291 919 3345 ut
933 3302 1024 3362 super
1045 3283 1160 3343 Altero

200 3381 326 3424 aureum
349 3367 375 3424 ei
398 3366 469 3428 thus
491 3367 626 3427 otierret.
644 3361 778 3424 Ecclesia
799 3363 914 3426 Graeca
938 3365 1105 3426 luculenter
1120 3382 1160 3421 o·

200 3446 312 3505 stendit
334 3446 402 3506 thus
423 3448 453 3507 in
475 3448 530 3508 Dei
554 3446 700 3507 honorem
722 3445 848 3517 adoleri,
866 3448 976 3525 quippe
997 3462 1075 3523 qrtee
1096 3442 1159 3506 Ce-

200 3524 367 3585 lebrantem
397 3531 501 3589 eodem
532 3534 669 3605 temporo
691 3525 792 3588 dicere
812 3525 920 3605 jubet:
946 3525 1053 3589 Gloria
1075 3526 1161 3587 Sun-

200 3604 348 3674 ctissimoe·
370 3608 620 3684 Consubstontiuli
637 3650 646 3676 ,
663 3616 697 3667 'ct
718 3608 852 3690 vivificae
878 3605 1047 3676 Trinitati,
1072 3624 1156 3667 nisse
