2517 4059
467 222 691 293 usal&-

104 346 182 406 sims
204 344 350 419 decladat,
373 349 445 409 dum
469 350 548 410 banc
570 352 599 409 iu
619 351 779 418 Permitte,
797 350 877 427 quod
899 350 1058 428 inscripsit:

104 426 204 488 Italic
225 431 354 489 liberato
376 429 498 493 do'Gotr'
511 433 645 508 expronit,
671 434 795 509 ideoque
813 434 861 492 bic
877 434 997 492 omnino
1013 452 1061 493 re·

104 511 223 569 censeri
240 518 386 571 meretur.
411 511 537 584 Quodsi
554 521 656 590 postas
672 516 771 575 minus
786 516 925 589 antiquos
947 514 982 574 ad
1000 520 1062 573 tra·

102 592 250 651 ditionem
264 594 340 651 banc
352 595 542 654 asserendam
556 614 613 655 uon
625 598 807 671 spernimus,
822 594 967 655 Vincentii
983 593 1060 655 Nulli

104 691 213 750 poema
237 675 386 734 adducere
409 675 457 734 bic
480 694 650 751 possumus,
675 677 753 750 qnod
777 678 946 754 inscripsit:
973 677 1060 739 Delia

104 754 201 815 &uto
226 755 306 817 cara
327 754 359 813 di
381 753 493 816 Loreto.
529 758 586 817 His
607 759 776 817 constitutis
798 760 866 834 quis
890 776 956 819 nou,
970 759 1060 819 latea-

103 842 152 895 tur
175 838 360 896 consensisse
384 841 516 897 nationes
539 858 644 899 omncs
666 838 695 898 in
718 839 910 915 approbanda
930 836 1060 901 Nazare-

103 935 159 978 nae
181 922 290 977 domus
307 918 525 981 translatione?
547 919 587 982 Hi
603 940 673 980 sane
688 940 764 998 quos
780 940 874 997 nuper
891 920 1057 990 attulimus,

103 1017 161 1059 non
184 1018 222 1058 ex
247 1000 352 1059 eadem
376 1003 494 1060 natione
515 1008 607 1061 sunt:
633 1020 690 1061 nou
714 1002 778 1061 itali
803 1003 917 1071 ruodo,
947 1000 999 1061 sed
1022 1020 1059 1061 ex

103 1082 169 1140 aliis
192 1099 314 1156 qrroque
334 1080 499 1142 Provinciis
521 1085 609 1143 acciti
633 1090 712 1144 sunt.
748 1080 792 1142 Er
817 1084 907 1141 variis
940 1100 1060 1161 qrroque

1 1181 2 1188 ¹
102 1160 270 1221 Provinciis
292 1162 328 1221 ad
347 1160 544 1225 lauretanam
562 1165 676 1225 Aedem
688 1166 887 1224 venerandam
906 1161 1060 1241 Peregrini

102 1245 244 1306 rcrriunt,
257 1261 291 1303 ca
306 1248 501 1320 persuasione
509 1247 601 1314 ducti,
615 1248 693 1320 qnod
707 1247 746 1305 ibi
759 1245 946 1307 Nazarenam
963 1248 1059 1321 ipsam

103 1324 221 1385 Aedem
246 1327 418 1385 osculentur
434 1333 466 1386 et
480 1329 588 1387 colant.
603 1327 711 1388 Merito
735 1328 835 1404 itaque
852 1328 998 1405 praeclari
1015 1330 1058 1387 vi-

101 1408 128 1465 ri
144 1408 181 1466 'in
204 1408 399 1481 approbanda
415 1409 484 1478 bac,
508 1427 598 1485 qrram
614 1410 799 1476 asserimus,
823 1408 1058 1471 Translationem

102 1492 201 1547 toturn
226 1488 431 1549 Christianum
454 1489 580 1554 Orbem,
603 1492 738 1551 Romana
762 1489 880 1550 lavenle
902 1488 1059 1559 Ecclesia,

101 1571 294 1647 conspirasse
311 1567 523 1631 alllrrnarunt:
546 1573 613 1647 qrris
628 1574 708 1632 enim
727 1574 828 1631 lavere
845 1572 914 1631 huic
930 1573 1061 1649 opinioni

1 1657 2 1702 1
102 1647 271 1711 Romanam
294 1648 461 1711 Ecclesiam
484 1661 593 1730 neget,
618 1654 858 1729 qnarrdoquirlem
886 1653 915 1711 id
939 1656 1060 1730 apertis-

103 1733 179 1791 simo
204 1751 258 1792 nos
279 1732 367 1791 docet
383 1732 542 1796 Festivitas
565 1737 710 1810 peculiari
723 1736 814 1793 blissa
836 1740 865 1793 et
887 1732 994 1793 Olllcio
1009 1752 1062 1812 ap·

102 1814 256 1890 probata,
281 1815 396 1875 tributa
419 1817 516 1876 eidem
539 1816 704 1877 Festiritati
728 1814 759 1875 X
783 1814 957 1875 Decembris
984 1816 1058 1876 die:

104 1913 161 1971 qua
186 1897 238 1955 die
253 1896 387 1957 creditur
410 1897 499 1957 Sacra
522 1898 620 1957 Aedes
639 1896 799 1957 Lauretum
822 1897 980 1956 translata?
1002 1898 1060 1956 Mi·

78 1979 208 2037 -racula
234 1994 344 2053 porro,
367 1984 398 2038 et
421 1980 566 2052 plurima,
591 1986 622 2037 et
643 1980 773 2037 maxima
797 1979 825 2036 iu
847 1979 951 2039 eadem
975 1994 1061 2039 sacra

103 2057 187 2119 Aede
212 2057 304 2123 fieri,
328 2059 493 2119 indubitata
517 2078 564 2119 res
585 2066 649 2128 est,
674 2059 763 2135 idque
785 2060 1079 2139 compertissimum

102 2140 270 2201 effecerunt
290 2156 348 2206 ea,
371 2154 450 2217 quae
471 2142 589 2217 scriptis
611 2142 743 2218 prodidit
771 2143 898 2201 eximius
931 2142 1060 2217 scriptor

101 2219 314 2281 Tarrselliuus:
338 2227 428 2297 atquc
450 2222 525 2282 adeo
546 2224 596 2282 drn
618 2231 688 2282 ante
710 2240 782 2283 enm
803 2221 874 2282 Pius
898 2220 946 2290 ll,
971 2222 1060 2283 Blen-

101 2302 177 2368 -dns,
202 2306 234 2360 el
256 2301 387 2378 Baptista
410 2304 612 2370 Mantrraons,
636 2305 747 2379 aliique
770 2304 873 2363 etiam.
898 2304 944 2363 An
967 2321 1059 2380 porro

103 2382 246 2462 hujusce,
271 2389 305 2441 ut
321 2384 361 2442 ita
377 2386 575 2462 appellemus,
600 2386 856 2444 extraordinariae
871 2385 990 2445 divinae
1006 2385 1057 2444 be-

103 2464 290 2525 neticentiae.
314 2471 346 2524 et
367 2464 528 2541 largitatis,
552 2471 583 2525 et
608 2463 739 2541 Virginis
760 2484 831 2541 erga
853 2467 988 2544 camdem
1013 2483 1059 2525 ae·

102 2546 172 2605 dem
195 2546 361 2605 dilectionis
383 2556 415 2604 et
436 2548 576 2608 bonitatis
597 2545 686 2605 aliam
710 2547 874 2607 alienemus
906 2564 1054 2616 cansam,

103 2633 224 2703 practer
240 2627 327 2691 banc,
343 2628 423 2703 qrrcd
439 2629 528 2687 aedes
539 2646 575 2687 ea
587 2630 791 2705 acceptissima
806 2634 965 2705 propterea
979 2626 1054 2699 Deo,

103 2714 135 2768 et
157 2708 277 2784 Virgini
299 2714 356 2776 est,
380 2710 460 2783 qnod
483 2711 511 2768 iu
535 2708 583 2767 illa
607 2727 727 2768 carnem
751 2728 874 2769 sumens
897 2708 1053 2777 Dominus,

104 2790 133 2846 in
154 2809 190 2849 ea
213 2793 303 2849 etiam
326 2791 441 2865 ceperit
462 2788 675 2851 beneficentior
699 2790 870 2850 bominibus
893 2793 1055 2867 appareret

100 2869 164 2931 Gur
186 2877 289 2929 aulem
312 2888 397 2929 sacro
421 2870 547 2931 horrore
570 2870 779 2949 percellimur,
804 2880 895 2948 quum
918 2872 1057 2931 eamdem

102 2950 218 3011 Aedem
242 2952 436 3027 ingredimur,
461 2954 514 3011 nisi
538 2954 619 3030 quod
643 2953 776 3013 orurrium
801 2953 921 3012 maximi
947 2950 1057 3013 benefi-

105 3034 162 3100 cii,
187 3032 403 3092 iucarnationis
424 3035 553 3102 scilicet,
578 3036 608 3093 in
629 3035 735 3093 eadem
759 3035 1003 3111 Aedepesactac
1027 3039 1058 3093 et

104 3112 257 3173 ineliabilis
280 3116 416 3191 mysterii
439 3133 530 3177 causa
553 3117 646 3175 nostri
670 3116 810 3191 completi
836 3117 982 3175 memoria
1005 3132 1057 3178 uos

104 3198 209 3265 subit,
235 3197 362 3271 ideoque
385 3198 550 3256 nos‘elianr
580 3198 661 3257 subit
693 3198 873 3256 eximiorum
899 3196 1057 3257 beneficio·

104 3293 172 3337 rnrn
195 3277 380 3337 recurrerint
398 3280 443 3337 An
460 3296 517 3337 non
534 3280 564 3337 id
580 3297 699 3337 sacrum
717 3278 876 3354 quemdam
893 3278 1055 3338 horrorem

105 3360 187 3419 uobis
211 3360 319 3418 merito
341 3361 473 3433 ingoril‘l
496 3360 553 3420 Sed
574 3362 690 3419 adrem
713 3360 855 3420 audiatur
871 3358 1057 3419 Tursellinus

103 3435 166 3500 Lib.
194 3440 219 3499 ΙΙ
242 3439 316 3507 Cap.
339 3438 370 3499 6:
399 3440 476 3501 Cum
499 3461 593 3519 ric-prr
619 3444 761 3502 eruissem
775 3439 816 3500 ad
837 3442 1057 3501 sacratissimae

107 3518 237 3599 Virpr’rrr's
251 3520 374 3582 Marios
395 3531 530 3582 sanctum
547 3522 748 3589 domicilium,
773 3522 967 3601 vidissemque
983 3542 1056 3602 quc·

101 3599 164 3672 lic,
189 3614 223 3665 et.
237 3613 353 3682 ponera
374 3603 455 3664 Deras
475 3605 605 3665 ostendit
636 3604 670 3663 in
691 3622 721 3662 oo
742 3605 805 3663 loco
828 3604 1004 3672 miracula,
1028 3613 1054 3663 ot
