2517 4059
472 214 699 287 millissi-

114 349 209 426 igilnr
231 345 384 423 duplicem
408 344 610 406 dimissionem
627 343 936 412 Caleclramenorum,
953 351 984 405 et
998 342 1070 404 iale-

115 428 188 491 lium
205 431 295 488 Missa
318 432 523 505 nuncupatum
541 433 586 488 esi
601 428 792 490 incruentam
814 444 908 486 norac
930 426 1003 504 legis
1016 426 1069 487 Sa·

116 511 278 571 orificium.
301 507 383 569 Huic
406 511 569 569 sententiae
592 508 810 587 adstipulamur
838 508 1069 586 praeclarissimi

116 594 186 662 viri,
212 593 352 651 nimirum
376 590 540 651 Cardinalis
562 590 770 657 Bellarminus,
795 589 861 650 Lib.
885 590 897 651 l
921 592 957 651 dc
979 592 1070 651 Missa

116 676 190 757 Cap.
216 672 255 745 l;
279 672 441 733 cardinalis
464 672 570 742 Bona,
602 673 640 733 de
665 672 764 733 Rebus
785 668 946 749 lilurpieis
967 672 1031 733 Lib.
1055 671 1069 731 1

116 756 191 835 Cap.
216 756 247 826 1;
271 755 379 817 Pelrus
401 754 442 813 l.c
464 752 558 822 Brun,
583 754 670 815 Tom.
694 754 707 815 l
728 753 831 831 Capi
854 772 978 814 suarum
1000 772 1071 814 eru-

117 840 250 900 ditarum
267 834 507 915 Explicaiionum
525 854 615 914 super
631 837 741 898 Missae
756 835 976 905 Caeremoniis3
999 836 1072 900 Boe,

115 922 234 998 quilloi.
259 921 288 978 in
311 936 367 979 suo
395 914 540 977 liaclulu
562 917 740 991 Historiam
762 920 908 978 Antonius
932 918 1067 986 Bollosle,

108 1006 147 1063 ⁴in
169 1000 410 1080 praeclarissimo
433 1017 488 1059 suo
509 1018 600 1074 opero
625 1004 785 1081 inscripto:
808 998 898 1060 naras
921 1000 1070 1059 Ecclesiae

115 1083 325 1144 Lourianeasis
347 1087 432 1159 paris
454 1078 475 1139 2
501 1078 619 1141 Obscrc.
638 1081 657 1141 (i
674 1100 740 1160 pag.
753 1081 794 1143 58
816 1087 847 1143 ei
862 1080 933 1148 1063
951 1082 1072 1142 Benedi-

116 1172 182 1227 cius
198 1165 283 1234 xlv,
308 1164 344 1224 de
360 1163 554 1225 Sacrosoaclo
569 1162 678 1225 Missae
696 1163 853 1246 Sacrificio
868 1161 930 1223 lib.
951 1163 984 1223 ll
997 1161 1069 1240 Cap.

114 1251 128 1311 l
153 1248 204 1309 ubi
228 1250 301 1307 alios
324 1245 465 1322 appellat.
489 1252 520 1305 el
541 1242 718 1313 Gerberlus,
741 1248 776 1307 ie
795 1246 954 1326 principiis
981 1241 1071 1305 Tirso-

115 1333 213 1409 lopiac
235 1327 405 1405 lilurpr'cac
430 1325 505 1386 Secl.
531 1327 548 1387 1
575 1325 647 1407 Cap.
669 1328 691 1386 2
717 1347 749 1406 p.
778 1328 817 1387 37
844 1333 874 1387 el
901 1345 985 1405 seqq.
1010 1326 1070 1388 Cur

114 1430 190 1474 vero
215 1412 242 1471 id
265 1428 373 1470 nomen
396 1410 485 1484 prisci
502 1407 605 1469 fideles
629 1412 849 1490 usurpaverint,
867 1416 958 1486 alque
980 1409 1068 1468 arni·

115 1496 218 1555 nima.
244 1484 339 1569 eaque
362 1490 536 1551 accidentali
559 1490 701 1551 Sacrificii
723 1498 830 1568 parte.
855 1498 950 1551 lotum
974 1493 1071 1568 ipsum

117 1574 307 1638 Sacrificium
331 1574 576 1642 nominaverint,
605 1574 633 1631 id
656 1592 693 1633 cx
715 1574 823 1635 Arcani
846 1574 1000 1649 disciplina
1026 1591 1071 1631 rc-

116 1659 194 1735 pctil
215 1657 350 1717 bleralus
371 1654 489 1715 Tem-l
512 1662 587 1732 pari.
613 1654 626 1714 l
650 1657 720 1715 ubi:
744 1659 843 1732 lpilur
864 1654 934 1736 fidei
954 1664 1072 1713 acerrae

117 1758 257 1821 proceres
277 1748 446 1817 celeresque
472 1737 642 1805 Clerisliaai
662 1738 770 1799 Larini
789 1754 904 1798 summo
927 1735 1072 1800 coasilio,

123 1824 242 1882 obscuro
264 1819 372 1882 Missos
393 1820 512 1878 nomiae
534 1824 583 1879 usr'
605 1828 699 1888 sunl,
727 1818 769 1877 ad
796 1840 859 1880 rem
881 1818 1013 1878 divinam
1036 1816 1074 1876 sr'·
1132 1863 1135 1869 .

121 1902 351 1984 pacificandam,
381 1901 527 1960 nimirum
554 1912 586 1961 ul
607 1902 773 1961 bominibus
793 1902 885 1980 salsas
907 1897 1073 1977 Rclipiorsrs

122 1986 292 2051 eolcnlibas,
315 1986 366 2043 lloc
388 2000 493 2041 aaaron
514 1984 705 2061 symbolicum
726 1984 859 2061 ipsorum
881 1990 966 2048 essct,
991 1989 1017 2039 el
1038 1998 1073 2037 ae

118 2066 221 2146 fideles
243 2066 302 2145 ipsi
319 2064 551 2143 proderemus,
577 2065 629 2143 pai
651 2066 729 2123 barae
750 2066 785 2123 in
806 2066 876 2124 loeis
898 2062 1023 2129 abdilr‘s,
1048 2072 1074 2120 el

117 2151 270 2217 retrusis,
300 2164 335 2207 ac
357 2147 438 2206 loris
461 2146 648 2207 antelucanis
670 2147 776 2209 Sacros
800 2148 967 2210 Cosconius
988 2144 1074 2204 lrabe-

123 2232 207 2291 baos.
226 2228 373 2289 Audiendi
391 2228 491 2303 ilaquc
508 2245 566 2286 non
583 2236 661 2297 sunl,
677 2228 728 2305 qui
751 2228 808 2289 boc
824 2246 931 2289 nomen
948 2227 984 2287 ab
999 2224 1075 2286 Hac·

122 2312 224 2371 besica
249 2310 348 2388 lingua
371 2310 546 2375 deducunls
571 2316 603 2370 ui
625 2310 790 2371 Cardinalis
811 2312 968 2379 Baronius,
991 2308 1075 2368 loan-

124 2410 176 2454 nes
198 2392 383 2453 Reneblinus
406 2390 472 2450 [ib.
489 2390 518 2453 11
533 2390 752 2453 Hebroiearum
768 2392 992 2458 Erudilioaum,
1015 2388 1074 2449 Ge·

124 2476 290 2537 nebrardus
314 2474 350 2535 de
374 2472 512 2551 Lilurpia
536 2470 718 2552 Apostolica,
743 2476 852 2550 aliique
875 2474 912 2533 ab
933 2470 1074 2531 Haebrca

122 2575 197 2619 voce
213 2557 338 2624 Missalr,
355 2572 432 2633 quac
455 2560 537 2613 exlal
551 2557 788 2617 Deuleronomio
802 2555 874 2633 Cap.
893 2553 932 2612 ru
951 2559 982 2613 cl
996 2552 1075 2613 obla-

122 2641 234 2701 tionem
258 2637 414 2715 significat.
433 2635 549 2699 Verum
567 2638 768 2699 bellarminus
789 2640 901 2715 oplimc
923 2635 1073 2700 observat,

122 2727 152 2782 el
167 2727 235 2800 post
250 2740 319 2781 eum
343 2718 508 2782 Cardinalis
531 2720 610 2779 Bona
634 2720 752 2797 quodsi
775 2736 833 2779 vox
854 2720 910 2777 isla
925 2712 1075 2777 Hebraica

121 2802 275 2881 Aposlolis
298 2804 326 2861 in
350 2820 406 2861 usu
424 2801 546 2868 suisset,
574 2804 667 2861 eliam
691 2807 774 2863 cerie
796 2801 963 2874 tenuissent
984 2801 1074 2861 etiam

120 2884 241 2950 Graeci,
257 2890 287 2943 et
302 2883 380 2963 Syri,
397 2890 507 2959 alquac
529 2882 605 2942 aliae
622 2886 771 2954 nationes,
788 2882 865 2942 sicul
885 2882 1077 2941 retinuerunt
1141 2930 1146 2939 .

121 2966 195 3027 alias
217 2966 330 3027 similes
351 2982 455 3033 voces,
479 2964 621 3025 nimirum
645 2964 753 3035 Amen,
778 2962 918 3045 Allclaja,
937 2960 1074 3030 Salaeca,

125 3045 259 3116 Osanna,
277 3044 522 3123 raselamque
546 3046 665 3107 iliorum
683 3047 827 3107 sententia
845 3048 906 3105 ullo
922 3044 1010 3104 modo
1025 3062 1076 3104 ve·

121 3130 263 3191 resimilis
285 3133 342 3197 esi,
357 3128 408 3205 qui
431 3146 447 3188 a
471 3126 618 3188 vocabulo
633 3129 750 3190 Graeco
772 3133 878 3185 Morare
893 3126 1003 3187 Missae
1026 3144 1078 3185 no-

122 3228 191 3271 men
215 3212 285 3271 oriri
317 3211 372 3270 nali
396 3215 474 3269 sunl.
498 3209 696 3272 lloctissimus
717 3211 932 3289 Aibaspinaeus
952 3206 1076 3269 Missam

123 3293 183 3355 diei
206 3297 345 3353 aulumal
366 3309 384 3349 a
406 3289 526 3353 nornine¹
548 3290 624 3353 Mrss
654 3310 714 3369 quo
735 3294 813 3371 apud
836 3291 1078 3369 sepienlrionales

126 3374 255 3453 populos
275 3374 425 3444 Festum,
457 3380 510 3435 sut
543 3374 579 3433 ad
602 3372 725 3437 Feslum
756 3374 944 3454 congregatio
969 3370 1080 3449 siguifi-

121 3460 242 3517 cantur.

125 3568 129 3575 ·
162 3537 202 3599 ll.
227 3536 374 3610 Quamvis
397 3536 581 3599 Sacrificium
605 3537 845 3602 Eucharislicum
875 3538 1077 3600 communiori

124 3620 268 3681 vocabulo
291 3618 384 3683 Missa
409 3626 609 3700 nuncupetur,
623 3621 690 3685 aliis
712 3627 810 3685 tamen
832 3620 1012 3690 nominibus,
1035 3626 1075 3680 la·
