2517 4059
592 158 797 230 *aa*
1127 110 1139 151 ⁸

217 300 297 351 sum,
320 281 477 345 sodalium
499 285 538 343 ab
552 302 589 347 ou
610 288 789 357 surrexisse.
812 283 900 358 Quod
914 291 998 345 notat
1017 283 1172 363 Hierony·
1230 287 1232 290 ’

216 380 285 425 mus
316 366 345 423 in
367 363 464 443 Caput
484 364 608 439 xxvtl
630 369 796 431 Matthaei:
820 362 866 445 llo
891 376 954 446 post
980 369 1172 427 resurrectio·

117 470 121 481 ,
215 453 293 510 mm.
320 449 425 507 catorio
446 450 620 529 corporibus
640 450 876 515 romanensibus,
901 450 1068 509 surrexisse
1091 448 1173 507 otius
1256 515 1257 518 Ἴ

214 523 390 603 fiuperotur.
406 526 592 589 Conveniens
609 530 714 601 luisse,
732 529 830 607 lusum
842 527 994 590 Christum
1013 535 1172 610 mortuum

215 608 334 683 sepeliri
353 651 361 669 ,
385 610 515 673 ostendit
535 609 566 671 S.
588 610 722 675 Thomas
743 602 775 675 3.
800 630 829 688 p.
853 617 968 687 aliaest
994 608 1118 677 iil-art.
1137 610 1171 669 1:

220 684 293 747 Tum
307 687 348 748 ud
363 692 613 771 comprobandam
626 694 782 753 ceritatem
797 694 913 753 mortis.
942 688 1015 749 Tum
1030 692 1107 769 patio
1116 696 1174 769 ptr

215 769 277 836 loc,
304 770 383 848 qnod
408 772 542 833 Christus
555 773 598 832 alo
612 776 769 852 sepulchro
791 774 970 841 retumeuit.
994 771 1089 833 datur
1110 788 1172 852 spat

215 852 391 928 reserpendi
413 872 466 931 prr
480 855 576 929 ipsum
592 850 649 921 lis,
668 858 730 934 ¹poi
742 863 812 915 suut
826 857 861 915 iu
874 855 1039 933 sepulchro,
1064 873 1172 913 secuu-

216 929 288 993 dum
309 933 385 993 illud
404 932 620 1013 Ioiiouit'Cap.
640 935 665 993 V
685 934 817 1004 Omnes,
842 936 895 1013 qui
915 938 956 995 iu
970 933 1172 995 monumentis

214 1025 296 1085 suut,
323 1014 449 1075 audient
472 1033 569 1075 uocem
590 1017 649 1097 filii
664 1018 731 1087 Dei,
754 1027 782 1078 ct
803 1020 857 1096 qui
876 1016 1040 1090 ‹audierint-
1056 1018 1168 1089 eieciat.

213 1092 320 1153 Saucla
344 1094 463 1173 Syndon
485 1094 705 1177 Hierosolymis
725 1098 944 1166 ‚diucus'lodita
958 1141 967 1167 ,
982 1098 1059 1175 ⁴inde
1082 1096 1170 1162 Cam·

212 1176 364 1246 lariacum
389 1177 417 1234 iu
440 1176 588 1245 sabaudia
611 1180 708 1241 delata
729 1184 841 1250 est,1et
861 1180 891 1238 iu
911 1179 1029 1239 Sacello
1056 1179 1170 1255 magni·

213 1254 403 1317 sicerrtissime
424 1264 563 1320 extructo
587 1263 700 1337 posita,
723 1251 814 1337 alque
837 1254 903 1320 inde
925 1262 1048 1321 denium
1072 1266 1170 1320 trans·

214 1339 270 1398 lata
288 1336 451 1414 Augustam
474 1339 702 1412 Taurinorum,
727 1343 779 1403 ubi
801 1353 878 1421 ritino
901 1360 1009 1419 magna
1029 1340 1167 1411 lidelium

149 1416 159 1433 ⁶
213 1419 321 1494 pietate
336 1420 456 1480 colitur:
480 1420 643 1483 sindonem
665 1425 743 1484 hanc
756 1424 938 1500 ipsissimam
955 1442 1039 1501 esse,
1064 1425 1167 1499 inqua

212 1498 350 1560 Christus
378 1500 530 1563 Dominus.
548 1505 701 1575 involutus
723 1504 801 1571 luit,
833 1510 992 1569 testantur
1007 1504 1166 1564 Pontifices

211 1582 322 1641 summi
345 1579 455 1643 Paulus
471 1583 510 1653 ll,
535 1584 636 1646 sixtus
651 1580 705 1654 lv,
731 1585 825 1645 lulius
841 1584 867 1645 ll
890 1595 920 1648 et
941 1586 1080 1647 Clemens
1095 1583 1165 1647 Vll.

212 1658 393 1739 El‘qnidem
416 1662 517 1725 Sixtus
539 1665 581 1726 lv
603 1686 683 1728 auno
706 1666 960 1737 timuerent,
986 1668 1088 1728 sacelli
1115 1668 1167 1727 lio·

213 1763 284 1810 nore
300 1746 511 1814 decorandam,
525 1754 556 1808 et
571 1748 599 1807 lu
615 1750 745 1823 quodam
761 1748 915 1815 Traclalu,
932 1768 1021 1825 quem
1045 1748 1168 1825 compo?

209 1832 272 1893 suit
286 1827 323 1887 de
339 1828 402 1903 ipso
417 1832 571 1903 sunguine,
594 1830 740 1894 affirmat.
757 1834 791 1890 in
806 1848 841 1890 ca
855 1831 950 1906 ipsius
965 1830 1031 1891 Iesu
1051 1830 1168 1893 Christi

209 1930 311 1974 uerum
333 1912 519 1985 sanquinem,
544 1920 570 1970 et
585 1913 748 1989 imopioem
769 1913 918 1989 conspici,
943 1920 976 1972 ut
996 1920 1042 1972 est
1065 1914 1094 1971 iu
1120 1912 1167 1971 Di·

211 1993 339 2071 plomate
355 1989 421 2049 lnlii
440 1991 464 2049 ll
488 1993 566 2068 apud
584 1993 773 2071 llaynaldum
787 1993 826 2053 ad
841 2012 954 2053 anuum
973 1992 1052 2053 1506
1067 1991 1097 2057 i.
1113 1988 1163 2058 fils.

211 2074 277 2149 lpse
299 2077 400 2132 autem
426 2068 516 2131 lulius
539 2070 564 2130 ll
589 2074 754 2135 decessoris
786 2076 830 2133 sui
853 2078 1031 2136 seutentiam
1055 2072 1166 2135 coufir-

210 2170 306 2217 maus.
330 2152 442 2221 statuit,
467 2154 720 2228 quemadmodum
743 2152 884 2231 Cilicem,
901 2158 935 2215 iu
950 2176 1009 2234 quo
1028 2156 1167 2219 Christus

205 2231 530 2375 tt‘llttlttlt
547 2234 1166 2400 illitutitur-:tilluttt
1220 2394 1223 2403 ,

211 2440 243 2456 ..
259 2440 267 2456 .
283 2438 291 2454 .
307 2396 341 2454 iu
356 2412 416 2473 quo
434 2394 588 2475 Reliquiae
610 2400 811 2460 humanitatis
829 2399 954 2467 Christi,
978 2422 1069 2482 quum
1085 2403 1165 2465 diui-

208 2480 288 2538 m'tus
304 2478 359 2537 riti
373 2478 573 2554 copulaverat,
597 2479 730 2541 uidelicet
746 2481 839 2561 ipsius
854 2485 918 2545 ocri
933 2487 1100 2563 suspiciatis,
1128 2494 1164 2553 ut

198 2559 392 2638 ,praesertum
415 2561 568 2637 manifesto
582 2565 816 2641 conspiciuntur,
839 2567 979 2625 uenerari
993 2577 1019 2625 ct
1036 2566 1167 2628 adorari
1186 2603 1190 2609 ·

209 2639 323 2700 debaro.
358 2638 443 2711 Quod
468 2643 615 2725 praestitit
637 2646 727 2703 etiam
749 2642 887 2706 Clemens
910 2646 967 2706 Vll
998 2655 1030 2708 nt
1052 2650 1163 2725 legitur

208 2722 286 2796 apud
310 2726 518 2801 memoratum
534 2718 722 2803 Rayualdum
745 2725 781 2784 ad
804 2746 854 2786 au.
874 2728 954 2788 1553
974 2736 994 2803 ss
1015 2727 1056 2787 62
1079 2750 1165 2791 mau-

207 2803 281 2863 dans
304 2802 455 2862 Lirdovico
476 2802 658 2883 Presbytero
678 2805 840 2879 ,Cardinali
863 2808 1053 2885 Apostolicae
1075 2813 1163 2877 Sedls

205 2884 317 2963 Legato
339 2884 375 2945 de
399 2883 559 2954 latere,·ut
581 2887 738 2965 diligenter
760 2895 895 2952 curaret.
919 2908 1034 2951 sacram
1059 2894 1163 2959 Sindo-

207 2984 274 3039 nem
309 2966 346 3025 ab
369 2966 503 3025 incendio
525 2978 675 3028 servatam
699 2969 760 3028 loco
785 2974 965 3046 couprucnti
991 2984 1018 3033 ct
1042 2975 1161 3040 lonasto

206 3046 337 3113 recondi,
361 3057 388 3107 ct
409 3066 475 3106 cum
498 3046 598 3108 debita
620 3051 807 3111 ueneratione
829 3054 932 3111 teucri-
950 3064 978 3113 ct
999 3058 1159 3122 custodiri.

246 3126 352 3189 xxlt.
377 3126 424 3187 Aa
439 3125 678 3197 Passionislesu
701 3130 812 3191 Christi
834 3133 1046 3197 absolvendam
1071 3141 1163 3202 histo·

206 3209 282 3269 riam
301 3208 448 3282 reliquum
471 3215 527 3277 est,
552 3215 585 3269 ut
607 3211 644 3271 de
666 3230 765 3278 anno,
789 3213 859 3281 die,
884 3220 915 3273 et
936 3215 1024 3292 liora,
1049 3222 1160 3295 ortibus

204 3296 342 3350 mortuus
363 3294 430 3359 est,
460 3308 552 3365 pauca
574 3292 720 3367 quaedam
743 3294 888 3355 dicamus.
911 3292 997 3369 Quod
1019 3302 1056 3361 ad
1078 3305 1161 3369 diem

205 3370 401 3437 emortualem
427 3372 576 3446 pertinet,
600 3380 688 3433 velus
709 3381 755 3435 est
777 3376 915 3447 traditio,
940 3375 1093 3445 Christum
1117 3385 1177 3449 ri-¹

203 3452 317 3526 gesima
332 3478 338 3489 r
351 3451 453 3526 quinta
476 3451 575 3511 Martii
599 3453 647 3513 die
668 3456 800 3527 obiisse,
838 3464 871 3518 ut
892 3468 1007 3522 constat
1027 3481 1063 3523 ux
1087 3466 1160 3531 Ter·
1204 3520 1206 3525 .

204 3531 339 3599 tulliano,
364 3537 467 3593 contra
482 3531 609 3595 ludaeos
624 3532 700 3612 Cap.
714 3534 750 3607 33
769 3537 948 3615 Augustino,
972 3541 1037 3603 Lib.
1051 3545 1159 3612 xvm
