2517 4059
517 206 745 278 matina-

1048 286 1064 321 1

154 332 196 394 ad
218 334 467 413 Martyrolopium
488 333 631 396 liscardi.
655 324 901 398 concludendum
918 336 1030 409 itaque.
1054 334 1110 396 Fe·

153 419 233 476 stum
256 417 389 475 omnium
412 422 584 476 sanctorum
609 418 700 477 luisse
731 419 899 477 institutum
922 416 1109 478 aBonitacio

152 496 283 569 Quarto.
307 497 344 557 ad
365 497 566 558 universalem
589 497 755 559 Ecclesiam
780 506 976 576 propagatum
1000 496 1112 558 aGre-

153 580 239 656 gorio
261 578 385 643 Tertio,
410 580 586 644 translatum
608 600 681 641 vero
713 581 799 641 adia
824 579 862 639 13
886 578 955 657 Maji
988 581 1024 640 ad
1048 580 1111 655 pri·

153 678 236 721 mam
257 662 337 722 diem
360 657 539 720 Novembris
564 683 581 723 a
606 661 752 737 Gregorio
773 660 901 734 Quarto.
937 660 1001 720 Non
1024 663 1113 721 deest

154 749 265 811 tamen,
290 744 341 819 qui
357 749 493 807 censeat,
508 740 641 804 ¹Festum
664 743 798 804 omnium
821 742 997 805 Sanctorum
1022 761 1112 817 pra-e-

154 826 280 898 cessisso
303 829 419 901 tempus
441 824 584 885 Bonilaeii
606 823 713 897 Quarti
733 865 741 890 ‚
770 842 839 883 cum
874 826 901 882 iu
925 822 1111 884 Kalendario

155 907 315 983 antiquiori
339 906 453 980 legatur
474 906 508 962 in
533 904 647 965 Oetaea
668 905 792 964 Domini
814 904 854 963 at
876 905 1019 967 Sanctam
1040 904 1112 965 Ma-

154 988 234 1046 m'om
256 987 296 1046 ad
312 985 475 1065 Martyres,
500 994 531 1047 et
554 988 835 1047 iuSacrameutarlo
857 986 955 1045 Sancti
971 985 1113 1063 Gregorii

32 1126 41 1133 ,,
154 1069 202 1128 dic
226 1068 266 1129 m
287 1067 383 1145 Maii:
415 1068 572 1129 Dedicatio
593 1066 743 1127 Ecclesiae
769 1065 895 1129 Sanctae
917 1067 1036 1128 Mariae
1069 1068 1113 1129 ad

35 1153 51 1194 ἕ
154 1148 308 1228 Martyres
322 1168 333 1218 ;
354 1150 406 1208 scd
422 1150 642 1209 eruditissimus
664 1151 792 1225 scriptor
807 1147 840 1206 P.
856 1148 988 1210 Meralus
1011 1152 1038 1207 io
1054 1168 1114 1209 suo

153 1230 281 1306 Opere,
304 1249 357 1289 seu
380 1230 604 1291 Commentario
640 1232 668 1288 in
690 1230 860 1291 Garautum
882 1229 917 1288 T.
941 1231 971 1292 ΙΙ
994 1236 1070 1307 part.
1095 1231 1114 1292 1

154 1313 265 1372 sect't
287 1310 568 1388 (lapidassent,
592 1316 624 1371 et
644 1312 805 1372 efficaciter
829 1312 945 1387 probat.
970 1330 1027 1371 nou
1043 1328 1112 1372 esse

154 1394 351 1455 deserendam
374 1410 566 1454 communem
588 1394 779 1469 opinionem,
804 1394 886 1453 iuxta
908 1410 997 1469 qnam
1022 1392 1112 1451 Boni-

45 1493 48 1497 ·
154 1476 248 1536 tacius
270 1474 313 1536 tv
336 1474 424 1551 hujus
446 1472 526 1535 Festi
550 1474 865 1535 babeturlnstitutor.

188 1555 236 1616 ll.
260 1556 398 1618 Secunda
426 1557 474 1614 die
500 1555 681 1616 Novembris
704 1556 833 1615 babetrir
855 1552 1111 1617 Commemoratio

53 1705 56 1710 ,
156 1640 289 1698 omnium
312 1638 460 1697 Fidelium
474 1637 706 1698 Defunctorum.
732 1636 899 1697 Galesinius
913 1638 947 1694 in
962 1634 1047 1697 Nolis
1069 1634 1135 1693 ad·

154 1717 410 1799 Martyrotopium
430 1721 556 1790 asserit,
580 1719 658 1778 bano
674 1716 996 1779 commemorationem
1019 1734 1111 1776 suum

119 1812 126 1828 ¹
154 1802 299 1863 habuisse
320 1798 477 1861 exordium
509 1806 686 1876 atempore
720 1799 945 1877 Apostolorum.
984 1798 1040 1859 Sed
1063 1802 1112 1857 cst

153 1901 237 1944 mera
250 1885 469 1958 aequivocatio,
495 1901 563 1942 nam
586 1888 703 1941 certum
726 1888 783 1950 est,
806 1900 824 1940 a
846 1880 1018 1940 Traditioue
1035 1878 1114 1952 Apu·

154 1966 257 2025 stolica
273 1964 403 2025 derivari
425 1962 579 2024 Ecclesiae
594 1963 839 2033 consuetudinem
856 1962 961 2022 orandi
985 1979 1037 2039 pro
1050 1960 1115 2021 Dc-

154 2044 285 2115 iunclis‚
310 2046 399 2124 cnjus
422 2048 465 2104 rei
498 2047 527 2104 io
550 2044 650 2105 Sacris
677 2040 794 2121 Pagiuis
822 2044 978 2118 utriusque
1006 2043 1113 2105 Testa·

137 2128 257 2205 gmeoti·
270 2127 436 2202 clarissima
459 2128 608 2187 babemus
629 2122 827 2193 documenlar
851 2125 902 2185 scd
916 2124 989 2183 nibil
1013 2141 1112 2199 neque

155 2214 395 2283 certamenque
418 2206 620 2284 coniecturale
635 2206 793 2273 habemus,
807 2225 867 2281 quo
891 2206 1052 2265 suadeatur
1075 2204 1114 2264 ab

113 2289 116 2293 ’
155 2289 307 2365 Apostolis
329 2289 420 2349 tuisse
444 2290 625 2355 institutum,
649 2288 772 2347 ulteria
796 2305 829 2346 ac
846 2287 1044 2347 determinata
1061 2286 1111 2348 die

154 2370 192 2429 ab
207 2368 343 2430 Ecclesia
364 2368 451 2431 fieret
460 2368 604 2430 Omnium
619 2368 768 2429 Fidelium
789 2368 1009 2430 Defunctorum
1021 2367 1113 2427 Com-

154 2455 346 2513 memoratio.
371 2453 430 2511 Atii
453 2451 669 2512 institutionem
693 2449 785 2527 hujus
807 2449 1111 2510 Commemorationis

153 2542 221 2611 post
241 2534 384 2595 Omnium
415 2533 591 2593 Sanctorum
613 2531 738 2591 Festum
761 2530 897 2591 referunt
929 2529 965 2589 ad
995 2528 1115 2589 Bonita-

154 2618 234 2677 cium
257 2614 380 2676 lV.·lta
404 2616 524 2690 scripsit
545 2612 653 2673 Petrus
677 2609 848 2688 Esquilinus
872 2611 935 2671 Lib.
953 2610 982 2669 X
1007 2608 1115 2685 Capi

155 2698 203 2757 eui
232 2696 373 2758 suscribit
397 2695 596 2773 Tbeophylns
627 2693 810 2771 Raynaddus
848 2690 879 2751 Τ.
905 2692 963 2754 XV
989 2710 1115 2751 suorum

159 2777 289 2859 Operum
312 2796 379 2855 pag.
404 2776 476 2837 aba.
500 2776 532 2837 S.
556 2774 644 2835 Odilo
666 2776 768 2835 Abbas
790 2775 863 2833 obiit
884 2792 961 2833 auno
979 2771 1058 2833 tots
1079 2778 1118 2834 ut

155 2861 231 2921 bene
252 2863 393 2921 observat
410 2858 577 2935 Longueval
602 2859 631 2915 in
648 2874 702 2916 sua
718 2854 856 2915 Historia
872 2854 1023 2915 Ecclesiae
1040 2853 1116 2917 Gal·

155 2943 273 3004 licanae
295 2941 331 3001 Τ.
356 2941 415 3001 vll
437 2959 504 3017 pag.
528 2938 601 2998 303.
619 2937 717 2997 -lllius
740 2938 799 2996 vita
827 2939 994 3012 conscripta
1017 2934 1075 2995 luit
1095 2952 1116 2995 a

154 3023 248 3084 Beato
271 3022 361 3084 Petro
376 3023 527 3087 Damiaui‚
551 3026 583 3079 et
598 3021 708 3079 inserta
723 3015 857 3094 ejusdem
874 3016 1035 3095 Operibus,
1058 3017 1118 3077 suit

155 3107 246 3165 etiam
264 3106 442 3179 transcripta
458 3122 475 3163 a
490 3102 636 3161 Bollando
650 3098 685 3159 T.
709 3100 724 3160 1
746 3098 857 3159 Mensis
872 3098 1014 3164 ianuarii,
1032 3104 1062 3157 el
1084 3100 1116 3157 in
1151 3165 1158 3173 ,

155 3186 218 3262 ipsa
241 3187 283 3246 sic
306 3186 456 3246 babetur:
484 3182 668 3245 Venerabilis
694 3179 782 3240 Odilo
807 3182 988 3258 peremnia
1013 3179 1117 3240 Mona·

154 3269 246 3328 steria
267 3285 322 3327 sua
339 3267 492 3326 constituit
516 3264 656 3341 penerote
672 3264 840 3325 Decretum.
864 3272 899 3323 ut
922 3262 999 3321 sicut
1013 3264 1115 3340 primo

156 3346 205 3407 tte
219 3349 329 3407 mensis
350 3346 631 3427 Nouembris-ibreio
654 3344 835 3404 universalis
860 3340 1007 3403 Ecclesiae
1028 3362 1118 3419 repn-

156 3429 219 3488 lam
237 3427 380 3489 Omnium
396 3428 576 3508 Sanctorum
593 3424 771 3487 Solemnitas
794 3425 967 3501 apitur,·ita
980 3425 1117 3501 sequenti

156 3508 204 3570 die
225 3511 259 3569 in
276 3512 419 3587 psalmis,
445 3520 472 3569 et
493 3509 699 3587 eleemosynis,
724 3507 929 3585 etpraecipue
951 3504 1117 3565 Missurum

154 3593 297 3670 solemma
316 3589 459 3653 Omnium
478 3590 514 3651 in
532 3590 649 3653 cbristo
672 3588 884 3668 quiescentibus
904 3590 1048 3649 memoria
1070 3604 1119 3647 ce·
