2517 4059
533 198 805 269 wfflrofflr

175 327 317 403 leguntur
339 325 368 384 in
395 324 486 386 Missa
502 324 638 407 lllyrici:
662 346 730 387 cnm
755 324 940 407 (Sacerdos)
963 346 992 387 se
1014 329 1136 387 irruerit

175 406 363 487 quotidianis
384 408 529 477 cestibus,
553 406 662 468 dieat:
687 408 846 469 conscinde
868 408 993 467 Domine
1014 428 1133 468 soccum

173 507 293 557 meum,
317 501 342 548 et
364 488 520 548 circumdo
545 508 590 548 me
621 490 740 550 laetitio
760 489 903 550 soluturi.
928 491 1064 549 Amictus
1087 493 1135 549 in·

174 587 287 647 super,
310 571 475 631 destinatus
497 570 533 629 ad
549 570 777 648 significandum
801 572 898 647 primo
913 572 1046 647 deposito
1063 588 1136 649 poe·

125 661 128 667 '
174 652 316 712 nitentiae
338 669 424 711 sacco
439 654 604 711 succedere
618 654 760 728 gaudium
775 696 782 720 ,
800 660 831 711 et
846 653 999 712 laetitiam.
1017 650 1133 713 Secun-

174 732 212 793 do
235 734 370 792 Amictus
391 732 474 793 velut
494 734 660 809 spiritualis
675 735 759 812 galeti
775 735 863 811 capiti
881 734 1017 810 imposita
1042 735 1134 811 respi-

174 815 253 874 citur
274 816 310 873 ad
333 814 551 890 propulsandos
574 816 736 875 diabolicos
760 816 918 881 incursus,
943 817 984 874 ila
1001 814 1043 884 in
1059 816 1134 875 lats-
1234 836 1240 845 ·

173 896 229 957 sali
249 896 386 964 Romano
408 899 451 954 all
472 895 617 956 Sacerdos
639 897 793 957 Amictum
823 898 966 955 inducens
981 901 997 952 :'
1011 896 1132 974 impone

173 977 303 1038 Domine
322 978 427 1056 'cupiti
443 996 503 1035 meo
518 978 634 1053 quicum
649 981 756 1039 solutis
778 977 817 1037 nd
840 976 1052 1057 capuanorum
1068 997 1134 1035 orn-

173 1077 224 1118 nes
246 1057 404 1117 diabolicos
425 1061 589 1118 incursus:
611 1061 700 1135 idque
732 1062 866 1135 apposite
886 1057 970 1136 juxta
995 1060 1133 1135 Apostoli

161 1142 321 1199 'monitum
345 1142 382 1197 ad
406 1140 554 1217 Ephesios
576 1139 675 1216 Caput
696 1140 738 1199 vt
759 1158 790 1199 v.
815 1139 854 1203 ll:
874 1140 991 1198 induite
1009 1158 1056 1199 ooe
1079 1158 1132 1199 or-

171 1232 328 1281 motnrom
350 1221 409 1281 Dei
416 1264 423 1287 ‚
447 1231 481 1280 ut
502 1222 621 1299 possitis
645 1234 725 1282 sture
746 1220 888 1282 aduersus
912 1222 1040 1280 insidias
1055 1219 1132 1279 Dio-

171 1303 251 1362 boli:
278 1309 308 1361 et
330 1320 410 1361 vers.
437 1302 476 1361 16
498 1319 533 1359 ac
557 1304 606 1362 l'l:
630 1304 666 1361 In
691 1305 827 1363 omnibns
850 1314 994 1362 sumentes
1015 1310 1142 1362 orntum·

172 1380 282 1453 Fidei,
309 1393 342 1441 nt
363 1384 483 1460 possitis
504 1386 608 1443 omnio
629 1387 687 1444 telo
711 1380 886 1462 nequissimi
899 1380 1086 1460 delinquere,
1102 1393 1133 1444 et

173 1466 291 1544 yoleom
319 1466 425 1525 solutis
453 1466 617 1525 assumite:
638 1465 784 1543 figuratae
819 1466 922 1540 procul
955 1466 1067 1539 (tribio,
1092 1482 1129 1524 ac

171 1546 357 1624 symbolicae
379 1553 448 1605 sunt
468 1543 546 1622 apud
564 1547 742 1624 Apostolum
760 1565 849 1607 uoces
866 1548 938 1607 istae
954 1544 1128 1616 armatura,
1161 1550 1164 1554 '

160 1638 314 1697 acutum,
338 1630 445 1705 quiea,
470 1628 579 1702 quibus
601 1629 661 1687 vim
685 1630 799 1695 animi,
823 1630 937 1696 robur,
955 1646 990 1687 ac
1007 1626 1130 1688 inmita-

173 1715 235 1779 tem
254 1710 392 1786 deslgnat
414 1710 450 1767 ad
473 1726 578 1767 omnes
605 1711 761 1771 daemonis
787 1710 918 1787 impetus
941 1709 1130 1783 repellendos

170 1793 383 1869 necessariam.
406 1787 463 1848 Per
485 1789 639 1851 Amictum
673 1796 830 1867 praetcrea
863 1792 1026 1869 symbolice
1049 1790 1130 1850 sacri

170 1874 370 1933 admonentur
392 1870 542 1937 Ministri‚
567 1877 599 1931 ut
622 1878 732 1947 ponant
754 1874 798 1930 ori
821 1892 875 1933 suo
897 1873 1073 1938 custodiam,
1091 1890 1131 1933 ac

169 1972 245 2015 voce
267 1972 322 2013 sua
345 1953 532 2029 potissimum
546 1958 669 2013 utantur
684 1956 720 2014 ad
734 1970 817 2012 sacra
834 1954 1043 2033 pertractanda
1060 1954 1132 2034 My-

170 2038 282 2104 steria‚
307 2035 481 2110 divinasque
504 2034 608 2095 laudes
624 2036 845 2103 decantandas,
863 2053 951 2110 qrrem
969 2016 1056 2095 linem
1074 2054 1130 2113 ap·

31 2160 36 2169 .
83 2168 88 2175 ,
168 2118 265 2195 prime
288 2118 412 2193 exponit
432 2116 550 2178 oratio.
568 2135 645 2191 quae
669 2118 697 2174 in
721 2120 842 2193 antiqno
857 2116 969 2176 Missali
985 2116 1131 2178 Camera-

169 2200 251 2259 censi
275 2215 324 2255 au.
350 2196 428 2255 taut
451 2204 482 2255 et
505 2194 585 2256 tete
605 2200 683 2273 apud
708 2196 828 2257 Petrum
852 2198 990 2257 Le·Brun
1006 2196 1095 2257 Tom.
1115 2198 1131 2259 1

171 2298 240 2358 pag.
267 2276 306 2337 bb
329 2276 463 2338 retertur
486 2278 637 2337 recitanda
660 2300 677 2338 a
697 2278 862 2339 Sacerdote
884 2280 930 2339 llis
952 2281 1063 2339 verbis:
1087 2279 1131 2339 od

169 2359 344 2426 Anicium,
365 2376 419 2439 per
440 2378 526 2436 quem
551 2358 730 2420 admonetur
750 2360 906 2438 costiqotio
930 2362 1019 2421 uocis:
1033 2360 1126 2422 dicat:

170 2445 294 2519 cortiqet
320 2450 346 2498 et
366 2439 540 2521 moderetur
560 2460 655 2501 uocem
678 2461 773 2507 meum
799 2442 933 2501 custodia
956 2453 1019 2504 tua,
1049 2441 1130 2505 Deus

168 2532 204 2585 ut
221 2542 283 2582 non
312 2521 483 2601 delinquam
510 2525 544 2581 in
565 2525 671 2601 linono
697 2542 784 2594 mea,
803 2522 863 2589 sed
887 2522 969 2601 loqui
994 2543 1126 2596 mereor,

170 2623 246 2685 quoe
272 2603 326 2663 tibi
349 2614 419 2665 sunt
438 2613 567 2682 occepta.
590 2603 710 2664 Pariter
737 2608 765 2665 in
788 2604 898 2664 lllissali
922 2604 1021 2663 Sancti
1046 2604 1130 2666 Mar·

169 2687 223 2747 tini
247 2684 443 2745 Fornacensis
463 2684 590 2744 Saeculo
607 2685 683 2746 Xlll
699 2686 773 2748 llaec
789 2687 898 2764 legitur
913 2684 1028 2746 Oratio:
1047 2684 1130 2748 Pone

170 2768 295 2827 Domine
317 2764 481 2827 custodiam
507 2768 556 2824 ori
577 2786 640 2826 meo
667 2778 719 2829 etc.

210 2848 250 2909 ll.
274 2848 308 2909 ln
331 2848 465 2908 Ecclesia
494 2846 678 2909 Occidentali
710 2856 831 2927 praeter
854 2838 1068 2910 Ambrosiauoi
1089 2869 1128 2911 ex

168 2928 260 2991 Missa
281 2929 367 3008 jussu
389 2928 490 2989 Sancti
512 2928 610 2989 Caroli
645 2949 723 2991 anno
748 2930 829 2990 1560
851 2930 951 2997 edita.
977 2932 1026 2991 ulti
1060 2938 1131 3008 post

169 3009 332 3087 Cingulum
350 3011 490 3073 Amietus
511 3012 590 3071 sumi
621 3014 829 3089 praecipitum
855 3012 882 3069 id
906 3015 995 3071 etlam
1020 3013 1047 3070 in
1071 3033 1130 3075 usu

168 3093 268 3153 adltuc
288 3098 336 3152 cst
355 3092 434 3163 antid
456 3092 624 3152 Canonicos
641 3094 866 3171 Lugdunenses.
884 3092 917 3153 ln
933 3092 1078 3154 Orientali
1096 3096 1128 3155 id

169 3174 269 3235 adhuc
297 3178 328 3233 el
357 3172 526 3234 Maronitac
561 3175 744 3243 observant,
768 3179 799 3234 el
818 3176 970 3250 quondam
994 3175 1127 3249 Graeci,

170 3257 221 3332 qui
245 3254 324 3315 nunc
347 3271 404 3312 non
428 3248 562 3332 amplius
580 3261 707 3318 utuntur
727 3255 860 3350 Amictu.
878 3256 955 3317 Sane
977 3258 1058 3333 qtmd
1075 3276 1131 3318 an·

169 3337 296 3413 liquitus
314 3336 436 3412 rigeret
458 3355 528 3398 usus
550 3336 702 3399 Anticlnm
727 3338 891 3415 accipiendi
915 3345 982 3417 post
1003 3340 1126 3414 Albam,

159 3418 321 3491 'colligitur
343 3436 378 3476 ex
402 3416 515 3477 Ordine
531 3416 668 3497 Romano
694 3418 720 3477 V
742 3438 778 3479 ex
803 3419 928 3494 vulgatis
950 3438 967 3479 a
990 3418 1131 3482 Maltillo-

169 3501 218 3561 nio
240 3498 338 3559 Musei
353 3499 453 3558 italici
466 3498 580 3560 Tomus
595 3499 635 3560 lt.
654 3502 775 3561 Missale
792 3500 863 3561 item
885 3502 1049 3577 plenarium
1068 3502 1131 3576 Va-

170 3582 303 3642 ticanum
331 3599 478 3642 annorum
501 3600 593 3661 supra
614 3584 677 3645 700
697 3582 778 3660 quod
811 3582 906 3645 reicrt
937 3584 1131 3649 dirissimus
