2517 4059
563 239 788 310 tutamque

196 375 334 432 sanctum
357 367 513 428 Canticum
539 364 667 428 Sanctus
688 367 790 430 edidit.
816 367 962 428 Sacerdos
983 365 1090 428 vocem
1116 386 1164 426 re-

196 452 306 522 mittit,
330 467 407 526 qnae
429 447 649 510 Praelationem
672 450 765 520 dixit,
788 456 852 510 tum
876 450 945 526 quia
968 449 1096 509 variatio
1112 466 1166 510 re-

196 536 339 594 citantem
361 529 469 608 juvat,
493 537 526 591 ut
548 532 686 608 spiritum
708 533 855 608 recipiat,
880 536 944 592 tum
968 532 1037 608 quia
1061 539 1166 612 atten-

196 617 310 676 tionem
326 613 446 678 excitat.
463 612 515 689 qui
531 613 711 690 praecipuus
727 611 880 674 Ecclesiae
894 610 962 671 finis
974 620 1030 673 est.
1046 611 1163 686 Quam-

196 699 243 756 vis
264 703 364 758 autem
388 693 514 756 Sanctau
536 694 681 756 Sacerdos
704 695 861 756 demissius
884 695 999 764 recitet,
1023 713 1100 756 voce
1116 701 1165 755 ta-

196 797 266 840 men
288 796 365 855 quae
386 777 498 853 percipi
522 778 635 854 possit,
659 779 787 838 recitare
808 776 918 845 debet,
947 793 1016 835 cum
1041 778 1077 837 ad
1102 777 1164 837 boc

196 858 353 920 Canticum
377 858 562 918 recitandum
586 877 705 936 semper
722 859 851 936 populus
865 859 975 918 accitus
998 857 1101 929 luerit3
1127 859 1166 918 il-

196 942 249 1002 lud
273 943 353 1002 eninr
375 939 446 998 olim
469 959 544 1000 unus
566 938 711 1000 Sacerdos
733 957 885 1015 nunquam
909 938 1036 998 dicebat.
1063 938 1103 1000 tu
1125 959 1165 999 re

197 1025 317 1100 quidem
341 1039 413 1080 vera
429 1039 466 1080 ex
481 1023 685 1083 Romanorum
700 1019 881 1082 Pontificum
897 1019 974 1080 Vitis
996 1023 1165 1099 percipitur

197 1103 314 1166 Sixtnm
338 1102 352 1162 I
374 1103 541 1167 mandasse,
566 1109 599 1163 ut
614 1101 755 1181 Hymnus
771 1103 820 1162 bic
835 1104 873 1162 ab
888 1103 1026 1162 universo
1047 1102 1165 1180 populo

199 1204 294 1261 aequo
316 1191 407 1260 atque
428 1203 443 1243 a
462 1183 622 1245 Sacerdote
645 1187 867 1246 concineretur.
892 1182 957 1242 Hac
974 1184 1010 1242 dc
1026 1201 1117 1244 causa
1133 1185 1165 1243 in

198 1268 381 1330 solemnibus
397 1265 495 1326 Missis
511 1263 652 1345 Hymnus
668 1267 717 1327 hic
731 1269 769 1326 ab
785 1267 925 1326 universo
939 1264 1040 1325 Cboro
1055 1268 1166 1327 etiam·

198 1369 270 1410 num
286 1350 413 1409 canitur.
431 1346 584 1429 ,Sacerdos
600 1367 707 1410 manus
721 1348 830 1427 jungit,
855 1348 1077 1424 inclinatusque
1093 1366 1163 1408 con-

200 1432 300 1496 sistit,
324 1448 384 1506 quo
408 1428 552 1506 majorem
576 1431 604 1488 in
627 1432 721 1491 sancti
743 1429 835 1507 hujus
849 1428 962 1490 Cantici
985 1431 1166 1490 recitatione

201 1512 421 1572 observantiam
446 1508 603 1588 significet.
629 1509 783 1572 Canticum
801 1510 857 1570 boc
873 1509 1007 1570 Ecclesia
1020 1510 1165 1588 deprom-

200 1595 260 1673 psit
281 1614 296 1653 e
311 1593 400 1654 Caelo
415 1595 490 1668 ipso.
518 1591 597 1654 Vidit
612 1593 707 1653 lsaias
721 1590 794 1671 Cap.
813 1591 854 1650 Vl
872 1593 1032 1652 liominum
1055 1594 1165 1654 seden-

200 1684 263 1737 tem
288 1695 379 1752 snper
402 1675 509 1733 sotium
534 1675 697 1742 excelsum,
720 1680 752 1735 ct
772 1674 886 1734 audivit
901 1674 1082 1750 Serapbicos
1098 1675 1166 1753 Spi-

201 1760 276 1818 ritus
299 1758 411 1816 alterna
435 1746 638 1816 modulatione
654 1756 835 1833 psallentes,
859 1755 998 1824 Sanctus,
1023 1757 1164 1823 Sanctus,

201 1841 354 1907 Surrctus,
386 1837 532 1898 Dominus
555 1838 635 1898 Deus
658 1839 855 1898 exarcituum.
889 1836 982 1897 Plena
1005 1847 1045 1896 est
1068 1839 1166 1897 omnis

202 1932 288 1982 terro
312 1921 409 1998 picria
431 1921 505 1998 ejus.
529 1918 569 1980 Et
591 1919 718 1980 loannes
739 1920 811 1996 Cap.
829 1917 871 1978 IV
893 1925 1021 1995 quatuor
1037 1921 1167 1999 mystica

201 2003 341 2062 animalia
365 2004 452 2080 [alena
475 2001 568 2062 oculis
590 2002 754 2071 describit,
784 2002 919 2077 requiem
943 2020 999 2058 nou
1022 2003 1166 2062 babentia

201 2085 250 2144 dic
273 2103 307 2144 ac
331 2090 415 2143 nocte
438 2082 587 2160 dicentia:
614 2080 762 2155 Sanctus,
790 2079 938 2151 Sanctus,
962 2081 1089 2143 Sanctus
1105 2085 1166 2144 Do-

201 2168 302 2226 minus
327 2166 404 2225 Dcus
425 2167 625 2242 omnipotens,
651 2168 703 2244 qui
726 2174 803 2234 crat,
828 2164 881 2242 qui
903 2174 955 2229 cst,
980 2174 1009 2222 ot
1029 2167 1082 2243 qui
1096 2183 1166 2225 oru-

203 2259 293 2307 turus
317 2257 368 2306 cst.
393 2245 518 2306 Sanctus
534 2245 712 2307 Ambrosius
734 2245 799 2305 Lib:
817 2244 860 2305 tit
879 2244 913 2304 de
929 2245 1043 2325 Spiritu
1059 2247 1166 2308 Sancto

203 2324 278 2404 Cap.
304 2325 343 2386 18
364 2347 401 2386 ex
432 2327 477 2386 bis
505 2327 605 2387 verbis
626 2329 826 2388 Personarum
850 2325 1023 2396 Unitatem,
1048 2334 1079 2386 et
1100 2327 1166 2387 Tri-

203 2411 326 2470 nitatem
351 2410 379 2468 in
402 2408 466 2469 Deo
487 2411 615 2486 perspici
638 2411 722 2478 vult;
747 2409 905 2469 laudantur
925 2410 1006 2467 enirn
1029 2407 1081 2469 SS.
1099 2409 1166 2468 Tri-

203 2493 304 2552 nitatis
325 2491 449 2550 Divinae
465 2490 610 2550 Personae
625 2497 698 2561 tres,
721 2489 811 2549 Pater
825 2489 961 2562 Sanctus,
984 2487 1078 2550 Filius
1093 2491 1167 2551 San-

203 2580 279 2644 ctus,
306 2571 431 2632 Divinus
452 2589 575 2648 quoque
596 2572 725 2649 Spiritus
740 2571 878 2641 Sanctns;
903 2577 934 2630 et
949 2573 1089 2648 quoniam
1106 2578 1167 2632 tres

203 2655 261 2714 hae
284 2654 410 2713 Divinae
430 2653 578 2714 Personae
601 2651 681 2713 Dens
702 2671 779 2712 unus
802 2661 882 2722 sunt,
905 2654 1012 2714 eodem
1029 2659 1167 2732 tempore

204 2733 285 2796 lteris
310 2736 455 2796 Dominus
483 2733 617 2795 Sabaoth
645 2735 827 2795 nominatur.
858 2733 990 2796 Sabaoth
1017 2754 1077 2796 vox
1103 2733 1167 2796 He-

204 2818 314 2876 braica‘
329 2825 384 2876 est.
411 2813 512 2886 Saba,
538 2819 718 2886 accercitum,
741 2823 772 2877 et
793 2817 920 2878 Sobootb
941 2835 1071 2879 numero
1094 2818 1188 2898 mul-t

205 2899 344 2959 titudinis
368 2901 521 2982 accercitus
544 2897 704 2974 significat.
733 2895 932 2958 Exercituum
962 2905 1063 2961 autem
1086 2897 1166 2960 Deus

204 2981 326 3050 dicitur,
352 2981 421 3056 qnia
443 2981 558 3040 scilicet
579 2981 606 3039 ei
630 2988 785 3056 tamquam
807 2980 946 3049 Domino,
971 2999 1006 3041 ac
1022 2980 1164 3058 Principi,

203 3063 341 3134 subsunt,
365 3063 505 3139 dictoque
520 3061 676 3122 audientes
698 3066 767 3121 sunt
785 3079 889 3121 omnes
905 3061 1089 3139 Angelorum
1105 3081 1169 3140 my-

203 3144 314 3214 riades,
339 3163 375 3203 ex
392 3145 500 3220 quibus
515 3143 652 3204 caelestis
669 3143 773 3204 militia
789 3148 915 3203 constat.
931 3143 1081 3224 Supremo
1096 3145 1166 3204 buic

203 3225 333 3286 Domino
356 3227 469 3289 subest,
493 3227 636 3303 quicquid
660 3228 757 3304 magni
773 3244 808 3286 ac
824 3225 913 3284 validi
936 3227 1090 3296 incaelis,
1109 3234 1167 3288 ter-

203 3311 306 3384 risque
322 3313 383 3376 est;
407 3308 566 3384 eidemque
583 3306 705 3369 Arbitro
720 3308 843 3368 Summo
857 3308 1008 3380 subditur,
1026 3309 1166 3386 quicquid

204 3391 235 3448 in
252 3390 309 3448 bac
333 3406 434 3448 rerum
459 3389 653 3452 universitate
676 3389 815 3466 contigit,
839 3388 889 3449 ubi
914 3390 995 3449 nulla¹
1017 3408 1074 3449 non
1090 3393 1119 3450 in
1135 3410 1165 3452 re

204 3471 299 3546 ipsius
322 3471 492 3546 sapientia,
526 3476 682 3548 potestas„
712 3475 743 3530 et
764 3470 860 3546 gloria
892 3471 1059 3532 elucescit:
1088 3473 1168 3552 pleni
1258 3533 1259 3538 ,

205 3559 274 3610 suut
298 3551 391 3620 Caeli,
416 3562 442 3613 ot
471 3549 562 3612 Terra
583 3552 681 3629 picria
703 3560 769 3611 tua.
794 3550 937 3611 Adoratio
959 3554 1107 3629 quaedam
1122 3562 1165 3615 est

206 3629 353 3703 Quotus,
383 3651 472 3708 quarn
503 3633 625 3694 humilis
652 3631 860 3711 demissusque
889 3635 1024 3712 corporis
1050 3635 1164 3697 babitus
