2517 4059
363 270 368 285 ,
466 188 671 261 usses

104 313 135 373 ad
148 320 257 390 septem
274 312 364 377 Urbis
377 318 527 380 Ecclesiae
549 338 656 399 magua
671 319 774 398 populi
791 318 958 396 frequentia
974 336 1046 396 sup·

105 397 282 472 plicsliouem
307 399 345 457 ob
367 402 488 461 easdem
512 420 615 463 causas
635 402 810 469 instituisse.

139 476 173 537 ll.
196 477 319 539 Initium
342 480 596 561 Quadrsgesimae
618 484 784 545 vocabatur
801 485 900 560 Caput
912 482 1045 563 jejunii:

102 564 181 635 alque
213 563 254 620 its
278 568 385 643 vocata
405 572 451 626 est
478 562 566 626 Feris
599 572 708 643 quarta
737 564 892 627 Cinerum.
926 564 1046 626 Primus

100 641 150 701 istc
168 640 272 720 jejunii
295 645 360 706 dies
380 647 455 707 adeo
476 648 618 709 solemnis
640 653 709 717 est,
741 654 774 708 ul
795 649 950 726 proprium
972 643 1047 706 Olli·

102 722 171 782 oium
194 726 267 787 nulli
289 728 377 787 cedat
391 728 581 795 solemnitati,
606 748 684 807 quae
706 748 743 791 eo
764 730 813 789 dic
828 731 921 807 possit
942 744 1048 787 occur·

99 822 182 873 rere,
216 826 253 869 ue
276 807 407 870 Patrono
428 812 549 887 quidem
573 810 736 874 Ecclesiae.
761 812 878 872 Videsis
909 810 939 871 S.
965 809 1048 869 ilasi·

99 886 179 958 lium,
203 895 234 949 et
257 892 396 968 antiquos
417 890 519 953 Patres
542 893 578 955 de
601 896 698 972 primo
721 895 767 954 die
782 891 887 973 jejunii
903 891 1046 951 disseren-

98 974 147 1035 tes,
174 978 206 1031 ut
227 972 387 1051 intelligas,
412 982 520 1051 quanta
544 980 724 1053 populorum
747 975 916 1052 frequentia
937 989 1048 1032 conuo-

93 1051 169 1113 laret
190 1054 226 1113 ad
250 1050 429 1126 Ecclesiam,
444 1062 476 1118 ut
498 1057 537 1116 ibi
559 1078 613 1136 per
629 1076 733 1138 preces
748 1064 779 1118 el
795 1056 1046 1133 praedicationem

91 1140 154 1195 tam
170 1136 301 1196 salutare
324 1144 441 1214 tempus
463 1139 628 1201 inchoaret.
654 1139 759 1213 Quoad
785 1138 925 1201 Cinerum
947 1152 1048 1196 caere·

89 1216 237 1288 moniam,
250 1219 326 1279 baec
338 1225 405 1281 erat
415 1223 564 1296 quondam
578 1223 655 1281 ratio
666 1226 837 1299 peccatores
848 1218 1047 1298 poenitenliae

88 1300 258 1359 addicendi.
277 1300 483 1373 'l'ertullinuus⁴
495 1306 523 1363 iu
538 1300 626 1365 Libro
643 1302 677 1362 do
693 1302 878 1364 Pocnitsntiu
894 1301 1047 1380 poeniteu-

88 1388 151 1442 tem
175 1382 318 1443 describit
339 1402 533 1461 conspersum
556 1388 674 1446 cinero:
699 1384 833 1446 Horrore
850 1386 958 1445 cineris
979 1400 1048 1439 con·

87 1466 263 1525 murratum
282 1466 449 1542 prosternis
470 1468 504 1527 in
519 1469 662 1527 medium.
677 1468 708 1531 S.
725 1466 903 1528 Ambrosius
925 1465 965 1526 od
984 1465 1048 1525 Vir·

87 1548 174 1624 pinos
194 1546 295 1626 lapsas
317 1546 475 1625 Capvlll
498 1551 709 1626 poenitentiam
732 1549 821 1609 elicui
845 1548 951 1623 virgini
973 1546 1048 1605 indi·

88 1644 173 1698 ceos,
188 1630 315 1705 lugubre
337 1632 516 1707 praeseribit
536 1632 758 1697 vestimentum,
772 1630 904 1712 cilicium
926 1633 957 1689 ct
972 1629 1048 1688 clue·

88 1726 171 1771 rem:
189 1708 295 1771 Totum
314 1710 429 1791 Corpus
445 1713 541 1773 cincre
556 1732 716 1794 aspersum.
729 1712 869 1773 Ciuerum
882 1712 972 1788 igilur
984 1726 1049 1769 cae·

87 1792 228 1853 semonia
251 1794 287 1853 ad
313 1794 446 1869 publicos
468 1796 539 1855 olim
562 1798 749 1874 poenitentes
772 1801 889 1856 tantum
919 1791 1051 1870 pertinc-

89 1874 155 1935 bst.
173 1868 287 1935 Publici
303 1893 376 1935 vero
391 1876 576 1953 poenitentes
599 1879 776 1938 dicebantur
798 1876 907 1953 quibus
928 1871 1048 1951 publica

68 1955 275 2033 ‘poenitentia
291 1962 358 2017 erat
379 1959 517 2036 imposita
539 1960 578 2019 ob
594 1960 715 2036 publica
729 1962 866 2019 crimina.
890 1955 1046 2036 Sapienter

88 2038 151 2099 boo
174 2040 253 2099 euim
276 2037 461 2117 ablicclesia
477 2042 646 2103 institutum
669 2046 724 2113 est,
748 2042 845 2116 utqui
863 2039 981 2116 publice
996 2037 1047 2099 do·

88 2118 200 2197 liquit,
235 2122 388 2198 publicam
421 2122 483 2183 luat
504 2123 742 2199 poeniteutiam,
773 2142 849 2201 quae
871 2120 1048 2201 consulum

88 2204 149 2281 ipsi
171 2205 266 2280 prosit
287 2205 479 2273 adsalutem,
503 2204 555 2265 sed
571 2205 662 2265 etiam
678 2206 785 2265 ceteris
807 2206 844 2264 ad
860 2203 1044 2277 exemplum.

88 2284 257 2361 Dionysius
280 2285 430 2358 Peresius,
456 2288 483 2345 in
507 2285 825 2348 Animadversionilror
847 2284 1048 2345 adhaeserim

90 2368 135 2428 59
153 2366 317 2446 Epiphanii
338 2367 425 2428 Tom.
439 2367 459 2427 2
474 2386 541 2446 pag.
555 2366 616 2429 als
626 2389 634 2438 3
644 2368 774 2438 ·lueuin‚
792 2369 829 2429 dc
844 2367 1049 2429 Soeromonlis

89 2448 199 2525 Capi
221 2452 278 2509 art.
304 2446 335 2521 13
359 2447 485 2511 Carolus
509 2452 654 2521 Witasse‚
678 2450 713 2511 de
728 2451 924 2519 Poenitonlio,·
946 2447 1047 2508 cristi·

90 2536 178 2593 mant
199 2533 289 2591 eliam
307 2533 435 2610 peccatis
449 2532 588 2604 occultis,
606 2552 659 2593 sex
673 2534 824 2610 prioribus
838 2532 976 2597 saeculis,
994 2530 1049 2587 im·

90 2613 222 2692 positam
247 2614 338 2675 luisse
361 2614 572 2691 poeniteutiam
595 2616 758 2693 publicam.
783 2613 957 2674 Sirmondus
978 2604 1048 2670 cori·

91 2702 153 2763 tra,
176 2697 225 2755 cui
247 2692 370 2771 plurimi
393 2696 615 2766 adhaeserunt,
639 2698 669 2757 in
691 2695 829 2757 Historia
848 2694 1048 2755 Pornitcntios

86 2777 229 2855 prsblicuo
250 2773 323 2852 Cap.
347 2776 379 2847 2
394 2794 462 2856 pag.
485 2776 526 2836 82
547 2777 635 2838 Tom.
659 2777 701 2838 lv
723 2777 801 2856 Opp.
826 2776 954 2836 affirmat
982 2790 1049 2851 grs-
1136 2836 1140 2842 ,

91 2859 230 2918 rioribus
252 2865 366 2919 tantum
380 2860 557 2939 criminibus
568 2862 695 2938 publicis
717 2862 810 2935 ipsam
834 2857 1048 2935 poenitentiam

90 2938 188 3001 inisse
197 2940 394 3017 impositam:
419 2942 501 3017 quod
514 2942 559 2999 vir
580 2944 764 3002 clarissimus
786 2941 893 3017 probat
915 2938 1046 3015 primum

92 3024 280 3099 argumentis
302 3041 340 3081 en
354 3022 520 3100 Augustino
541 3023 737 3103 depromptis.
761 3020 838 3081 Nam
860 3019 1048 3081 SanctusPa·

35 3178 38 3187 .
92 3110 142 3165 ter
163 3101 267 3181 Capite
288 3102 328 3165 85
350 3102 522 3165 Enobiridii
547 3106 635 3165 docet
656 3106 685 3163 in
707 3106 824 3175 actione
848 3102 1047 3179 poenitentiae

92 3198 164 3247 euni
187 3186 238 3262 qui
262 3186 375 3248 crimen
398 3186 557 3255 commisit,
582 3204 598 3245 a
625 3186 739 3249 Christi
761 3204 879 3263 corpore
893 3186 1043 3264 soporari.

90 3269 134 3329 At
155 3267 185 3326 iu
208 3264 340 3344 Epistola
355 3267 396 3329 tt
418 3267 454 3328 ad
475 3267 686 3329 Macedonium
710 3287 793 3329 nuru.
813 3266 872 3327 153
894 3267 981 3327 docel
994 3285 1047 3328 eos

91 3369 111 3411 a
125 3351 269 3411 societate
285 3348 395 3410 Alleris
410 3351 573 3417 removeri,
597 3362 724 3429 quomo
739 3350 868 3409 crimino
884 3349 1046 3427 manifesto

91 3444 172 3495 sunl.
195 3432 335 3492 Proximo
358 3432 453 3509 capite
476 3436 584 3508 quarto
616 3448 689 3525 pag,
709 3430 769 3491 lus
795 3429 953 3491 confirmat
984 3431 1047 3491 Sir·
1149 3446 1162 3454 ·

93 3514 221 3575 mondus
245 3515 419 3575 senteutiam
442 3530 526 3573 suam
542 3514 719 3574 auctoritate
740 3511 908 3583 decenum,
932 3514 1046 3589 quise·

93 3602 157 3658 taut
177 3614 215 3659 ue
239 3597 277 3661 ob
293 3598 408 3660 occulta
430 3596 539 3657 delicte
560 3595 735 3673 imponatur
756 3594 876 3673 publica
897 3591 1047 3673 poeniten
