2517 4059
391 160 756 283 „sumes

93 309 193 455 ἔξωροι
207 332 231 373 ε’
246 313 280 383 S,
300 309 461 383 Victore,
480 315 528 377 -ds
543 326 694 396 perpetua
722 313 839 397 blasius
866 310 1044 389 virginitate
1095 318 1097 323 '

131 474 167 534 V.
189 474 362 546 Putarem,
387 475 631 555 pulanlque'non
655 477 740 555 parnei
762 474 891 535 celebria
913 476 963 535 illa
985 470 1044 551 Ee·

93 557 193 632 elesiae
215 559 330 625 verba:
358 557 430 619 Sola
450 562 513 620 sine
535 562 665 638 exemplo
682 559 827 637 placuisti
847 555 977 617 Domino
991 572 1044 615 no·

10 667 11 670 ¹
91 651 147 697 nro
168 638 236 699 Iesu
262 640 392 709 Cbristn
417 642 455 700 ita
478 662 543 703 esse
564 640 747 718 accipienda,
770 647 804 701 ut
826 656 878 699 nos
900 640 1039 707 doceant,

10 777 11 780 ,
92 720 199 781 nullum
222 721 366 783 [eminam
390 724 602 801 invirginitale
624 723 771 783 servanda
795 722 957 796 praeivisse
979 716 1044 777 Ma-

10 807 11 878 }
92 803 184 872 riam;
209 804 404 865 commendat
424 809 594 882 etenirnffeo
622 807 651 863 in
675 802 737 862 loco
760 800 895 863 Ecclesia
914 800 1044 865 Sanctae

10 945 11 964 χ
89 882 198 943 Mariae
221 886 438 961 ninginitatem.
463 888 563 962 Atque
586 888 613 943 id
635 885 756 961 quidem
779 882 927 943 aSanetis
951 878 1045 941 Patri·

10 1007 11 1038 3
90 962 142 1023 bns
158 966 314 1030 traditum.
339 975 394 1028 aut
406 974 488 1029 certe
502 967 670 1045 judicatum
688 966 782 1045 ajunt.
806 962 952 1041 Origenes
967 962 1043 1023 haee

10 1053 11 1092 l
91 1046 211 1129 seriptis⁴
229 1049 361 1124 prodidit
382 1050 411 1109 in
433 1049 530 1126 Caput
552 1049 627 1109 Xlll
649 1047 794 1119 blaltbaei
817 1046 853 1105 ad
871 1044 1052 1123 seaballla:¹

90 1123 125 1185 Et
134 1123 251 1205 [netem
264 1139 318 1198 est,
333 1149 400 1189 enan
410 1140 606 1191 consternasset
617 1132 704 1197 lesus,
719 1130 794 1189 idest
806 1128 840 1187 ad
857 1144 976 1187 versum
989 1122 1041 1185 53.

90 1203 226 1268 Arbitror
240 1211 356 1272 rationi
376 1214 604 1271 consentaneum
618 1229 681 1273 esse
696 1211 794 1271 uirilis
818 1209 937 1287 quidem
957 1204 1045 1287 puri·
1132 1216 1135 1221 '

91 1289 157 1347 tetis
178 1291 213 1349 in
234 1292 374 1353 castitate
391 1294 550 1372 primitias
571 1294 662 1369 [nisse
682 1298 789 1359 lesum,
803 1289 957 1351 muliebris
977 1306 1045 1348 nero

91 1367 232 1430 Mariam.
258 1372 358 1439 lnnuit
377 1374 409 1435 'id
432 1378 529 1451 ipsum
554 1372 761 1451 Hierbiiymu's
791 1374 839 1433 bis
861 1372 960 1431 verbis
983 1368 1044 1430 Eu·

10 1457 11 1496 ss
91 1452 190 1510 stoebil
207 1456 329 1523 nemine
342 1457 464 1531 prelatis
487 1456 515 1514 in
531 1454 664 1533 Epistola
680 1455 716 1515 ad
733 1453 929 1515 Eustochium
941 1471 948 1510 ι
960 1450 1044 1528 ¹Mibs'

90 1533 247 1609 nirqinirns
268 1535 303 1593 s‘n
317 1536 417 1596 Maria
432 1536 598 1604 dedicatur,
611 1550 643 1601 et
662 1536 789 1611 Christo.
814 1534 916 1596 Fuisse
938 1534 976 1595 ab
991 1532 1046 1593 ali·

94 1610 196 1688 quibbs
219 1617 339 1677 eximiis
361 1620 435 1676 uiris
456 1619 485 1677 in
508 1620 605 1679 veleri
621 1618 701 1692 lege
719 1618 928 1694 virginitatem·
942 1632 1046 1675 serva·

91 1699 146 1754 tarn
168 1696 250 1757 ultro
265 1700 385 1775 talem:¹
403 1700 495 1761 tuisse
517 1718 534 1760 a
557 1701 735 1760 mulieribus
758 1701 787 1757 in
808 1697 974 1775 gentilitate
991 1712 1044 1773 po-

92 1777 151 1835 sitis
165 1780 260 1838 etiam
278 1780 385 1851 fateor,
409 1799 595 1857 quamquam
612 1782 703 1841 invita
719 1779 897 1856 plerumque
913 1795 949 1837 ea
963 1782 1040 1845 erat,

92 1864 119 1916 et
138 1860 162 1917 si
184 1878 224 1919 ex
240 1861 398 1922 voluntate
421 1865 584 1938 precedens
606 1863 689 1923 falsis
706 1860 878 1921 numinibus
899 1860 1044 1919 dicaraea

10 1953 11 1986 l
92 1936 164 2009 luit,
189 1942 320 2017 ideoque
341 1961 409 2003 eam
432 1944 470 2003 ob
493 1962 614 2004 causam
638 1942 836 2011 illaudabilis,
861 1942 1043 2001 remelium

10 2045 11 2078 ³
91 2029 241 2097 perpetua.
267 2021 397 2085 Essenos
412 2028 558 2087 extremis
572 2024 767 2101 Reipublicae
784 2020 952 2083 Hebraicne
968 2029 1043 2081 lem·

11 2113 12 2156 l
92 2103 208 2174 peribus
231 2105 376 2165 mulieres
399 2106 552 2174 babuisse,
576 2125 655 2183 quae
670 2104 872 2181 virginitatem
896 2102 1042 2170 celerent,

91 2186 197 2255 pariter
221 2187 344 2245 fateor:
366 2206 437 2249 num
460 2190 616 2265 antiquum
641 2187 774 2263 prolerre
797 2186 890 2263 possis
922 2186 960 2246 ab
982 2182 1044 2244 Hs·

92 2260 174 2325 braea
204 2270 335 2327 muliere
358 2276 495 2331 servatae
516 2270 696 2345 virginitatis
726 2270 925 2344 exemplum,
957 2265 1044 2349 valde
1120 2322 1128 2339 ,

93 2342 211 2407 dubium
234 2366 356 2409 censen.
386 2350 488 2412 Multis
510 2354 607 2430 placet
629 2349 786 2425 Virginem
808 2357 966 2411 voventem
999 2346 1045 2407 la-

91 2440 212 2488 cereso
235 2431 300 2508 ipso
323 2434 483 2509 tempore,
517 2451 578 2511 que
600 2433 723 2492 rationis
757 2448 813 2491 usu
845 2449 880 2491 ea
907 2428 1044 2507 praedita

93 2513 142 2567 est.
166 2508 249 2570 Piam
272 2529 338 2571 esse
361 2514 565 2582 sententiam,
590 2531 645 2572 nee
667 2530 777 2573 norum
801 2529 867 2573 esse
888 2512 1043 2570 inventum

11 2591 12 2596 ’
91 2585 172 2652 deest
189 2591 400 2735 gaynaundus
422 2596 553 2676 Diptyen
574 2593 725 2655 Mariana
750 2593 859 2671 parbl
883 2597 986 2672 punct.
999 2588 1043 2653 111

11 2729 12 2738 ,
91 2685 167 2732 num.
212 2719 220 2735 .

454 2835 580 2899 CAPUT
601 2836 688 2901 XlV.

200 3014 243 3057 DE
264 3014 364 3059 FESTO
386 3016 611 3062 CONCEPTIONJS
632 3016 757 3061 nsum
779 3014 929 3061 vlnelrus.

130 3154 153 3215 l.
175 3156 298 3221 Cultum
320 3156 527 3239 Conceptienis
547 3160 758 3224 Sanctissimae
779 3160 911 3238 Virginis
929 3132 953 3220 'a
974 3156 1043 3219 Sae-

95 3236 158 3299 euln
179 3247 212 3303 ut
234 3242 437 3303 minimumV
461 3244 489 3303 in
505 3242 801 3307 Ecclesia.0rientali
817 3244 982 3305 obtinuisse
1004 3257 1042 3300 ex

96 3313 201 3396 Typieo
216 3322 248 3383 S.
260 3322 355 3384 Sabae
371 3324 561 3385 manifestum
578 3324 624 3389 fis,
640 3323 830 3387 Celebratum
845 3328 955 3402 nauiter
971 3322 1041 3383 Sae-

96 3403 157 3461 eule
175 3403 291 3466 Octavo
313 3405 370 3465 boe
392 3404 501 3466 leslum
517 3405 620 3475 luisse,
645 3408 733 3467 docet
754 3426 808 3479 nos
830 3406 891 3469 Leo
915 3403 1042 3465 Allalins

97 3474 170 3543 §68
192 3484 472 3565 Prnlsqomsnnrnns
504 3486 657 3567 adspersa
682 3485 714 3549 S.
738 3487 860 3550 Ioannis
883 3486 1042 3549 Dnmnses·

97 3562 136 3621 Μ’.
156 3566 269 3631 Claruit
282 3571 402 3629 saeculo
422 3587 500 3633 neno
521 3567 553 3632 S.
570 3568 676 3633 Petrus
693 3571 845 3647 drgorum
862 3570 1039 3649 spiscopus,
