2517 4059
483 200 668 275 satta}

103 324 308 409 Epiphaniam.
324 327 404 392 Hinc
420 329 598 394 Ammianus
614 332 808 395 Marcellinus
829 330 896 393 Lib.
913 329 994 394 xxl
1008 348 1053 392 re

102 410 166 480 lert,
190 413 349 482 lulianum,
373 416 423 491 qui
438 416 544 475 deinde
567 414 623 476 luit
639 415 795 493 apostata,
819 432 889 475 cum
911 415 1054 477 Christia-

102 494 143 553 nis
163 494 211 557 die
235 496 420 575 Epiphaniae
444 498 473 555 in
496 495 664 559 Ecclesiam
684 499 878 577 ingressum,
911 516 971 574 qno
1002 497 1052 557 die

102 574 246 637 Viennam
261 578 458 656 Allobrogum
480 577 602 641 Parisiis
622 596 763 641 resersus
777 585 871 640 esset:
892 576 1056 641 Feriarum

102 656 146 719 dic
167 679 258 739 paam
282 662 462 721 celebrantes
484 680 582 723 measa
603 660 752 723 Ianuario
777 658 981 740 Epiphaniam
1009 660 1057 719 di·

102 743 216 813 cts'taat,
231 760 403 821 propr-casas
418 744 451 803 ia
466 742 641 811 Ecclesiam,
659 744 832 825 solemniter
846 743 968 803 aomina
984 741 1056 803 ado·

101 832 186 894 roto,
218 823 359 885 discessit.
383 824 507 887 Sanctus
528 824 688 904 Gregorius
709 823 910 886 Nazianzenus
935 823 1056 885 Oratio·

100 921 134 962 oe
148 902 211 964 XX
223 906 317 968 relert
338 906 375 968 de
390 906 516 970 Valente
531 908 729 986 lmperatore,
752 908 803 985 qui
826 906 895 969 licet
911 905 1053 975 hrianus,

99 982 178 1046 Festi
201 986 295 1065 hujus
318 990 498 1057 solemnitati
520 988 701 1058 assistebat,
726 1008 762 1049 ne
784 989 978 1051 rideretur‘a
999 987 1055 1049 Ca·

100 1068 209 1129 tholica
233 1068 388 1149 Religione
410 1072 566 1133 deiecisse.
583 1071 768 1133 Theodosius
783 1070 950 1149 lmperator
972 1074 1055 1145 tanta

98 1148 221 1212 Festum
256 1150 314 1213 hoc
337 1157 528 1215 veneratione
550 1161 726 1233 prosecutus
748 1158 815 1223 est,
845 1157 881 1213 ut
912 1152 1054 1212 alitibus

98 1232 226 1310 aliisque
248 1234 387 1295 civilibus
408 1238 534 1315 negotiis
561 1235 768 1297 abstinendum
789 1233 917 1312 jusserit
936 1241 1053 1312 septem

99 1314 159 1375 dies
181 1323 272 1384 ante,
298 1317 483 1395 totidemque
504 1318 541 1378 ab
563 1318 619 1377 isto
640 1315 748 1387 Festo,
772 1323 804 1378 et
827 1323 888 1378 toto
911 1317 969 1377 boc
991 1316 1055 1376 die·

98 1413 165 1457 rum
191 1400 291 1477 spatio
313 1400 463 1477 quoddam
484 1397 563 1461 Festi
586 1400 726 1478 perpetui
749 1416 842 1479 genus
869 1400 899 1457 in
922 1398 1054 1475 lmperio

100 1480 300 1542 constituerit.

138 1559 177 1621 ll.
202 1560 369 1641 Epiphania
399 1564 477 1623 inter
497 1563 676 1641 praecipuas
704 1562 906 1623 solemnitates
932 1577 1053 1637 semper

100 1640 200 1705 habita
223 1646 305 1716 tuit,
330 1645 405 1707 adeo
428 1651 462 1706 ut
485 1645 647 1725 virginum·
665 1646 849 1722 consecratio
871 1646 900 1703 in
922 1642 1055 1722 Epipha-

100 1724 146 1783 nia
169 1728 347 1804 praesertim
369 1726 441 1789 olim
464 1728 668 1789 celebraretur
689 1744 726 1786 ex
748 1724 858 1786 Gelasii
879 1727 978 1804 Papae
999 1725 1056 1784 De·

100 1810 183 1867 creto
205 1810 236 1868 in
259 1806 393 1886 Epistola
413 1808 433 1869 9
456 1810 491 1871 ad
514 1808 678 1887 Episcopos
699 1808 873 1878 Lucaniae,
900 1814 932 1870 et
954 1806 1055 1884 Bapti-

101 1902 182 1950 smus
210 1890 283 1951 olim
306 1894 436 1951 maxime
468 1894 498 1951 in
520 1892 623 1953 Galliis
647 1890 899 1967 frequentaretur.
923 1887 1004 1950 Hinc
1024 1888 1055 1949 in

100 1972 249 2032 nonnullis
272 1972 361 2033 etiam
383 1970 524 2033 Ecclesiis
550 1974 696 2034 remansit
723 1972 891 2032 benedictio
912 1970 1054 2033 solemnis

101 2068 196 2129 aquae
220 2054 251 2112 in
273 2054 452 2131 Epiphania.
476 2052 522 2114 Ex
543 2054 602 2115 hac
624 2070 701 2130 aqua
723 2051 832 2116 Graeci
864 2055 893 2113 in
915 2054 1053 2115 Ecclesia

101 2150 159 2193 non
180 2136 280 2197 solum
310 2136 546 2217 aspergebantur
569 2140 601 2196 et
622 2135 787 2213 potabant,
815 2136 866 2197 sed
889 2138 981 2196 etiam
1002 2136 1054 2195 do·

101 2232 183 2277 mum
208 2216 383 2279 delerebant
405 2218 508 2295 plenos
530 2218 647 2297 calices,
672 2220 721 2279 cui
743 2218 823 2280 Deus
845 2220 921 2278 hanc
944 2218 1051 2294 largte

101 2296 188 2367 batur
212 2298 477 2371 benedictionem,
504 2306 537 2359 ut
560 2302 661 2362 multis
682 2302 766 2360 annis
788 2303 962 2377 incorrupta
989 2318 1054 2376 per·

101 2386 249 2443 maneret.
284 2380 444 2443 Praeterea
466 2381 516 2459 qui
539 2382 576 2442 ad
598 2381 756 2443 Iordanem
780 2383 851 2443 olim
881 2382 1055 2443 habitabant

102 2464 226 2540 populi,
254 2465 284 2524 in
307 2464 485 2525 memoriam
507 2468 540 2524 et
559 2464 707 2525 honorem
729 2464 806 2525 sacri
828 2462 940 2525 Christi
961 2463 1057 2542 bapti·

102 2547 218 2613 ematis,
242 2545 293 2622 qui
315 2547 344 2606 in
360 2564 396 2607 eo
418 2546 476 2605 hac
490 2544 538 2605 die
559 2545 702 2607 aloanne
723 2546 834 2607 tinctus
856 2552 911 2612 est,
928 2547 1056 2607 ineum·

103 2624 170 2689 dem
192 2626 322 2689 flurium
345 2629 526 2690 descendere
548 2646 582 2689 ac
599 2644 665 2689 sese
686 2628 809 2689 abluere
830 2628 974 2689 solebant.
998 2624 1055 2687 Ne·

103 2722 161 2784 que
182 2708 214 2768 id
236 2711 343 2771 insola
360 2710 485 2772 lordane
506 2708 598 2771 lluvio
613 2706 678 2770 fieri
693 2715 900 2780 consueverat,
925 2709 977 2770 sed
992 2708 1056 2786 plu·
1080 2746 1084 2755 -

103 2791 186 2859 ribus
214 2792 279 2851 aliis
311 2793 341 2852 in
363 2792 436 2853 ldcis
458 2791 628 2854 Orientales
657 2792 759 2869 populi
781 2790 889 2852 llurios
921 2791 1057 2851 tontesve

104 2870 339 2942 benedicebant,
369 2876 508 2951 atque‘in
532 2890 583 2934 eos
606 2890 672 2935 sese
695 2872 938 2948 immergebant,
971 2871 1057 2948 quasi

105 2958 261 3033 proprium
285 2959 457 3017 renovaturi
480 2959 534 3016 aut
554 2953 666 3015 Christi
687 2955 832 3014 imitaturi
860 2955 1055 3028 baptismum.

104 3032 138 3095 ln
160 3036 340 3115 quibusdam
362 3034 502 3098 Ecclesiis
535 3037 592 3096 hoo
613 3034 738 3096 Festum
761 3034 868 3113 Vigilia
890 3042 922 3095 et
940 3032 1058 3113 jejunio

106 3124 269 3193 praeeunte
279 3118 500 3181 celebrabatur.
513 3117 600 3179 Nunc
615 3136 690 3180 uero
705 3117 814 3195 vigilia
828 3118 926 3193 praeit
941 3118 1059 3177 tantum

106 3200 167 3261 sine
188 3199 315 3280 jejunio.
340 3200 521 3262 Matutinum
538 3199 628 3279 hujus
643 3201 701 3261 diei
715 3200 890 3260 lovitatorio
904 3202 1004 3268 caret,
1027 3198 1060 3259 et

106 3279 223 3344 initium
245 3280 279 3342 fit
300 3283 338 3343 ab
359 3282 530 3361 Antiphone
550 3289 582 3344 et
609 3282 750 3355 Psalmo,
773 3284 811 3343 ad
833 3281 1058 3360 significandam

107 3366 237 3439 gentium
259 3364 457 3435 alacritatem,
481 3381 560 3442 quae
580 3370 614 3427 ut
637 3366 769 3441 primum
791 3363 876 3425 stella
897 3364 1004 3434 illuxit,
1027 3364 1060 3423 in

107 3444 186 3505 riam
209 3464 241 3508 se
264 3446 343 3506 illico
365 3446 537 3514 dederunt,
565 3452 598 3507 ut
619 3455 723 3509 monet
743 3446 903 3507 Durandus
925 3444 991 3505 Lib.
1015 3442 1059 3505 vt

108 3522 179 3606 Cap.
205 3527 315 3598 ldrel
336 3530 406 3605 quia
428 3529 561 3607 psalmus
590 3526 689 3589 Venite
715 3529 899 3598 caaltemas,
922 3545 982 3604 quo
1003 3524 1075 3601 uti·⁸

110 3622 177 3671 mur
198 3612 226 3669 in
237 3608 421 3681 Invitatorio,
446 3612 476 3669 in
500 3610 557 3671 hoc
579 3609 685 3671 Oillaio
707 3611 825 3680 canitur
848 3610 876 3669 in
890 3609 980 3671 tertio
1000 3605 1061 3669 No·
