2517 4059
531 204 756 276 melleam

153 333 352 408 Liturgiam,
377 351 467 394 uuam
489 352 507 393 e
528 331 646 394 Graeco
669 334 866 400 translatam,
892 350 968 408 quae
992 335 1115 413 incipit:

159 414 315 474 Dominus
331 414 411 473 Deus
424 424 536 485 noster,
552 420 613 475 ete.
630 414 766 475 Alteram
783 432 819 472 ex
831 412 957 491 Syriaco
974 433 1115 477 sermono

156 494 197 553 ab
221 495 345 556 Andrea
367 494 463 555 idacio
486 496 576 556 taline
599 496 769 563 redditam,
795 513 871 570 quac
895 497 1053 575 anaphora
1074 499 1119 557 in-

156 577 315 644 scribitur,
339 583 370 636 et
391 580 434 637 sie
457 578 581 653 incipit:
605 579 726 638 steteras
742 577 832 643 Deus,
856 576 908 654 qat'
921 578 956 636 in
966 580 1120 657 principio

81 654 87 667 ’
156 660 295 718 homines
310 661 418 718 creasti
431 658 471 716 od
484 659 757 719 immortalitatem:
780 666 810 717 et
832 676 848 717 a
865 675 973 736 graeca
996 660 1024 718 iu
1040 662 1117 721 mul-

153 741 198 802 tis
222 740 343 801 diversa
366 746 431 806 est,
455 745 486 799 et
508 743 604 802 mullo
625 741 756 803 brevior.
775 737 830 798 His
853 740 969 799 accedit
991 743 1079 801 tertia
1102 763 1118 801 a

154 821 324 900 praedictis
345 821 435 880 etiam
452 820 604 891 dillercns,
617 838 708 899 quam
731 820 884 881 Victorius
899 820 1036 881 Scialach
1052 822 1116 884 Ma-

154 904 259 963 ronita
281 919 319 961 er
341 908 460 963 vetusto
481 899 591 965 Codice
614 904 714 981 lingua
737 904 916 982 Aegyptiace
950 921 1018 962 cum
1041 905 1117 964 hra-

154 986 224 1045 bica
249 985 496 1060 interpretatione
518 986 630 1061 scripto
655 988 682 1045 in
706 986 831 1044 latinum
856 986 1018 1053 transtulit,
1041 1003 1117 1060 quac

154 1065 366 1125 Bibliothecae
388 1064 513 1125 Patrum
537 1067 647 1127 inserta
668 1073 740 1135 est,
776 1073 806 1125 ct
835 1066 871 1124 ab
895 1065 949 1124 hac
982 1067 1116 1127 oratione

154 1148 340 1208 exorditur:
364 1147 489 1206 Domine
505 1149 558 1225 qui
571 1150 652 1208 nosti
678 1146 770 1207 cordo
784 1150 928 1207 omnium.
954 1145 1020 1224 lpse
1043 1166 1119 1225 quo-

157 1235 221 1305 que
244 1246 351 1306 graeca
372 1230 557 1303 exemplaria
593 1230 748 1289 dissimilia
772 1246 836 1288 esse
858 1231 990 1305 agnoscit
1013 1228 1116 1298 Goar‚

158 1312 240 1371 adeo
264 1318 296 1370 nt
318 1308 436 1370 difficile
459 1310 497 1369 sit
515 1308 655 1387 judicare
677 1311 799 1385 quinam
822 1312 861 1368 sit
884 1329 977 1387 purus
999 1318 1031 1373 et
1052 1330 1118 1388 ger-

160 1409 273 1453 manus
287 1390 390 1450 Basilii
401 1395 513 1451 textus.
529 1392 711 1453 Obseruauit
723 1392 801 1451 hanc
814 1391 1017 1452 diversitatem
1033 1410 1117 1469 prae-

156 1472 430 1539 dioecesanam,
454 1472 580 1550 ejusque
603 1474 734 1533 reddidit
754 1472 831 1533 hanc
854 1474 1011 1545 rationem;
1036 1474 1115 1551 quod

154 1558 239 1617 sicut
253 1553 352 1613 Latini
368 1558 399 1615 et
420 1550 528 1615 Graeci
544 1556 699 1617 Antistites
720 1555 750 1613 in
767 1553 829 1613 suis
845 1552 996 1632 liturgiis,
1023 1555 1115 1616 multe

152 1640 206 1699 vel
231 1636 414 1697 addiderunt
441 1637 488 1696 vel
512 1638 735 1707 immutaruntr
769 1634 848 1695 idem
872 1636 961 1695 etiam
985 1636 1022 1694 ab
1044 1634 1114 1716 Ale·

153 1717 319 1779 xandriuis
340 1722 372 1777 ot
394 1719 548 1796 Aegyptiis
570 1736 624 1795 per
646 1728 692 1779 est
714 1718 838 1779 credere
861 1734 915 1793 pro
944 1723 1117 1795 temporum

155 1800 385 1878 opportunitate
407 1796 586 1861 factitatum.

195 1880 254 1942 lll.
266 1878 357 1939 Porro
365 1878 498 1957 biturgia
510 1880 611 1941 Easilii
627 1882 719 1941 certis
734 1880 893 1941 dumtaxat
906 1879 1012 1939 dicbus
1027 1886 1116 1939 utun-

155 1969 205 2023 tur
221 1959 341 2029 Graeci,
356 1962 385 2020 iu
400 1961 565 2022 Dominicis
579 1962 696 2023 scilicet
710 1967 830 2021 sanctae
852 1966 882 2021 ct
897 1978 1022 2039 magnae
1034 1958 1116 2032 Qua-

154 2045 359 2123 dragesimae,
383 2044 506 2120 dempta
520 2044 677 2105 Dominica
699 2044 882 2111 Palmarum,
907 2043 936 2102 in
960 2050 1059 2102 sancta
1082 2049 1113 2102 et

153 2143 265 2201 magua
287 2123 375 2185 Feria
397 2126 510 2200 quinta,
534 2127 563 2185 iu
585 2143 696 2203 magno
717 2124 857 2192 Sabbato,
882 2127 910 2183 in
936 2119 1113 2200 VigiliaNa·

153 2207 281 2268 tivitatis
305 2205 373 2267 lesu
399 2204 510 2266 Christi
540 2214 571 2266 et
599 2204 811 2287 Epiphaniae,
844 2211 875 2265 et
906 2208 934 2265 in
964 2206 1011 2265 die
1041 2203 1115 2265 leste

153 2289 252 2366 ipsius
276 2287 386 2347 Basilii.
417 2285 473 2348 Est
494 2294 524 2349 st
544 2290 602 2349 alia
628 2290 708 2366 apud
742 2287 960 2348 Alexandrinos
990 2287 1115 2347 celebris

152 2368 304 2446 liturgia,
329 2386 424 2446 eaque
445 2369 477 2430 S.
502 2368 650 2447 Gregorio
673 2370 827 2447 Theologo
849 2370 963 2429 scilicet
985 2366 1114 2428 Nazian-

152 2470 232 2513 zeno
254 2451 409 2511 tribuitur.
433 2450 520 2511 Hanc
542 2453 619 2512 idem
643 2450 830 2513 Assemanus
862 2468 897 2510 ax
921 2449 1109 2510 Renaudotio

154 2530 272 2593 Graece
293 2539 325 2593 et
346 2532 456 2598 latine,
480 2552 517 2593 ex
539 2532 652 2592 blissali
676 2532 863 2610 Coptilarum
891 2532 1027 2593 exhibet.
1051 2528 1110 2591 Ne·

154 2632 216 2691 que
237 2612 310 2674 illud
325 2614 540 2685 omittendum,
567 2614 616 2675 uhi
634 2613 767 2673 Ecclesia
784 2613 983 2675 Alexandrina
1007 2631 1023 2673 a
1047 2612 1115 2671 Dio-

154 2712 245 2757 scoro
268 2695 439 2755 miserrime
453 2696 491 2754 ab
507 2695 641 2756 Ecclesia
663 2694 798 2755 Romana
822 2696 915 2756 divisa
938 2701 1003 2761 est,
1036 2694 1113 2770 apud

155 2776 252 2856 hujus
273 2783 435 2836 sectatores
457 2794 565 2835 noram
589 2776 756 2837 obtinuisse
772 2777 937 2853 liturgiam
962 2777 998 2834 ah
1011 2793 1046 2835 eo
1061 2793 1113 2850 ap-

156 2860 313 2935 pellatam.
338 2857 536 2919 Praenotatur
562 2856 726 2937 Anophoru
761 2857 866 2918 Sancti
889 2855 1029 2917 Dioscori
1062 2857 1112 2915 ‚lr-

105 2955 113 2963 ‘
156 2939 334 3018 chicpt'scopi
356 2938 577 2999 Alcmondrr'oc.

534 3097 662 3162 orror
686 3100 739 3160 ιν.
824 3082 827 3087 “

297 3280 340 3324 DE
363 3279 512 3323 Llrultels
535 3280 561 3324 S·
586 3280 712 3326 tonellis
734 3278 966 3324 cnnrsosaolll.

195 3423 219 3484 l.
243 3423 274 3484 S.
291 3426 416 3485 loannes
431 3424 666 3505 chrysostomus
689 3424 866 3485 CPolitanus
890 3426 1022 3484 Antiates
1053 3424 1107 3484 Be·

155 3506 210 3565 silii
234 3506 400 3584 liturgiam
425 3524 528 3567 rursus
559 3508 691 3567 breviori
716 3508 857 3568 methodo
883 3506 1052 3572 contraxit,
1076 3511 1109 3567 ot

158 3588 274 3664 reliquo
289 3588 362 3647 anni·
374 3594 509 3667 tempore
524 3585 630 3649 Gracci
649 3592 783 3649 utuntur.
802 3585 887 3648 Hanc
904 3582 1108 3665 Chry‘sostomi
