2517 4059
466 211 693 286 mili&

103 340 182 400 ribus
205 338 352 399 iniciatus
371 338 570 401 adminiculis.
603 340 664 401 lieo
686 340 764 419 Papa
788 340 819 402 X
847 343 882 401 in
904 358 959 403 ane
984 342 1058 405 Can·

102 422 279 488 stitutione,
317 438 393 497 paee
415 430 457 479 est
487 426 522 481 in
544 422 648 483 ordine
671 423 801 483 secundo
832 424 866 481 in
888 420 1057 503 Appendice

105 500 184 561 Tanti
206 505 291 562 tertii
314 500 450 561 Bnuerii
469 507 577 564 ceteris
599 504 720 571 refert,
751 505 829 581 ntrod
861 506 890 564 in
916 504 1057 567 Historiis

101 585 279 661 legebatur,
303 583 446 643 Sanctum
469 584 660 646 Dominicum
684 586 712 643 in
734 586 863 648 Ciuitate
885 584 1054 648 Coloniensi

102 664 390 741 Consroternitetorn
413 667 570 741 utriusque
592 686 681 727 sexus
703 664 949 729 christifidelium
973 668 1056 730 insti·

99 749 189 807 tuisse
212 754 415 822 nuncupatam
447 748 483 810 de
505 746 631 807 Resario
653 749 762 811 Beatce
787 748 900 808 Mariae
923 748 1057 827 Virginis

97 830 132 888 ad
155 829 306 888 horrerem
330 826 492 904 Angelicae
517 830 725 894 salutationis,
756 830 834 890 trude
864 832 1056 891 doctissimus

99 907 131 972 P.
154 909 351 969 Mabitienins
374 910 413 993 in⁸
427 910 614 988 t'rocsotions
637 910 849 971 adserentem
883 909 1056 972 turniac-

98 994 213 1051 ctinrtm
237 1008 278 1050 stc
293 990 421 1070 quotiens
446 991 592 1053 Chronico
607 993 733 1053 Sanctae
749 991 869 1071 ,ignitis
892 1008 976 1052 num.
996 990 1056 1051 tuti

97 1071 171 1132 irasc
196 1072 313 1131 habet:
349 1074 497 1132 institutio
519 1076 619 1151 itaqua
645 1073 910 1151 confraternitatis
932 1072 1057 1133 Rescrii

97 1172 173 1213 enno
193 1152 280 1213 1475
293 1154 376 1230 secte
391 1163 432 1211 est
453 1153 488 1213 in
501 1155 584 1213 olore
604 1152 800 1215 Universitate
819 1154 988 1217 Coloniensi
999 1172 1056 1232 por

95 1233 239 1295 Doctores
262 1235 375 1295 Sacros
394 1233 526 1312 Papiriae
551 1232 796 1296 Praedicotcram
825 1233 961 1295 Ordinis.
986 1234 1057 1297 Post

97 1317 211 1377 ebitum
236 1333 358 1393 qrroqnc
373 1315 470 1375 Sancti
490 1316 634 1378 ltominici
658 1316 843 1377 Sanctissimi
867 1315 983 1377 Rosarii
1004 1318 1056 1378 dc-

97 1400 176 1459 votio
200 1401 231 1457 in
249 1398 390 1457 universo
405 1395 519 1458 Ordine
535 1398 730 1459 Dominicano
747 1405 908 1475 propagata
925 1404 981 1477 cst²
1007 1416 1055 1463 vce

96 1479 148 1540 iuti
171 1483 298 1552 antinus
322 1478 524 1540 Historiarum
552 1486 747 1541 monumenta
774 1482 905 1557 produnt
936 1480 1055 1542 erudite

96 1562 220 1621 collecta
246 1560 335 1620 Tem.
359 1558 372 1620 1
394 1559 580 1636 Scriptorum
603 1562 723 1623 Ordinis
745 1558 987 1620 Praedicatorum
1011 1562 1055 1620 in·

95 1642 202 1704 rheate
226 1661 246 1703 a
267 1641 301 1701 Ρ.
316 1641 422 1700 iacebo
443 1641 556 1715 Ouetii,
580 1650 612 1705 et
631 1643 769 1703 absctnte
792 1660 807 1701 a
832 1641 924 1702 tratre
947 1642 1056 1703 iacebo

95 1719 214 1785 Echard
239 1741 309 1801 pag.
333 1721 396 1783 852
417 1730 507 1799 atquc
529 1726 620 1784 etiam
644 1727 672 1783 in
696 1721 832 1784 fflstorio
847 1723 1056 1783 Ecclesiastico

55 1830 59 1837 ·
95 1801 1053 1884 PlacentincPelriCampiichgsstoPriailepicrnmnnm.108

94 1902 161 1964 pag.
187 1885 252 1947 tud
274 1890 348 1946 tem.
373 1884 393 1943 2
416 1891 543 1962 prostrat
577 1886 664 1948 Bulla
687 1884 847 1945 Alexandri
871 1884 913 1946 tv
937 1885 1054 1945 Summi

95 1962 251 2029 Pontificis
273 1967 411 2041 expedita
433 1986 511 2027 anno
527 1966 606 2027 tuat
629 1976 660 2029 ct
677 1969 787 2026 idcirce
803 1973 916 2027 tantum
934 1968 1054 2042 triginta

96 2043 226 2121 quatuor
245 2050 333 2117 antris
356 2050 549 2123 pestebitum
573 2049 671 2109 Sancti
697 2046 855 2116 Dominici,
881 2050 908 2107 in
924 2066 983 2124 qtra
1005 2047 1055 2109 ln·

97 2128 282 2208 dulgentiam
305 2130 452 2206 elargitur
467 2129 712 2191 Ceniraternitati
729 2130 913 2190 Sanctissimi
937 2128 1054 2191 itesarii

94 2221 214 2273 erectae
232 2215 262 2272 in
278 2209 412 2271 Ecclesia
428 2208 568 2271 Fratrum
581 2211 824 2272 Praedicaternm
837 2211 974 2273 Civitatis
989 2212 1054 2272 Pia-

95 2297 245 2354 cenlinac.
273 2293 379 2369 ltaque
396 2310 453 2351 non
465 2292 540 2351 alius
554 2300 645 2369 quani
662 2292 692 2353 S.
709 2292 895 2357 Dumnacus,
921 2310 976 2370 pro
991 2310 1054 2369 quo

94 2378 264 2437 communis
287 2373 434 2433 sententia
455 2382 578 2451 pugnat,
603 2375 779 2435 statuendus
795 2381 841 2433 est
864 2376 939 2433 ritus
957 2376 1050 2434 nostri

93 2463 210 2520 auctor.
236 2455 275 2515 Iit
296 2455 417 2531 quidem
441 2453 540 2517 Sancti
558 2454 649 2533 hujus
665 2456 722 2514 viti
746 2473 803 2515 non
820 2455 954 2531 vulgaris
975 2456 1052 2514 exti-

95 2538 128 2595 tit
143 2540 171 2597 in
188 2539 350 2614 Deiparam
367 2537 472 2613 pietas,
496 2538 754 2614 qrtemadmcdum
768 2535 898 2594 maxima
915 2534 971 2595 init
987 2534 1052 2595 ltet-

94 2634 181 2692 parae
205 2622 234 2678 in
257 2636 349 2686 eum,
374 2615 499 2694 ejusque
519 2617 664 2678 Ordinem
695 2618 923 2685 benevolentias
949 2614 1049 2691 hanc,

94 2704 127 2758 ut
146 2702 205 2761 alia
224 2700 422 2777 praeteream,
446 2700 576 2759 ostendit
599 2698 808 2759 indumentum
831 2698 928 2771 ipsum
945 2715 1051 2761 sacrae

94 2776 184 2857 hujus
210 2782 361 2850 familiae,
385 2779 463 2856 quod
487 2781 605 2839 vivente
627 2778 728 2838 adhuc
752 2778 931 2852 ltominico,
960 2786 990 2839 et
1012 2779 1047 2841 B.

94 2858 249 2941 Virginem
266 2870 419 2929 exorante,
444 2859 832 2937 Reginaldednrctianerrsi
851 2857 980 2927 Derane,
1005 2867 1051 2922 to·

95 2942 175 3018 tique
197 2944 302 3005 Ordini
325 2963 342 3004 e
364 2944 448 3003 coelo
470 2943 616 3012 attulisse,
641 2948 759 3001 veteres
774 2940 895 2999 Ordinis
917 2940 1048 3016 Scripto-

95 3041 143 3082 res
165 3027 330 3086 memoriae
353 3025 570 3101 prodiderunt,
594 3024 726 3083 maxime
752 3020 925 3083 Vincentius
947 3022 1045 3083 Bello·

94 3111 251 3177 racemis,
274 3114 305 3166 ct
326 3106 468 3165 Nicotaus
489 3102 630 3166 Trivetus
653 3107 681 3163 iu
704 3102 931 3165 acccuratissime
954 3104 1051 3165 Cirra-

94 3188 158 3247 nicc
179 3191 217 3248 ad
240 3208 350 3248 annum
375 3186 465 3246 1217.
491 3185 612 3247 Praeter
635 3184 722 3256 haec,
748 3186 804 3246 alia
827 3202 884 3245 non
907 3184 1052 3246 deficiunt

4 3263 5 3280 ¹
94 3276 307 3335 menunrenta,
330 3286 409 3345 quas
430 3268 505 3328 adeo
527 3269 663 3335 suadent,
689 3269 904 3328 institutionem
928 3264 1072 3325 Resarii'

95 3366 157 3411 csse
179 3353 215 3411 ad
236 3350 269 3411 S.
294 3350 510 3413 nemincum.
540 3355 694 3427 tamqnam
728 3357 881 3409 auctorem
915 3348 1048 3408 releren-

95 3430 174 3502 dam,
200 3439 233 3494 nt
247 3432 361 3509 rigidus
383 3448 488 3490 censor
504 3428 610 3492 Bailiet
633 3430 669 3489 ad
685 3432 765 3492 diem
790 3430 829 3491 15
845 3430 973 3506 Augusti
995 3425 1050 3492 §ii

96 3529 176 3573 num.
193 3513 233 3574 33
255 3516 381 3592 ingenue
402 3513 522 3579 dixerit,
548 3511 690 3589 injustum
713 3511 948 3588 esse·rciragari
972 3510 1051 3571 insti·

96 3596 201 3656 talioni
223 3596 339 3656 Rosarii
362 3612 378 3654 a
402 3592 511 3655 Sancto
532 3594 690 3654 Dominico
711 3594 820 3653 iactae.
845 3592 961 3666 Quibus
983 3610 1048 3653 em·
