<?xml version="1.0" encoding="UTF-8"?>
<!DOCTYPE html PUBLIC "-//W3C//DTD XHTML 1.0 Transitional//EN"
    "http://www.w3.org/TR/xhtml1/DTD/xhtml1-transitional.dtd">
<html xmlns="http://www.w3.org/1999/xhtml" xml:lang="en" lang="en">
 <head>
  <title>
</title>
<meta http-equiv="Content-Type" content="text/html;charset=utf-8" />
  <meta name='ocr-system' content='tesseract 3.04.00' />
  <meta name='ocr-capabilities' content='ocr_page ocr_carea ocr_par ocr_line ocrx_word'/>
</head>
<body>
  <div class='ocr_page' id='page_1' title='image "./institutionesli00marigoog_0459.png"; bbox 0 0 2517 4059; ppageno 0'>
   <div class='ocr_carea' id='block_1_1' title="bbox 8 209 1053 418">
    <p class='ocr_par' dir='ltr' id='par_1_1' title="bbox 8 209 1053 418">
     <span class='ocr_line' id='line_1_1' title="bbox 467 209 694 283; baseline -0.004 0"><span class='ocrx_word' id='word_1_1' title='bbox 467 217 529 283; x_wconf 52' lang='grc' dir='ltr'><strong>ἣ</strong></span> <span class='ocrx_word' id='word_1_2' title='bbox 550 209 610 274; x_wconf 78' lang='lat' dir='ltr'><strong>itt</strong></span> <span class='ocrx_word' id='word_1_3' title='bbox 630 217 694 282; x_wconf 53' lang='lat' dir='ltr'><strong>st·</strong></span> 
     </span>
     <span class='ocr_line' id='line_1_2' title="bbox 8 335 1053 418; baseline 0 -20"><span class='ocrx_word' id='word_1_4' title='bbox 8 379 9 398; x_wconf 58' lang='lat'>2</span> <span class='ocrx_word' id='word_1_5' title='bbox 95 348 157 400; x_wconf 83' lang='lat' dir='ltr'><strong>ator</strong></span> <span class='ocrx_word' id='word_1_6' title='bbox 178 338 272 398; x_wconf 81' lang='lat' dir='ltr'><strong>notis.</strong></span> <span class='ocrx_word' id='word_1_7' title='bbox 297 335 373 398; x_wconf 89' lang='lat' dir='ltr'><strong>ltem</strong></span> <span class='ocrx_word' id='word_1_8' title='bbox 395 355 433 398; x_wconf 84' lang='lat' dir='ltr'><strong>ex</strong></span> <span class='ocrx_word' id='word_1_9' title='bbox 448 335 524 401; x_wconf 87' lang='lat' dir='ltr'><strong>Divo</strong></span> <span class='ocrx_word' id='word_1_10' title='bbox 538 339 655 401; x_wconf 86' lang='lat' dir='ltr'><strong>Thema</strong></span> <span class='ocrx_word' id='word_1_11' title='bbox 669 339 823 418; x_wconf 90' lang='lat' dir='ltr'><strong>Opusculo</strong></span> <span class='ocrx_word' id='word_1_12' title='bbox 838 336 879 397; x_wconf 84' lang='grc'><strong>66</strong></span> <span class='ocrx_word' id='word_1_13' title='bbox 894 353 948 413; x_wconf 91' lang='lat' dir='ltr'><strong>per</strong></span> <span class='ocrx_word' id='word_1_14' title='bbox 962 335 1053 398; x_wconf 88' lang='lat' dir='ltr'><strong>verba</strong></span> 
     </span>
    </p>
   </div>
   <div class='ocr_carea' id='block_1_2' title="bbox 8 418 1051 499">
    <p class='ocr_par' dir='ltr' id='par_1_2' title="bbox 8 418 1051 499">
     <span class='ocr_line' id='line_1_3' title="bbox 8 418 1051 499; baseline -0.002 -18"><span class='ocrx_word' id='word_1_15' title='bbox 8 419 13 481; x_wconf 64' lang='lat' dir='ltr'><strong>r</strong></span> <span class='ocrx_word' id='word_1_16' title='bbox 98 420 145 482; x_wconf 88' lang='lat' dir='ltr'><strong>itia</strong></span> <span class='ocrx_word' id='word_1_17' title='bbox 167 418 397 481; x_wconf 88' lang='lat' dir='ltr'><strong>commendetur</strong></span> <span class='ocrx_word' id='word_1_18' title='bbox 419 419 547 482; x_wconf 82' lang='lat' dir='ltr'>Persona</span> <span class='ocrx_word' id='word_1_19' title='bbox 569 419 638 482; x_wconf 82' lang='lat' dir='ltr'><strong>Filii</strong></span> <span class='ocrx_word' id='word_1_20' title='bbox 669 439 725 499; x_wconf 89' lang='lat' dir='ltr'><strong>per</strong></span> <span class='ocrx_word' id='word_1_21' title='bbox 746 420 943 497; x_wconf 80' lang='lat' dir='ltr'><strong>multiplicem</strong></span> <span class='ocrx_word' id='word_1_22' title='bbox 967 422 1051 495; x_wconf 88' lang='lat' dir='ltr'><strong>pote·</strong></span> 
     </span>
    </p>
   </div>
   <div class='ocr_carea' id='block_1_3' title="bbox 96 500 1053 581">
    <p class='ocr_par' dir='ltr' id='par_1_3' title="bbox 96 500 1053 581">
     <span class='ocr_line' id='line_1_4' title="bbox 96 500 1053 581; baseline -0.002 -17"><span class='ocrx_word' id='word_1_23' title='bbox 96 508 218 569; x_wconf 81' lang='lat' dir='ltr'><strong>statem,</strong></span> <span class='ocrx_word' id='word_1_24' title='bbox 242 500 425 562; x_wconf 87' lang='lat' dir='ltr'><strong>ostendendo</strong></span> <span class='ocrx_word' id='word_1_25' title='bbox 447 519 517 564; x_wconf 88' lang='lat' dir='ltr'><strong>eum</strong></span> <span class='ocrx_word' id='word_1_26' title='bbox 533 519 598 564; x_wconf 90' lang='lat' dir='ltr'><strong>esse</strong></span> <span class='ocrx_word' id='word_1_27' title='bbox 619 505 718 581; x_wconf 90' lang='lat' dir='ltr'><strong>primo</strong></span> <span class='ocrx_word' id='word_1_28' title='bbox 732 501 831 563; x_wconf 88' lang='lat' dir='ltr'><strong>Deum</strong></span> <span class='ocrx_word' id='word_1_29' title='bbox 854 506 992 570; x_wconf 87' lang='lat' dir='ltr'><strong>naturae,</strong></span> <span class='ocrx_word' id='word_1_30' title='bbox 1009 517 1053 562; x_wconf 88' lang='lat' dir='ltr'><strong>se·</strong></span> 
     </span>
    </p>
   </div>
   <div class='ocr_carea' id='block_1_4' title="bbox 7 579 1054 659">
    <p class='ocr_par' dir='ltr' id='par_1_4' title="bbox 7 579 1054 659">
     <span class='ocr_line' id='line_1_5' title="bbox 7 579 1054 659; baseline -0.001 -15"><span class='ocrx_word' id='word_1_31' title='bbox 7 594 8 598; x_wconf 76' lang='grc'>’</span> <span class='ocrx_word' id='word_1_32' title='bbox 95 585 194 646; x_wconf 88' lang='lat' dir='ltr'><strong>cundo</strong></span> <span class='ocrx_word' id='word_1_33' title='bbox 217 579 315 644; x_wconf 89' lang='lat' dir='ltr'><strong>Deum</strong></span> <span class='ocrx_word' id='word_1_34' title='bbox 338 583 468 653; x_wconf 83' lang='lat' dir='ltr'><strong>veniae,</strong></span> <span class='ocrx_word' id='word_1_35' title='bbox 492 585 583 646; x_wconf 90' lang='lat' dir='ltr'><strong>tertio</strong></span> <span class='ocrx_word' id='word_1_36' title='bbox 604 584 718 645; x_wconf 90' lang='lat' dir='ltr'><strong>iontem</strong></span> <span class='ocrx_word' id='word_1_37' title='bbox 742 584 845 651; x_wconf 89' lang='lat' dir='ltr'><strong>ritae,</strong></span> <span class='ocrx_word' id='word_1_38' title='bbox 870 589 978 659; x_wconf 89' lang='lat' dir='ltr'><strong>quarto</strong></span> <span class='ocrx_word' id='word_1_39' title='bbox 999 581 1054 643; x_wconf 80' lang='lat' dir='ltr'><strong>ue-</strong></span> 
     </span>
    </p>
   </div>
   <div class='ocr_carea' id='block_1_5' title="bbox 90 665 1056 1070">
    <p class='ocr_par' dir='ltr' id='par_1_5' title="bbox 94 665 309 743">
     <span class='ocr_line' id='line_1_6' title="bbox 94 665 309 743; baseline -0.033 -17"><span class='ocrx_word' id='word_1_40' title='bbox 94 683 163 743; x_wconf 83' lang='lat' dir='ltr'><strong>gem</strong></span> <span class='ocrx_word' id='word_1_41' title='bbox 186 665 309 742; x_wconf 77' lang='lat' dir='ltr'><strong>gloriae.</strong></span> 
     </span>
    </p>

    <p class='ocr_par' dir='ltr' id='par_1_6' title="bbox 90 745 1056 1070">
     <span class='ocr_line' id='line_1_7' title="bbox 136 745 1053 826; baseline -0.003 -20"><span class='ocrx_word' id='word_1_42' title='bbox 136 746 194 807; x_wconf 87' lang='lat'><strong>111.</strong></span> <span class='ocrx_word' id='word_1_43' title='bbox 217 745 364 806; x_wconf 80' lang='lat' dir='ltr'><strong>Sacerdos</strong></span> <span class='ocrx_word' id='word_1_44' title='bbox 387 746 459 807; x_wconf 90' lang='lat' dir='ltr'><strong>dum</strong></span> <span class='ocrx_word' id='word_1_45' title='bbox 482 746 555 807; x_wconf 89' lang='lat' dir='ltr'><strong>dicit</strong></span> <span class='ocrx_word' id='word_1_46' title='bbox 577 746 766 826; x_wconf 77' lang='lat' dir='ltr'><strong>sanctificos,</strong></span> <span class='ocrx_word' id='word_1_47' title='bbox 792 746 947 825; x_wconf 75' lang='lat' dir='ltr'><strong>vivificos,</strong></span> <span class='ocrx_word' id='word_1_48' title='bbox 969 745 1053 804; x_wconf 75' lang='lat' dir='ltr'><strong>tene·</strong></span> 
     </span>
     <span class='ocr_line' id='line_1_8' title="bbox 94 826 1055 905; baseline 0 -19"><span class='ocrx_word' id='word_1_49' title='bbox 94 827 192 897; x_wconf 83' lang='lat' dir='ltr'><strong>dicia,</strong></span> <span class='ocrx_word' id='word_1_50' title='bbox 217 838 244 889; x_wconf 86' lang='lat' dir='ltr'><strong>ct</strong></span> <span class='ocrx_word' id='word_1_51' title='bbox 262 837 398 905; x_wconf 80' lang='lat' dir='ltr'><strong>praestas</strong></span> <span class='ocrx_word' id='word_1_52' title='bbox 420 828 522 898; x_wconf 76' lang='lat' dir='ltr'><strong>achia,</strong></span> <span class='ocrx_word' id='word_1_53' title='bbox 548 830 604 890; x_wconf 86' lang='lat' dir='ltr'><strong>tria</strong></span> <span class='ocrx_word' id='word_1_54' title='bbox 627 826 731 890; x_wconf 88' lang='lat' dir='ltr'><strong>Crucis</strong></span> <span class='ocrx_word' id='word_1_55' title='bbox 753 829 837 905; x_wconf 77' lang='lat' dir='ltr'><strong>signa</strong></span> <span class='ocrx_word' id='word_1_56' title='bbox 859 827 943 887; x_wconf 91' lang='lat' dir='ltr'><strong>ducit</strong></span> <span class='ocrx_word' id='word_1_57' title='bbox 962 842 1055 903; x_wconf 89' lang='lat' dir='ltr'><strong>super</strong></span> 
     </span>
     <span class='ocr_line' id='line_1_9' title="bbox 95 905 1053 986; baseline -0.004 -16"><span class='ocrx_word' id='word_1_58' title='bbox 95 909 237 970; x_wconf 86' lang='lat' dir='ltr'><strong>Hostium</strong></span> <span class='ocrx_word' id='word_1_59' title='bbox 259 915 289 970; x_wconf 89' lang='lat' dir='ltr'><strong>ot</strong></span> <span class='ocrx_word' id='word_1_60' title='bbox 311 906 453 970; x_wconf 81' lang='lat' dir='ltr'><strong>Calicem.</strong></span> <span class='ocrx_word' id='word_1_61' title='bbox 470 907 556 971; x_wconf 87' lang='lat' dir='ltr'><strong>Haec</strong></span> <span class='ocrx_word' id='word_1_62' title='bbox 578 911 636 971; x_wconf 89' lang='lat' dir='ltr'><strong>tria</strong></span> <span class='ocrx_word' id='word_1_63' title='bbox 649 908 753 972; x_wconf 88' lang='lat' dir='ltr'><strong>Crucis</strong></span> <span class='ocrx_word' id='word_1_64' title='bbox 776 911 859 985; x_wconf 77' lang='lat' dir='ltr'><strong>sigua</strong></span> <span class='ocrx_word' id='word_1_65' title='bbox 880 907 965 986; x_wconf 80' lang='lat' dir='ltr'><strong>juxta</strong></span> <span class='ocrx_word' id='word_1_66' title='bbox 979 905 1053 966; x_wconf 88' lang='lat' dir='ltr'><strong>San·</strong></span> 
     </span>
     <span class='ocr_line' id='line_1_10' title="bbox 90 985 1056 1070; baseline -0.002 -19"><span class='ocrx_word' id='word_1_67' title='bbox 90 999 180 1054; x_wconf 89' lang='lat' dir='ltr'><strong>ctum</strong></span> <span class='ocrx_word' id='word_1_68' title='bbox 195 991 346 1054; x_wconf 89' lang='lat' dir='ltr'><strong>Thomam</strong></span> <span class='ocrx_word' id='word_1_69' title='bbox 367 991 523 1070; x_wconf 80' lang='lat' dir='ltr'><strong>designant</strong></span> <span class='ocrx_word' id='word_1_70' title='bbox 544 997 606 1052; x_wconf 90' lang='lat' dir='ltr'><strong>tres</strong></span> <span class='ocrx_word' id='word_1_71' title='bbox 628 992 695 1051; x_wconf 85' lang='lat' dir='ltr'><strong>ittae</strong></span> <span class='ocrx_word' id='word_1_72' title='bbox 709 989 873 1054; x_wconf 75' lang='lat' dir='ltr'><strong>Orationes</strong></span> <span class='ocrx_word' id='word_1_73' title='bbox 889 988 957 1050; x_wconf 89' lang='lat' dir='ltr'><strong>iesu</strong></span> <span class='ocrx_word' id='word_1_74' title='bbox 971 985 1056 1051; x_wconf 88' lang='lat' dir='ltr'><strong>Chri·</strong></span> 
     </span>
    </p>
   </div>
   <div class='ocr_carea' id='block_1_6' title="bbox 5 1072 1056 1396">
    <p class='ocr_par' dir='ltr' id='par_1_7' title="bbox 5 1072 1056 1396">
     <span class='ocr_line' id='line_1_11' title="bbox 5 1072 1055 1151; baseline -0.003 -17"><span class='ocrx_word' id='word_1_75' title='bbox 5 1127 6 1146; x_wconf 41' lang='lat'>2</span> <span class='ocrx_word' id='word_1_76' title='bbox 97 1074 136 1134; x_wconf 92' lang='lat' dir='ltr'><strong>sti</strong></span> <span class='ocrx_word' id='word_1_77' title='bbox 159 1075 188 1134; x_wconf 94' lang='lat' dir='ltr'><strong>in</strong></span> <span class='ocrx_word' id='word_1_78' title='bbox 203 1072 313 1142; x_wconf 84' lang='lat' dir='ltr'><strong>Cruce,</strong></span> <span class='ocrx_word' id='word_1_79' title='bbox 338 1089 467 1148; x_wconf 87' lang='lat' dir='ltr'><strong>quarum</strong></span> <span class='ocrx_word' id='word_1_80' title='bbox 490 1073 585 1151; x_wconf 88' lang='lat' dir='ltr'><strong>prima</strong></span> <span class='ocrx_word' id='word_1_81' title='bbox 608 1078 655 1133; x_wconf 91' lang='lat' dir='ltr'><strong>est</strong></span> <span class='ocrx_word' id='word_1_82' title='bbox 676 1089 746 1134; x_wconf 88' lang='lat' dir='ltr'><strong>cunr</strong></span> <span class='ocrx_word' id='word_1_83' title='bbox 761 1073 861 1132; x_wconf 85' lang='lat' dir='ltr'><strong>orauit</strong></span> <span class='ocrx_word' id='word_1_84' title='bbox 881 1087 938 1148; x_wconf 89' lang='lat' dir='ltr'><strong>pro</strong></span> <span class='ocrx_word' id='word_1_85' title='bbox 953 1087 1055 1148; x_wconf 88' lang='lat' dir='ltr'><strong>perse·</strong></span> 
     </span>
     <span class='ocr_line' id='line_1_12' title="bbox 5 1150 1056 1233; baseline -0.005 -16"><span class='ocrx_word' id='word_1_86' title='bbox 5 1150 6 1178; x_wconf 63' lang='lat'>¹</span> <span class='ocrx_word' id='word_1_87' title='bbox 93 1155 295 1232; x_wconf 87' lang='lat' dir='ltr'><strong>quutorihus:</strong></span> <span class='ocrx_word' id='word_1_88' title='bbox 319 1151 412 1214; x_wconf 83' lang='lat' dir='ltr'><strong>Pater</strong></span> <span class='ocrx_word' id='word_1_89' title='bbox 425 1154 543 1233; x_wconf 73' lang='lat' dir='ltr'><strong>ipooaoc</strong></span> <span class='ocrx_word' id='word_1_90' title='bbox 556 1154 637 1214; x_wconf 81' lang='lat' dir='ltr'><strong>titia:</strong></span> <span class='ocrx_word' id='word_1_91' title='bbox 659 1155 753 1214; x_wconf 85' lang='lat' dir='ltr'><strong>attera</strong></span> <span class='ocrx_word' id='word_1_92' title='bbox 774 1170 845 1212; x_wconf 91' lang='lat' dir='ltr'><strong>cum</strong></span> <span class='ocrx_word' id='word_1_93' title='bbox 860 1153 954 1212; x_wconf 82' lang='lat' dir='ltr'><strong>dixit:</strong></span> <span class='ocrx_word' id='word_1_94' title='bbox 971 1150 1056 1213; x_wconf 78' lang='lat' dir='ltr'><strong>Deos</strong></span> 
     </span>
     <span class='ocr_line' id='line_1_13' title="bbox 6 1232 1053 1315; baseline -0.002 -19"><span class='ocrx_word' id='word_1_95' title='bbox 6 1245 7 1290; x_wconf 64' lang='lat' dir='ltr'><strong>i</strong></span> <span class='ocrx_word' id='word_1_96' title='bbox 94 1254 186 1306; x_wconf 82' lang='lat' dir='ltr'><strong>meuc,</strong></span> <span class='ocrx_word' id='word_1_97' title='bbox 209 1235 290 1297; x_wconf 80' lang='lat' dir='ltr'><strong>Deus</strong></span> <span class='ocrx_word' id='word_1_98' title='bbox 310 1253 393 1296; x_wconf 82' lang='lat' dir='ltr'><strong>meua</strong></span> <span class='ocrx_word' id='word_1_99' title='bbox 412 1244 449 1296; x_wconf 76' lang='lat' dir='ltr'><strong>et</strong></span> <span class='ocrx_word' id='word_1_100' title='bbox 471 1233 546 1314; x_wconf 82' lang='lat' dir='ltr'><strong>quid</strong></span> <span class='ocrx_word' id='word_1_101' title='bbox 568 1234 758 1315; x_wconf 78' lang='lat' dir='ltr'><strong>deretiquirti</strong></span> <span class='ocrx_word' id='word_1_102' title='bbox 778 1232 848 1294; x_wconf 81' lang='lat' dir='ltr'><strong>ms?</strong></span> <span class='ocrx_word' id='word_1_103' title='bbox 871 1235 960 1295; x_wconf 88' lang='lat' dir='ltr'><strong>tertia</strong></span> <span class='ocrx_word' id='word_1_104' title='bbox 980 1249 1053 1294; x_wconf 88' lang='lat' dir='ltr'><strong>curn</strong></span> 
     </span>
     <span class='ocr_line' id='line_1_14' title="bbox 6 1313 1053 1396; baseline -0.005 -15"><span class='ocrx_word' id='word_1_105' title='bbox 6 1325 10 1392; x_wconf 63' lang='lat'>;</span> <span class='ocrx_word' id='word_1_106' title='bbox 91 1319 157 1380; x_wconf 79' lang='lat' dir='ltr'><strong>cit:</strong></span> <span class='ocrx_word' id='word_1_107' title='bbox 182 1317 275 1380; x_wconf 83' lang='lat' dir='ltr'><strong>Pater</strong></span> <span class='ocrx_word' id='word_1_108' title='bbox 297 1317 330 1375; x_wconf 84' lang='lat' dir='ltr'><strong>in</strong></span> <span class='ocrx_word' id='word_1_109' title='bbox 352 1333 459 1378; x_wconf 79' lang='lat' dir='ltr'><strong>morsus</strong></span> <span class='ocrx_word' id='word_1_110' title='bbox 482 1326 551 1376; x_wconf 83' lang='lat' dir='ltr'><strong>tuor</strong></span> <span class='ocrx_word' id='word_1_111' title='bbox 572 1316 741 1376; x_wconf 79' lang='lat' dir='ltr'><strong>commendo</strong></span> <span class='ocrx_word' id='word_1_112' title='bbox 765 1313 915 1396; x_wconf 82' lang='lat' dir='ltr'><strong>Spiritum</strong></span> <span class='ocrx_word' id='word_1_113' title='bbox 942 1330 1053 1377; x_wconf 80' lang='lat' dir='ltr'><strong>mecm.</strong></span> 
     </span>
    </p>
   </div>
   <div class='ocr_carea' id='block_1_7' title="bbox 94 1395 1056 1722">
    <p class='ocr_par' dir='ltr' id='par_1_8' title="bbox 94 1395 1056 1722">
     <span class='ocr_line' id='line_1_15' title="bbox 94 1395 1056 1476; baseline -0.003 -17"><span class='ocrx_word' id='word_1_114' title='bbox 94 1398 167 1460; x_wconf 88' lang='lat' dir='ltr'><strong>Tria</strong></span> <span class='ocrx_word' id='word_1_115' title='bbox 188 1399 295 1462; x_wconf 82' lang='lat' dir='ltr'><strong>Crucis</strong></span> <span class='ocrx_word' id='word_1_116' title='bbox 316 1399 399 1476; x_wconf 83' lang='lat' dir='ltr'><strong>signa</strong></span> <span class='ocrx_word' id='word_1_117' title='bbox 420 1397 511 1460; x_wconf 89' lang='lat' dir='ltr'><strong>ducta</strong></span> <span class='ocrx_word' id='word_1_118' title='bbox 539 1397 577 1458; x_wconf 88' lang='lat' dir='ltr'><strong>ab</strong></span> <span class='ocrx_word' id='word_1_119' title='bbox 600 1417 660 1460; x_wconf 93' lang='lat' dir='ltr'><strong>una</strong></span> <span class='ocrx_word' id='word_1_120' title='bbox 681 1399 719 1459; x_wconf 89' lang='lat' dir='ltr'><strong>ad</strong></span> <span class='ocrx_word' id='word_1_121' title='bbox 740 1399 868 1459; x_wconf 88' lang='lat' dir='ltr'><strong>aiteram</strong></span> <span class='ocrx_word' id='word_1_122' title='bbox 892 1415 977 1459; x_wconf 89' lang='lat' dir='ltr'><strong>oram</strong></span> <span class='ocrx_word' id='word_1_123' title='bbox 998 1395 1056 1458; x_wconf 86' lang='lat' dir='ltr'><strong>Ca-</strong></span> 
     </span>
     <span class='ocr_line' id='line_1_16' title="bbox 95 1478 1056 1560; baseline -0.006 -18"><span class='ocrx_word' id='word_1_124' title='bbox 95 1481 161 1542; x_wconf 88' lang='lat' dir='ltr'><strong>licis</strong></span> <span class='ocrx_word' id='word_1_125' title='bbox 183 1481 221 1541; x_wconf 94' lang='lat' dir='ltr'><strong>ad</strong></span> <span class='ocrx_word' id='word_1_126' title='bbox 244 1478 338 1541; x_wconf 84' lang='lat' dir='ltr'><strong>verba</strong></span> <span class='ocrx_word' id='word_1_127' title='bbox 355 1497 414 1560; x_wconf 82' lang='lat' dir='ltr'><strong>per</strong></span> <span class='ocrx_word' id='word_1_128' title='bbox 434 1481 553 1559; x_wconf 73' lang='lat' dir='ltr'><strong>ipsum,</strong></span> <span class='ocrx_word' id='word_1_129' title='bbox 577 1493 646 1540; x_wconf 71' lang='lat' dir='ltr'><strong>mm</strong></span> <span class='ocrx_word' id='word_1_130' title='bbox 665 1480 752 1559; x_wconf 78' lang='lat' dir='ltr'><strong>ipso,</strong></span> <span class='ocrx_word' id='word_1_131' title='bbox 777 1488 805 1539; x_wconf 86' lang='lat' dir='ltr'><strong>et</strong></span> <span class='ocrx_word' id='word_1_132' title='bbox 825 1482 860 1538; x_wconf 79' lang='lat' dir='ltr'><strong>in</strong></span> <span class='ocrx_word' id='word_1_133' title='bbox 880 1481 946 1560; x_wconf 81' lang='lat' dir='ltr'><strong>ipso</strong></span> <span class='ocrx_word' id='word_1_134' title='bbox 968 1481 1056 1557; x_wconf 88' lang='lat' dir='ltr'><strong>putat</strong></span> 
     </span>
     <span class='ocr_line' id='line_1_17' title="bbox 97 1559 1056 1639; baseline -0.005 -15"><span class='ocrx_word' id='word_1_135' title='bbox 97 1562 122 1624; x_wconf 82' lang='grc' dir='ltr'>Α</span> <span class='ocrx_word' id='word_1_136' title='bbox 168 1561 263 1624; x_wconf 81' lang='lat' dir='ltr'><strong>olicus</strong></span> <span class='ocrx_word' id='word_1_137' title='bbox 285 1559 454 1638; x_wconf 83' lang='lat' dir='ltr'><strong>significare</strong></span> <span class='ocrx_word' id='word_1_138' title='bbox 477 1567 538 1623; x_wconf 90' lang='lat' dir='ltr'><strong>tres</strong></span> <span class='ocrx_word' id='word_1_139' title='bbox 553 1561 656 1630; x_wconf 86' lang='lat' dir='ltr'><strong>horas,</strong></span> <span class='ocrx_word' id='word_1_140' title='bbox 679 1560 790 1639; x_wconf 87' lang='lat' dir='ltr'><strong>quihus</strong></span> <span class='ocrx_word' id='word_1_141' title='bbox 805 1560 891 1621; x_wconf 87' lang='lat' dir='ltr'><strong>iesus</strong></span> <span class='ocrx_word' id='word_1_142' title='bbox 913 1559 1056 1638; x_wconf 78' lang='lat' dir='ltr'><strong>pependit</strong></span> 
     </span>
     <span class='ocr_line' id='line_1_18' title="bbox 94 1638 1055 1722; baseline 0 -20"><span class='ocrx_word' id='word_1_143' title='bbox 94 1644 125 1704; x_wconf 90' lang='lat' dir='ltr'><strong>in</strong></span> <span class='ocrx_word' id='word_1_144' title='bbox 174 1661 266 1706; x_wconf 88' lang='lat' dir='ltr'><strong>ruce:</strong></span> <span class='ocrx_word' id='word_1_145' title='bbox 290 1642 409 1704; x_wconf 87' lang='lat' dir='ltr'><strong>duohus</strong></span> <span class='ocrx_word' id='word_1_146' title='bbox 431 1647 535 1706; x_wconf 89' lang='lat' dir='ltr'><strong>autem</strong></span> <span class='ocrx_word' id='word_1_147' title='bbox 556 1643 670 1722; x_wconf 80' lang='lat' dir='ltr'><strong>signis,</strong></span> <span class='ocrx_word' id='word_1_148' title='bbox 694 1659 772 1719; x_wconf 85' lang='lat' dir='ltr'><strong>quae</strong></span> <span class='ocrx_word' id='word_1_149' title='bbox 793 1641 870 1703; x_wconf 84' lang='lat' dir='ltr'><strong>finnt</strong></span> <span class='ocrx_word' id='word_1_150' title='bbox 891 1648 976 1703; x_wconf 79' lang='lat' dir='ltr'><strong>extra</strong></span> <span class='ocrx_word' id='word_1_151' title='bbox 998 1638 1055 1702; x_wconf 88' lang='lat' dir='ltr'><strong>Ca·</strong></span> 
     </span>
    </p>
   </div>
   <div class='ocr_carea' id='block_1_8' title="bbox 4 1721 1055 1803">
    <p class='ocr_par' dir='ltr' id='par_1_9' title="bbox 4 1721 1055 1803">
     <span class='ocr_line' id='line_1_19' title="bbox 4 1721 1055 1803; baseline -0.001 -17"><span class='ocrx_word' id='word_1_152' title='bbox 4 1761 5 1764; x_wconf 61' lang='lat'><em>=</em></span> <span class='ocrx_word' id='word_1_153' title='bbox 51 1751 55 1758; x_wconf 93' lang='lat'>·</span> <span class='ocrx_word' id='word_1_154' title='bbox 93 1725 197 1794; x_wconf 78' lang='lat' dir='ltr'><strong>dicem,</strong></span> <span class='ocrx_word' id='word_1_155' title='bbox 222 1726 276 1797; x_wconf 91' lang='lat' dir='ltr'><strong>ait,</strong></span> <span class='ocrx_word' id='word_1_156' title='bbox 300 1725 382 1786; x_wconf 89' lang='lat' dir='ltr'><strong>innui</strong></span> <span class='ocrx_word' id='word_1_157' title='bbox 405 1725 625 1803; x_wconf 74' lang='lat' dir='ltr'><strong>separationem</strong></span> <span class='ocrx_word' id='word_1_158' title='bbox 647 1724 777 1785; x_wconf 79' lang='lat' dir='ltr'><strong>Animae</strong></span> <span class='ocrx_word' id='word_1_159' title='bbox 799 1721 986 1801; x_wconf 83' lang='lat' dir='ltr'><strong>a&#39;Corpore:</strong></span> <span class='ocrx_word' id='word_1_160' title='bbox 1008 1721 1055 1785; x_wconf 81' lang='lat' dir='ltr'><strong>lia</strong></span> 
     </span>
    </p>
   </div>
   <div class='ocr_carea' id='block_1_9' title="bbox 96 1803 1056 1886">
    <p class='ocr_par' dir='ltr' id='par_1_10' title="bbox 96 1803 1056 1886">
     <span class='ocr_line' id='line_1_20' title="bbox 96 1803 1056 1886; baseline -0.002 -20"><span class='ocrx_word' id='word_1_161' title='bbox 96 1808 127 1868; x_wconf 92' lang='lat' dir='ltr'><strong>in</strong></span> <span class='ocrx_word' id='word_1_162' title='bbox 146 1805 172 1866; x_wconf 70' lang='lat' dir='ltr'><strong>S</strong></span> <span class='ocrx_word' id='word_1_163' title='bbox 193 1825 223 1885; x_wconf 90' lang='lat' dir='ltr'><strong>p.</strong></span> <span class='ocrx_word' id='word_1_164' title='bbox 240 1813 360 1886; x_wconf 88' lang='lat' dir='ltr'><strong>quaest.</strong></span> <span class='ocrx_word' id='word_1_165' title='bbox 376 1803 417 1868; x_wconf 85' lang='lat'><strong>83</strong></span> <span class='ocrx_word' id='word_1_166' title='bbox 439 1804 534 1867; x_wconf 76' lang='lat' dir='ltr'><strong>arth</strong></span> <span class='ocrx_word' id='word_1_167' title='bbox 556 1805 593 1866; x_wconf 90' lang='lat' dir='ltr'><strong>ad</strong></span> <span class='ocrx_word' id='word_1_168' title='bbox 610 1803 641 1876; x_wconf 88' lang='grc'><strong>3,</strong></span> <span class='ocrx_word' id='word_1_169' title='bbox 665 1806 717 1867; x_wconf 89' lang='lat' dir='ltr'><strong>ubi</strong></span> <span class='ocrx_word' id='word_1_170' title='bbox 738 1805 830 1866; x_wconf 89' lang='lat' dir='ltr'><strong>etiarn</strong></span> <span class='ocrx_word' id='word_1_171' title='bbox 852 1805 968 1872; x_wconf 80' lang='lat' dir='ltr'><strong>scribit,</strong></span> <span class='ocrx_word' id='word_1_172' title='bbox 985 1803 1056 1864; x_wconf 90' lang='lat' dir='ltr'><strong>bro·</strong></span> 
     </span>
    </p>
   </div>
   <div class='ocr_carea' id='block_1_10' title="bbox 3 1885 1054 1968">
    <p class='ocr_par' dir='ltr' id='par_1_11' title="bbox 3 1885 1054 1968">
     <span class='ocr_line' id='line_1_21' title="bbox 3 1885 1054 1968; baseline 0 -20"><span class='ocrx_word' id='word_1_173' title='bbox 3 1963 4 1968; x_wconf 8' lang='grc' dir='ltr'>ἵ</span> <span class='ocrx_word' id='word_1_174' title='bbox 98 1891 182 1952; x_wconf 83' lang='lat' dir='ltr'><strong>viter</strong></span> <span class='ocrx_word' id='word_1_175' title='bbox 203 1890 259 1949; x_wconf 92' lang='lat' dir='ltr'><strong>dici</strong></span> <span class='ocrx_word' id='word_1_176' title='bbox 283 1905 368 1968; x_wconf 84' lang='lat' dir='ltr'><strong>posse</strong></span> <span class='ocrx_word' id='word_1_177' title='bbox 390 1893 436 1951; x_wconf 91' lang='lat' dir='ltr'><strong>tot</strong></span> <span class='ocrx_word' id='word_1_178' title='bbox 456 1886 561 1949; x_wconf 87' lang='lat' dir='ltr'><strong>Crucis</strong></span> <span class='ocrx_word' id='word_1_179' title='bbox 590 1889 674 1966; x_wconf 80' lang='lat' dir='ltr'><strong>signa</strong></span> <span class='ocrx_word' id='word_1_180' title='bbox 695 1887 878 1958; x_wconf 89' lang='lat' dir='ltr'><strong>ostendere,</strong></span> <span class='ocrx_word' id='word_1_181' title='bbox 902 1905 919 1948; x_wconf 91' lang='lat' dir='ltr'><strong>e</strong></span> <span class='ocrx_word' id='word_1_182' title='bbox 941 1885 1054 1948; x_wconf 83' lang='lat' dir='ltr'><strong>virtute</strong></span> 
     </span>
    </p>
   </div>
   <div class='ocr_carea' id='block_1_11' title="bbox 1 1967 1056 3684">
    <p class='ocr_par' dir='ltr' id='par_1_12' title="bbox 1 1967 1056 3684">
     <span class='ocr_line' id='line_1_22' title="bbox 92 1967 1055 2047; baseline -0.007 -13"><span class='ocrx_word' id='word_1_183' title='bbox 92 1968 201 2034; x_wconf 90' lang='lat' dir='ltr'><strong>Crucis</strong></span> <span class='ocrx_word' id='word_1_184' title='bbox 215 1970 329 2034; x_wconf 82' lang='lat' dir='ltr'><strong>Christi</strong></span> <span class='ocrx_word' id='word_1_185' title='bbox 340 1985 474 2030; x_wconf 72' lang='lat' dir='ltr'><strong>ananam</strong></span> <span class='ocrx_word' id='word_1_186' title='bbox 496 1969 752 2032; x_wconf 89' lang='lat' dir='ltr'><strong>consecrationem</strong></span> <span class='ocrx_word' id='word_1_187' title='bbox 774 1968 865 2047; x_wconf 85' lang='lat' dir='ltr'><strong>hujus</strong></span> <span class='ocrx_word' id='word_1_188' title='bbox 878 1967 1055 2032; x_wconf 85' lang='lat' dir='ltr'><strong>Sacramen-</strong></span> 
     </span>
     <span class='ocr_line' id='line_1_23' title="bbox 95 2048 1056 2130; baseline -0.004 -16"><span class='ocrx_word' id='word_1_189' title='bbox 95 2054 132 2125; x_wconf 88' lang='lat' dir='ltr'><strong>ti,</strong></span> <span class='ocrx_word' id='word_1_190' title='bbox 157 2055 395 2130; x_wconf 75' lang='lat' dir='ltr'><strong>acceptationem</strong></span> <span class='ocrx_word' id='word_1_191' title='bbox 418 2049 509 2129; x_wconf 87' lang='lat' dir='ltr'><strong>hujus</strong></span> <span class='ocrx_word' id='word_1_192' title='bbox 526 2049 684 2119; x_wconf 85' lang='lat' dir='ltr'><strong>Sacrificii,</strong></span> <span class='ocrx_word' id='word_1_193' title='bbox 707 2055 739 2112; x_wconf 92' lang='lat' dir='ltr'><strong>et</strong></span> <span class='ocrx_word' id='word_1_194' title='bbox 752 2049 822 2129; x_wconf 86' lang='lat' dir='ltr'><strong>ejus</strong></span> <span class='ocrx_word' id='word_1_195' title='bbox 843 2050 989 2112; x_wconf 79' lang='lat' dir='ltr'><strong>trucium.</strong></span> <span class='ocrx_word' id='word_1_196' title='bbox 1005 2048 1056 2110; x_wconf 83' lang='lat' dir='ltr'><strong>lu·</strong></span> 
     </span>
     <span class='ocr_line' id='line_1_24' title="bbox 91 2127 1055 2213; baseline -0.005 -17"><span class='ocrx_word' id='word_1_197' title='bbox 91 2151 188 2213; x_wconf 84' lang='lat' dir='ltr'><strong>super</strong></span> <span class='ocrx_word' id='word_1_198' title='bbox 210 2132 270 2195; x_wconf 86' lang='lat' dir='ltr'><strong>Per</strong></span> <span class='ocrx_word' id='word_1_199' title='bbox 291 2136 413 2212; x_wconf 74' lang='lat' dir='ltr'><strong>ipsum,</strong></span> <span class='ocrx_word' id='word_1_200' title='bbox 437 2143 465 2194; x_wconf 87' lang='lat' dir='ltr'><strong>ct</strong></span> <span class='ocrx_word' id='word_1_201' title='bbox 485 2151 554 2194; x_wconf 76' lang='lat' dir='ltr'><strong>cem</strong></span> <span class='ocrx_word' id='word_1_202' title='bbox 574 2135 639 2212; x_wconf 82' lang='lat' dir='ltr'><strong>ipro</strong></span> <span class='ocrx_word' id='word_1_203' title='bbox 661 2137 721 2195; x_wconf 90' lang='lat' dir='ltr'><strong>etc.</strong></span> <span class='ocrx_word' id='word_1_204' title='bbox 745 2134 862 2194; x_wconf 81' lang='lat' dir='ltr'><strong>scilicet</strong></span> <span class='ocrx_word' id='word_1_205' title='bbox 891 2149 946 2210; x_wconf 89' lang='lat' dir='ltr'><strong>per</strong></span> <span class='ocrx_word' id='word_1_206' title='bbox 966 2127 1055 2192; x_wconf 87' lang='lat' dir='ltr'><strong>Chri·</strong></span> 
     </span>
     <span class='ocr_line' id='line_1_25' title="bbox 1 2212 1053 2288; baseline -0.002 -12"><span class='ocrx_word' id='word_1_207' title='bbox 1 2283 2 2288; x_wconf 8' lang='grc' dir='ltr'>γ</span> <span class='ocrx_word' id='word_1_208' title='bbox 93 2220 190 2283; x_wconf 85' lang='lat' dir='ltr'><strong>stum,</strong></span> <span class='ocrx_word' id='word_1_209' title='bbox 213 2217 243 2276; x_wconf 91' lang='lat' dir='ltr'><strong>in</strong></span> <span class='ocrx_word' id='word_1_210' title='bbox 259 2213 392 2284; x_wconf 87' lang='lat' dir='ltr'><strong>Christo,</strong></span> <span class='ocrx_word' id='word_1_211' title='bbox 415 2221 446 2276; x_wconf 92' lang='lat' dir='ltr'><strong>et</strong></span> <span class='ocrx_word' id='word_1_212' title='bbox 467 2230 538 2275; x_wconf 88' lang='lat' dir='ltr'><strong>curn</strong></span> <span class='ocrx_word' id='word_1_213' title='bbox 554 2212 674 2275; x_wconf 86' lang='lat' dir='ltr'><strong>Christo</strong></span> <span class='ocrx_word' id='word_1_214' title='bbox 695 2215 793 2274; x_wconf 90' lang='lat' dir='ltr'><strong>omnis</strong></span> <span class='ocrx_word' id='word_1_215' title='bbox 807 2214 916 2281; x_wconf 85' lang='lat' dir='ltr'><strong>honor,</strong></span> <span class='ocrx_word' id='word_1_216' title='bbox 940 2213 1053 2275; x_wconf 87' lang='lat' dir='ltr'><strong>omnis·</strong></span> 
     </span>
     <span class='ocr_line' id='line_1_26' title="bbox 1 2292 1049 2376; baseline -0.005 -17"><span class='ocrx_word' id='word_1_217' title='bbox 1 2295 2 2329; x_wconf 66' lang='lat' dir='ltr'><strong>r</strong></span> <span class='ocrx_word' id='word_1_218' title='bbox 93 2313 157 2374; x_wconf 86' lang='lat' dir='ltr'><strong>que</strong></span> <span class='ocrx_word' id='word_1_219' title='bbox 173 2298 266 2376; x_wconf 78' lang='lat' dir='ltr'><strong>gioria</strong></span> <span class='ocrx_word' id='word_1_220' title='bbox 280 2297 344 2358; x_wconf 80' lang='lat' dir='ltr'><strong>Dec</strong></span> <span class='ocrx_word' id='word_1_221' title='bbox 358 2296 439 2358; x_wconf 87' lang='lat' dir='ltr'><strong>Patri</strong></span> <span class='ocrx_word' id='word_1_222' title='bbox 456 2293 663 2372; x_wconf 89' lang='lat' dir='ltr'><strong>Omnipotenti</strong></span> <span class='ocrx_word' id='word_1_223' title='bbox 679 2296 850 2357; x_wconf 79' lang='lat' dir='ltr'><strong>exhibetur.</strong></span> <span class='ocrx_word' id='word_1_224' title='bbox 865 2292 1049 2373; x_wconf 74' lang='lat' dir='ltr'><strong>Peripateti,</strong></span> 
     </span>
     <span class='ocr_line' id='line_1_27' title="bbox 94 2374 1053 2458; baseline -0.002 -20"><span class='ocrx_word' id='word_1_225' title='bbox 94 2380 194 2457; x_wconf 82' lang='lat' dir='ltr'><strong>inquit</strong></span> <span class='ocrx_word' id='word_1_226' title='bbox 214 2375 339 2446; x_wconf 81' lang='lat' dir='ltr'><strong>Florus,</strong></span> <span class='ocrx_word' id='word_1_227' title='bbox 361 2389 517 2458; x_wconf 78' lang='lat' dir='ltr'><strong>tamquam</strong></span> <span class='ocrx_word' id='word_1_228' title='bbox 538 2395 643 2438; x_wconf 78' lang='lat' dir='ltr'><strong>oerum</strong></span> <span class='ocrx_word' id='word_1_229' title='bbox 664 2374 864 2439; x_wconf 79' lang='lat' dir='ltr'><strong>Mediatorem</strong></span> <span class='ocrx_word' id='word_1_230' title='bbox 886 2375 984 2436; x_wconf 77' lang='lat' dir='ltr'><strong>Deum</strong></span> <span class='ocrx_word' id='word_1_231' title='bbox 1003 2378 1053 2436; x_wconf 81' lang='lat' dir='ltr'><strong>irr-</strong></span> 
     </span>
     <span class='ocr_line' id='line_1_28' title="bbox 95 2455 1053 2531; baseline -0.007 -9"><span class='ocrx_word' id='word_1_232' title='bbox 95 2470 157 2531; x_wconf 79' lang='lat' dir='ltr'><strong>tcr,</strong></span> <span class='ocrx_word' id='word_1_233' title='bbox 182 2469 208 2522; x_wconf 85' lang='lat' dir='ltr'><strong>et</strong></span> <span class='ocrx_word' id='word_1_234' title='bbox 228 2461 369 2528; x_wconf 74' lang='lat' dir='ltr'><strong>homines,</strong></span> <span class='ocrx_word' id='word_1_235' title='bbox 393 2458 494 2520; x_wconf 81' lang='lat' dir='ltr'><strong>Iesum</strong></span> <span class='ocrx_word' id='word_1_236' title='bbox 510 2457 664 2521; x_wconf 77' lang='lat' dir='ltr'><strong>Christano</strong></span> <span class='ocrx_word' id='word_1_237' title='bbox 680 2457 777 2519; x_wconf 79' lang='lat' dir='ltr'><strong>Deam</strong></span> <span class='ocrx_word' id='word_1_238' title='bbox 798 2458 889 2519; x_wconf 78' lang='lat' dir='ltr'><strong>simoi</strong></span> <span class='ocrx_word' id='word_1_239' title='bbox 911 2466 938 2517; x_wconf 83' lang='lat' dir='ltr'><strong>ct</strong></span> <span class='ocrx_word' id='word_1_240' title='bbox 951 2455 1053 2517; x_wconf 80' lang='lat' dir='ltr'><strong>Homi-</strong></span> 
     </span>
     <span class='ocr_line' id='line_1_29' title="bbox 29 2538 1052 2620; baseline -0.002 -18"><span class='ocrx_word' id='word_1_241' title='bbox 29 2551 36 2566; x_wconf 91' lang='lat'><strong>·</strong></span> <span class='ocrx_word' id='word_1_242' title='bbox 95 2561 193 2611; x_wconf 48' lang='lat' dir='ltr'><strong>oreon·</strong></span> <span class='ocrx_word' id='word_1_243' title='bbox 220 2560 286 2604; x_wconf 82' lang='lat' dir='ltr'><strong>cem</strong></span> <span class='ocrx_word' id='word_1_244' title='bbox 307 2543 394 2620; x_wconf 84' lang='lat' dir='ltr'><strong>ipsc,</strong></span> <span class='ocrx_word' id='word_1_245' title='bbox 417 2552 573 2619; x_wconf 77' lang='lat' dir='ltr'><strong>tamqnam</strong></span> <span class='ocrx_word' id='word_1_246' title='bbox 594 2538 659 2601; x_wconf 82' lang='lat' dir='ltr'><strong>Deo</strong></span> <span class='ocrx_word' id='word_1_247' title='bbox 681 2541 802 2619; x_wconf 83' lang='lat' dir='ltr'><strong>ocpcoti</strong></span> <span class='ocrx_word' id='word_1_248' title='bbox 823 2540 885 2600; x_wconf 63' lang='lat' dir='ltr'><strong>uto</strong></span> <span class='ocrx_word' id='word_1_249' title='bbox 897 2559 908 2608; x_wconf 90' lang='lat'><em>;</em></span> <span class='ocrx_word' id='word_1_250' title='bbox 934 2541 969 2599; x_wconf 80' lang='lat' dir='ltr'><strong>ic</strong></span> <span class='ocrx_word' id='word_1_251' title='bbox 988 2541 1052 2616; x_wconf 81' lang='lat' dir='ltr'><strong>ipso</strong></span> 
     </span>
     <span class='ocr_line' id='line_1_30' title="bbox 95 2619 1051 2702; baseline -0.004 -18"><span class='ocrx_word' id='word_1_252' title='bbox 95 2631 251 2702; x_wconf 80' lang='lat' dir='ltr'><strong>tcchom</strong></span> <span class='ocrx_word' id='word_1_253' title='bbox 267 2621 353 2683; x_wconf 83' lang='lat' dir='ltr'><strong>Patri</strong></span> <span class='ocrx_word' id='word_1_254' title='bbox 367 2621 638 2684; x_wconf 75' lang='lat' dir='ltr'><strong>consubstantialis.</strong></span> <span class='ocrx_word' id='word_1_255' title='bbox 656 2621 701 2681; x_wconf 87' lang='lat' dir='ltr'><strong>De</strong></span> <span class='ocrx_word' id='word_1_256' title='bbox 717 2622 814 2683; x_wconf 88' lang='lat' dir='ltr'><strong>trihus</strong></span> <span class='ocrx_word' id='word_1_257' title='bbox 827 2619 933 2682; x_wconf 87' lang='lat' dir='ltr'><strong>Crucis</strong></span> <span class='ocrx_word' id='word_1_258' title='bbox 947 2619 1051 2697; x_wconf 77' lang='lat' dir='ltr'><strong>signis,</strong></span> 
     </span>
     <span class='ocr_line' id='line_1_31' title="bbox 95 2700 1054 2784; baseline -0.001 -20"><span class='ocrx_word' id='word_1_259' title='bbox 95 2723 168 2767; x_wconf 88' lang='lat' dir='ltr'><strong>cum</strong></span> <span class='ocrx_word' id='word_1_260' title='bbox 182 2705 305 2768; x_wconf 79' lang='lat' dir='ltr'><strong>&#39;dicitur</strong></span> <span class='ocrx_word' id='word_1_261' title='bbox 315 2721 371 2782; x_wconf 82' lang='lat' dir='ltr'><strong>prr</strong></span> <span class='ocrx_word' id='word_1_262' title='bbox 384 2706 493 2784; x_wconf 83' lang='lat' dir='ltr'><strong>ipsum,</strong></span> <span class='ocrx_word' id='word_1_263' title='bbox 518 2712 546 2762; x_wconf 86' lang='lat' dir='ltr'><strong>et</strong></span> <span class='ocrx_word' id='word_1_264' title='bbox 568 2721 637 2764; x_wconf 83' lang='lat' dir='ltr'><strong>cem</strong></span> <span class='ocrx_word' id='word_1_265' title='bbox 649 2705 726 2783; x_wconf 83' lang='lat' dir='ltr'><strong>ipso,</strong></span> <span class='ocrx_word' id='word_1_266' title='bbox 743 2712 770 2764; x_wconf 84' lang='lat' dir='ltr'><strong>ct</strong></span> <span class='ocrx_word' id='word_1_267' title='bbox 784 2705 819 2764; x_wconf 83' lang='lat' dir='ltr'><strong>io</strong></span> <span class='ocrx_word' id='word_1_268' title='bbox 833 2701 896 2782; x_wconf 78' lang='lat' dir='ltr'><strong>ipso</strong></span> <span class='ocrx_word' id='word_1_269' title='bbox 917 2701 979 2778; x_wconf 80' lang='lat' dir='ltr'><strong>agit</strong></span> <span class='ocrx_word' id='word_1_270' title='bbox 993 2700 1054 2763; x_wconf 78' lang='lat' dir='ltr'><strong>hie·</strong></span> 
     </span>
     <span class='ocr_line' id='line_1_32' title="bbox 98 2782 1056 2853; baseline -0.002 -7"><span class='ocrx_word' id='word_1_271' title='bbox 98 2790 183 2847; x_wconf 90' lang='lat' dir='ltr'><strong>ratus</strong></span> <span class='ocrx_word' id='word_1_272' title='bbox 204 2787 240 2847; x_wconf 83' lang='lat' dir='ltr'><strong>ad</strong></span> <span class='ocrx_word' id='word_1_273' title='bbox 263 2785 433 2847; x_wconf 83' lang='lat' dir='ltr'><strong>Garantum</strong></span> <span class='ocrx_word' id='word_1_274' title='bbox 455 2783 535 2845; x_wconf 89' lang='lat' dir='ltr'><strong>Part.</strong></span> <span class='ocrx_word' id='word_1_275' title='bbox 552 2784 567 2845; x_wconf 90' lang='lat'>1</span> <span class='ocrx_word' id='word_1_276' title='bbox 588 2784 648 2844; x_wconf 88' lang='lat' dir='ltr'><strong>Tit.</strong></span> <span class='ocrx_word' id='word_1_277' title='bbox 665 2782 712 2845; x_wconf 87' lang='lat' dir='ltr'><strong>Xi</strong></span> <span class='ocrx_word' id='word_1_278' title='bbox 733 2790 765 2845; x_wconf 91' lang='lat' dir='ltr'><strong>et</strong></span> <span class='ocrx_word' id='word_1_279' title='bbox 784 2785 837 2853; x_wconf 87' lang='lat' dir='ltr'><strong>ait,</strong></span> <span class='ocrx_word' id='word_1_280' title='bbox 859 2801 896 2841; x_wconf 91' lang='lat' dir='ltr'><strong>ea</strong></span> <span class='ocrx_word' id='word_1_281' title='bbox 917 2783 988 2844; x_wconf 91' lang='lat' dir='ltr'><strong>duci</strong></span> <span class='ocrx_word' id='word_1_282' title='bbox 1003 2799 1056 2845; x_wconf 86' lang='lat' dir='ltr'><strong>su-</strong></span> 
     </span>
     <span class='ocr_line' id='line_1_33' title="bbox 97 2861 1051 2945; baseline -0.003 -18"><span class='ocrx_word' id='word_1_283' title='bbox 97 2884 151 2945; x_wconf 88' lang='lat' dir='ltr'><strong>pra</strong></span> <span class='ocrx_word' id='word_1_284' title='bbox 172 2866 328 2937; x_wconf 84' lang='lat' dir='ltr'><strong>Calicem,</strong></span> <span class='ocrx_word' id='word_1_285' title='bbox 359 2867 431 2944; x_wconf 87' lang='lat' dir='ltr'><strong>quia</strong></span> <span class='ocrx_word' id='word_1_286' title='bbox 452 2872 524 2928; x_wconf 91' lang='lat' dir='ltr'><strong>tuno</strong></span> <span class='ocrx_word' id='word_1_287' title='bbox 546 2865 694 2928; x_wconf 85' lang='lat' dir='ltr'><strong>Sacerdos</strong></span> <span class='ocrx_word' id='word_1_288' title='bbox 716 2867 849 2925; x_wconf 91' lang='lat' dir='ltr'><strong>nominat</strong></span> <span class='ocrx_word' id='word_1_289' title='bbox 869 2861 1051 2936; x_wconf 85' lang='lat' dir='ltr'><strong>Christum,</strong></span> 
     </span>
     <span class='ocr_line' id='line_1_34' title="bbox 94 2944 1051 3024; baseline -0.004 -14"><span class='ocrx_word' id='word_1_290' title='bbox 94 2949 150 3024; x_wconf 79' lang='lat' dir='ltr'><strong>oui</strong></span> <span class='ocrx_word' id='word_1_291' title='bbox 173 2950 253 3010; x_wconf 89' lang='lat' dir='ltr'><strong>solus</strong></span> <span class='ocrx_word' id='word_1_292' title='bbox 276 2954 402 3009; x_wconf 89' lang='lat' dir='ltr'><strong>mortem</strong></span> <span class='ocrx_word' id='word_1_293' title='bbox 426 2947 528 3020; x_wconf 88' lang='lat' dir='ltr'><strong>subiit,</strong></span> <span class='ocrx_word' id='word_1_294' title='bbox 551 2954 581 3008; x_wconf 87' lang='lat' dir='ltr'><strong>et</strong></span> <span class='ocrx_word' id='word_1_295' title='bbox 603 2946 734 3010; x_wconf 90' lang='lat' dir='ltr'><strong>Caiicem</strong></span> <span class='ocrx_word' id='word_1_296' title='bbox 756 2944 904 3007; x_wconf 83' lang='lat' dir='ltr'><strong>Passionis</strong></span> <span class='ocrx_word' id='word_1_297' title='bbox 926 2946 1051 3023; x_wconf 83' lang='lat' dir='ltr'><strong>potavit.</strong></span> 
     </span>
     <span class='ocr_line' id='line_1_35' title="bbox 95 3026 1053 3106; baseline -0.001 -16"><span class='ocrx_word' id='word_1_298' title='bbox 95 3028 176 3091; x_wconf 71' lang='lat' dir='ltr'><strong>&#39;Tres</strong></span> <span class='ocrx_word' id='word_1_299' title='bbox 191 3029 302 3093; x_wconf 91' lang='lat' dir='ltr'><strong>Cruces</strong></span> <span class='ocrx_word' id='word_1_300' title='bbox 316 3047 390 3090; x_wconf 82' lang='lat' dir='ltr'><strong>vero</strong></span> <span class='ocrx_word' id='word_1_301' title='bbox 412 3029 623 3098; x_wconf 71' lang='lat' dir='ltr'><strong>efformaotun</strong></span> <span class='ocrx_word' id='word_1_302' title='bbox 647 3029 718 3106; x_wconf 86' lang='lat' dir='ltr'><strong>quia</strong></span> <span class='ocrx_word' id='word_1_303' title='bbox 732 3029 817 3092; x_wconf 89' lang='lat' dir='ltr'><strong>lesus</strong></span> <span class='ocrx_word' id='word_1_304' title='bbox 832 3026 970 3088; x_wconf 88' lang='lat' dir='ltr'><strong>Christus</strong></span> <span class='ocrx_word' id='word_1_305' title='bbox 986 3044 1053 3105; x_wconf 88' lang='lat' dir='ltr'><strong>pas-</strong></span> 
     </span>
     <span class='ocr_line' id='line_1_36' title="bbox 98 3105 1052 3187; baseline 0 -15"><span class='ocrx_word' id='word_1_306' title='bbox 98 3128 153 3180; x_wconf 84' lang='lat' dir='ltr'><strong>sus</strong></span> <span class='ocrx_word' id='word_1_307' title='bbox 173 3112 269 3173; x_wconf 87' lang='lat' dir='ltr'><strong>estin</strong></span> <span class='ocrx_word' id='word_1_308' title='bbox 290 3109 453 3187; x_wconf 66' lang='lat' dir='ltr'><strong>Corpore„</strong></span> <span class='ocrx_word' id='word_1_309' title='bbox 467 3112 496 3171; x_wconf 94' lang='lat' dir='ltr'><strong>in</strong></span> <span class='ocrx_word' id='word_1_310' title='bbox 519 3110 650 3182; x_wconf 87' lang='lat' dir='ltr'><strong>Anima,</strong></span> <span class='ocrx_word' id='word_1_311' title='bbox 673 3117 705 3172; x_wconf 91' lang='lat' dir='ltr'><strong>et</strong></span> <span class='ocrx_word' id='word_1_312' title='bbox 725 3110 755 3170; x_wconf 91' lang='lat' dir='ltr'><strong>in</strong></span> <span class='ocrx_word' id='word_1_313' title='bbox 777 3109 893 3169; x_wconf 90' lang='lat' dir='ltr'><strong>honore</strong></span> <span class='ocrx_word' id='word_1_314' title='bbox 913 3105 997 3186; x_wconf 82' lang='lat' dir='ltr'><strong>juxta</strong></span> <span class='ocrx_word' id='word_1_315' title='bbox 1019 3109 1052 3172; x_wconf 90' lang='lat' dir='ltr'><strong>S.</strong></span> 
     </span>
     <span class='ocr_line' id='line_1_37' title="bbox 96 3187 1053 3266; baseline -0.002 -12"><span class='ocrx_word' id='word_1_316' title='bbox 96 3192 238 3258; x_wconf 78' lang='lat' dir='ltr'><strong>Thomas</strong></span> <span class='ocrx_word' id='word_1_317' title='bbox 259 3193 437 3254; x_wconf 89' lang='lat' dir='ltr'><strong>doctrinam.</strong></span> <span class='ocrx_word' id='word_1_318' title='bbox 460 3190 548 3266; x_wconf 87' lang='lat' dir='ltr'><strong>Quod</strong></span> <span class='ocrx_word' id='word_1_319' title='bbox 570 3209 646 3254; x_wconf 86' lang='lat' dir='ltr'><strong>rero</strong></span> <span class='ocrx_word' id='word_1_320' title='bbox 666 3191 706 3253; x_wconf 88' lang='lat' dir='ltr'><strong>ad</strong></span> <span class='ocrx_word' id='word_1_321' title='bbox 726 3193 785 3254; x_wconf 84' lang='lat' dir='ltr'><strong>aiio</strong></span> <span class='ocrx_word' id='word_1_322' title='bbox 804 3193 874 3253; x_wconf 55' lang='lat' dir='ltr'><strong>duo*</strong></span> <span class='ocrx_word' id='word_1_323' title='bbox 886 3187 1001 3252; x_wconf 85' lang='lat' dir='ltr'><strong>Crucis·</strong></span> <span class='ocrx_word' id='word_1_324' title='bbox 1014 3193 1053 3252; x_wconf 90' lang='lat' dir='ltr'><strong>si·</strong></span> 
     </span>
     <span class='ocr_line' id='line_1_38' title="bbox 95 3271 1054 3352; baseline -0.002 -16"><span class='ocrx_word' id='word_1_325' title='bbox 95 3292 175 3352; x_wconf 79' lang='lat' dir='ltr'><strong>gna,</strong></span> <span class='ocrx_word' id='word_1_326' title='bbox 200 3291 277 3351; x_wconf 86' lang='lat' dir='ltr'><strong>quae</strong></span> <span class='ocrx_word' id='word_1_327' title='bbox 299 3273 447 3336; x_wconf 86' lang='lat' dir='ltr'><strong>Sacerdos</strong></span> <span class='ocrx_word' id='word_1_328' title='bbox 468 3272 540 3334; x_wconf 89' lang='lat' dir='ltr'><strong>iacit</strong></span> <span class='ocrx_word' id='word_1_329' title='bbox 561 3274 639 3334; x_wconf 91' lang='lat' dir='ltr'><strong>iuter</strong></span> <span class='ocrx_word' id='word_1_330' title='bbox 661 3273 919 3344; x_wconf 68' lang='lat' dir='ltr'><strong>sementinam,</strong></span> <span class='ocrx_word' id='word_1_331' title='bbox 944 3271 1054 3334; x_wconf 86' lang='lat' dir='ltr'><strong>adrer-</strong></span> 
     </span>
     <span class='ocr_line' id='line_1_39' title="bbox 95 3352 1053 3432; baseline 0 -16"><span class='ocrx_word' id='word_1_332' title='bbox 95 3358 147 3423; x_wconf 87' lang='lat' dir='ltr'><strong>tit.</strong></span> <span class='ocrx_word' id='word_1_333' title='bbox 171 3356 250 3431; x_wconf 89' lang='lat' dir='ltr'><strong>quod</strong></span> <span class='ocrx_word' id='word_1_334' title='bbox 273 3352 342 3416; x_wconf 89' lang='lat' dir='ltr'><strong>ticet</strong></span> <span class='ocrx_word' id='word_1_335' title='bbox 365 3357 394 3416; x_wconf 93' lang='lat' dir='ltr'><strong>iu</strong></span> <span class='ocrx_word' id='word_1_336' title='bbox 409 3354 565 3418; x_wconf 84' lang='lat' dir='ltr'><strong>Cathoiico</strong></span> <span class='ocrx_word' id='word_1_337' title='bbox 587 3373 677 3416; x_wconf 88' lang='lat' dir='ltr'><strong>sensu</strong></span> <span class='ocrx_word' id='word_1_338' title='bbox 699 3354 795 3432; x_wconf 88' lang='lat' dir='ltr'><strong>possit</strong></span> <span class='ocrx_word' id='word_1_339' title='bbox 815 3353 959 3415; x_wconf 85' lang='lat' dir='ltr'><strong>affirmari</strong></span> <span class='ocrx_word' id='word_1_340' title='bbox 982 3371 1053 3431; x_wconf 91' lang='lat' dir='ltr'><strong>pro-</strong></span> 
     </span>
     <span class='ocr_line' id='line_1_40' title="bbox 97 3435 1055 3516; baseline 0 -18"><span class='ocrx_word' id='word_1_341' title='bbox 97 3442 165 3515; x_wconf 83' lang='lat' dir='ltr'><strong>pter</strong></span> <span class='ocrx_word' id='word_1_342' title='bbox 186 3439 327 3498; x_wconf 88' lang='lat' dir='ltr'><strong>unionem</strong></span> <span class='ocrx_word' id='word_1_343' title='bbox 350 3437 569 3516; x_wconf 78' lang='lat' dir='ltr'><strong>hypostaticam</strong></span> <span class='ocrx_word' id='word_1_344' title='bbox 593 3437 623 3496; x_wconf 94' lang='lat' dir='ltr'><strong>in</strong></span> <span class='ocrx_word' id='word_1_345' title='bbox 637 3435 758 3496; x_wconf 88' lang='lat' dir='ltr'><strong>Christo</strong></span> <span class='ocrx_word' id='word_1_346' title='bbox 778 3435 876 3496; x_wconf 61' lang='lat' dir='ltr'><strong>Mum</strong></span> <span class='ocrx_word' id='word_1_347' title='bbox 898 3452 965 3496; x_wconf 90' lang='lat' dir='ltr'><strong>esse</strong></span> <span class='ocrx_word' id='word_1_348' title='bbox 986 3449 1055 3512; x_wconf 84' lang='lat' dir='ltr'><strong>pas·</strong></span> 
     </span>
     <span class='ocr_line' id='line_1_41' title="bbox 95 3515 1052 3595; baseline -0.004 -13"><span class='ocrx_word' id='word_1_349' title='bbox 95 3537 189 3588; x_wconf 72' lang='lat' dir='ltr'><strong>suma</strong></span> <span class='ocrx_word' id='word_1_350' title='bbox 213 3522 313 3580; x_wconf 89' lang='lat' dir='ltr'><strong>tamen</strong></span> <span class='ocrx_word' id='word_1_351' title='bbox 336 3520 459 3580; x_wconf 86' lang='lat' dir='ltr'><strong>minime</strong></span> <span class='ocrx_word' id='word_1_352' title='bbox 480 3517 538 3578; x_wconf 92' lang='lat' dir='ltr'><strong>dici</strong></span> <span class='ocrx_word' id='word_1_353' title='bbox 560 3523 670 3594; x_wconf 86' lang='lat' dir='ltr'><strong>potest,</strong></span> <span class='ocrx_word' id='word_1_354' title='bbox 695 3533 814 3595; x_wconf 86' lang='lat' dir='ltr'><strong>passum</strong></span> <span class='ocrx_word' id='word_1_355' title='bbox 836 3533 903 3578; x_wconf 87' lang='lat' dir='ltr'><strong>esse</strong></span> <span class='ocrx_word' id='word_1_356' title='bbox 918 3515 1052 3589; x_wconf 85' lang='lat' dir='ltr'><strong>Patrem,</strong></span> 
     </span>
     <span class='ocr_line' id='line_1_42' title="bbox 96 3596 1054 3684; baseline 0 -22"><span class='ocrx_word' id='word_1_357' title='bbox 96 3604 151 3666; x_wconf 88' lang='lat' dir='ltr'><strong>aut</strong></span> <span class='ocrx_word' id='word_1_358' title='bbox 173 3599 317 3679; x_wconf 86' lang='lat' dir='ltr'><strong>Spiritum</strong></span> <span class='ocrx_word' id='word_1_359' title='bbox 334 3597 489 3684; x_wconf 85' lang='lat' dir='ltr'><strong>Sanctum,</strong></span> <span class='ocrx_word' id='word_1_360' title='bbox 513 3599 625 3662; x_wconf 88' lang='lat' dir='ltr'><strong>idcirco</strong></span> <span class='ocrx_word' id='word_1_361' title='bbox 648 3600 708 3662; x_wconf 90' lang='lat' dir='ltr'><strong>duo</strong></span> <span class='ocrx_word' id='word_1_362' title='bbox 728 3597 778 3662; x_wconf 90' lang='lat' dir='ltr'><strong>iiia</strong></span> <span class='ocrx_word' id='word_1_363' title='bbox 792 3599 877 3678; x_wconf 76' lang='lat' dir='ltr'><strong>sigua</strong></span> <span class='ocrx_word' id='word_1_364' title='bbox 897 3605 984 3660; x_wconf 84' lang='lat' dir='ltr'><strong>extra</strong></span> <span class='ocrx_word' id='word_1_365' title='bbox 997 3596 1054 3662; x_wconf 60' lang='lat' dir='ltr'><strong>Ca*-</strong></span> 
     </span>
    </p>
   </div>
   <div class='ocr_carea' id='block_1_12' title="bbox 0 0 1264 4059">
    <p class='ocr_par' dir='ltr' id='par_1_13' title="bbox 0 0 1264 4059">
     <span class='ocr_line' id='line_1_43' title="bbox 0 0 1264 4059; baseline 0 0"><span class='ocrx_word' id='word_1_366' title='bbox 0 0 1264 4059; x_wconf 95' lang='lat' dir='ltr'><strong> </strong></span> 
     </span>
    </p>
   </div>
  </div>
 </body>
</html>
