2517 4059
454 214 679 286 wilri&-

87 333 281 396 Sacrilrcium
304 336 381 412 quod
398 335 484 400 lesus
498 337 635 402 Christus
657 359 781 404 nascens
801 342 964 412 inchoavit,
979 363 1043 407 mo-

86 419 173 479 riens
196 419 224 477 in
240 416 336 480 Crura
358 417 535 490 immolarit,
553 425 638 485 coelo
659 429 798 502 receptus
811 431 1040 496 consummarit.

85 506 118 561 et
142 501 172 559 in
190 499 287 560 Alteri
304 499 511 563 Eucharistico
533 505 667 582 quotidie
688 505 810 568 exbibet
830 515 862 570 et
875 512 1040 572 continuat.

84 581 144 642 Est
166 599 240 659 ergo
263 583 352 661 plena'
371 585 503 662 mysterii
526 595 556 647 et
572 589 717 650 mirabilis
738 605 861 665 prorsus
882 609 971 668 quam
994 593 1042 654 hic

85 665 162 724 lacit
186 663 317 725 Ecclesia
340 666 451 726 mentio
473 667 596 745 triplicis
619 670 698 732 illius
719 669 876 739 Sacrificii,
900 691 1042 752 expresso

85 745 214 826 Abelis,
238 745 389 814 Abrabae,
413 753 444 808 et
465 748 675 813 llelcbisedeci
700 755 831 814 nomine.
854 754 989 816 Addatur
1011 762 1041 814 et

11 851 12 854 ¹
86 827 160 888 illud
186 828 283 896 Abel,
308 828 488 898 Abrabam,
511 839 541 893 et
563 824 786 896 Melchisedech
809 853 862 895 nos
882 835 1040 905 docuisse,

87 909 256 988 cujusmodi
273 908 425 972 Sacrificia
449 919 549 976 nostra
569 934 634 977 esse
649 916 786 978 debeant.
802 915 951 980 Nimirum
968 917 1042 980 Abel

11 1043 12 1048 ,
86 993 212 1069 quidem
236 993 264 1052 id
287 992 404 1060 obtulit,
427 995 506 1070 quod
528 999 674 1075 optimum
697 1006 777 1070 erst3
795 999 947 1060 Abrabam
969 1017 1042 1062 voro

11 1125 12 1158 ,
86 1075 116 1134 id
141 1093 203 1151 quo
226 1075 297 1135 nibil
325 1076 464 1136 interris
490 1076 611 1140 charius
634 1080 788 1151 babebat3
816 1081 944 1158 denique
966 1082 1041 1144 blel-

87 1156 252 1217 cbisedecb
274 1158 345 1218 dum
370 1159 538 1220 communia
563 1162 653 1230 tulit,
677 1161 843 1240 cujusmodi
866 1165 975 1242 punis,
999 1166 1043 1223 ri-

87 1257 226 1317 numquo
248 1245 328 1306 sunt.
352 1257 472 1300 omnem
494 1259 510 1299 a
530 1259 562 1302 se
584 1248 826 1314 ostentationem,
849 1245 886 1304 ad
908 1264 998 1307 uuam
1013 1255 1043 1306 et

11 1375 12 1380 ,
88 1321 211 1382 unicam
233 1320 288 1381 Dei
316 1321 441 1396 gloriam
472 1324 600 1386 offerens
628 1327 788 1388 abdicavit.
812 1326 988 1390 Anastasius
1015 1331 1044 1388 in

11 1449 12 1454 1
86 1403 157 1462 Vita
182 1402 288 1464 Leonis
312 1403 410 1480 Magni
441 1403 533 1468 refert
561 1425 631 1468 eum
659 1409 877 1476 constituisse,
907 1417 940 1470 ut
967 1412 1042 1471 intra

88 1487 238 1546 actionem
261 1484 404 1546 Sacrificii
425 1485 577 1550 diceretur
599 1486 746 1552 Sanctum
763 1487 966 1569 Sacrificium,
988 1493 1042 1551 irn-

88 1569 272 1628 moculotcm
293 1569 437 1636 bostium.
467 1587 543 1647 quae
572 1578 641 1632 sunt
664 1579 814 1650 postrema
835 1573 927 1633 uerba
951 1573 1043 1653 bujus

89 1649 243 1710 orationis.

129 1727 185 1794 lll.
210 1731 287 1792 Ante
311 1732 443 1794 medium
467 1733 576 1795 Altaris
601 1737 739 1796 manibus
764 1736 870 1797 iunctis
891 1751 982 1813 super
1005 1751 1040 1795 eo

89 1813 193 1890 positis
216 1814 405 1891 prosequitur
420 1815 593 1876 Orationem
611 1817 765 1898 Supplices
780 1827 807 1878 tc
822 1835 963 1895 coponius
977 1826 1036 1904 etc.

11 1895 12 1932 l
90 1901 214 1955 externo
242 1901 327 1972 gestu
355 1913 503 1958 summam
538 1899 672 1960 indicans
703 1899 794 1960 animi
827 1900 1038 1960 demissionem

11 2005 12 2012 .
88 1977 212 2055 supplex
227 1976 325 2038 Deum
342 1987 437 2056 rogat.
454 1977 540 2040 Hauc
555 1982 721 2043 orationem
737 1983 889 2060 mysteriis
905 1980 1036 2058 plenam,

90 2077 108 2117 a
130 2057 291 2120 Sacerdote
313 2060 453 2122 inclinato
486 2062 642 2122 dicendam
662 2081 729 2124 esse
761 2063 850 2140 prisci
873 2062 1041 2139 Scriptores

92 2141 224 2207 tradunt,
247 2142 290 2201 uti
308 2141 489 2214 Amalarius‚
513 2143 579 2204 Lib.
598 2143 639 2204 lll
662 2144 737 2223 Cap.
752 2143 815 2216 263
838 2143 929 2224 Hugo
943 2145 1042 2207 Victo-

90 2224 196 2291 rinus,
221 2221 287 2282 Lib.
311 2221 339 2283 ll
361 2220 434 2301 Cap.
459 2224 510 2294 3lrr
534 2225 724 2287 Innocentius
745 2226 800 2296 lll,
824 2225 1041 2307 Mystmmrum

90 2303 197 2367 Missae
219 2302 285 2364 Lib.
302 2304 330 2363 V
351 2302 424 2382 Cap.
442 2306 476 2376 53
502 2307 660 2370 Durandus
681 2310 786 2370 etalii.
804 2307 947 2370 Sacerdos
968 2308 1041 2369 Ora-

12 2399 14 2450 i
90 2389 200 2447 tionem
224 2387 300 2448 bauo
323 2389 450 2449 recitans
472 2389 541 2450 olim
566 2409 622 2450 non
645 2391 826 2452 innitebatur
848 2390 964 2455 Alteri,
987 2390 1038 2451 sed

12 2503 13 2524 1
92 2469 216 2529 bracbia
230 2471 258 2530 in
271 2470 377 2532 Crucis
392 2469 520 2532 sormam
538 2473 746 2550 componebat,
763 2478 796 2532 ut
809 2472 923 2532 faciunt
937 2473 1040 2532 etiam-

12 2565 13 2624 }
93 2571 163 2612 num
179 2549 391 2621 Caribusiani;
416 2551 608 2622 Carmelitae,
631 2560 663 2614 et
678 2552 733 2613 PP.
750 2553 981 2614 Praedicatores.
1002 2551 1040 2613 Et

92 2633 210 2710 Missple
227 2634 468 2712 Aquisgranense
490 2651 639 2694 annorum
662 2637 780 2696 circiter
795 2634 855 2696 300
875 2637 1039 2714 supcrposi-

94 2719 129 2776 tis
149 2711 279 2776 brachiis
300 2718 333 2775 in
355 2713 473 2776 modum
498 2716 615 2778 Crucis.
639 2714 851 2779 Extenduutur
878 2720 967 2777 etiam
991 2716 1038 2775 bic

94 2816 197 2858 manus
215 2845 222 2866 ,
254 2803 288 2858 ui
308 2803 393 2876 gestu
416 2799 548 2874 corporis
576 2805 818 2876 repraesentetur
839 2797 907 2878 lesu
928 2797 1039 2858 Christi

12 2905 13 2908 ¹
95 2881 198 2956 passio,
223 2887 256 2941 ut
279 2881 367 2941 tradit
388 2879 568 2958 Micrologus
590 2879 800 2957 capxxvl.
824 2878 972 2940 Consonat
992 2877 1039 2939 lu·

95 2963 245 3024 nocentius
266 2959 310 3021 lll
331 2961 397 3021 Lib.
416 2961 445 3020 V
466 2961 538 3039 Cap.
557 2961 586 3021 3.
612 2962 741 3023 Exlribet
763 2961 895 3023 Ecclesia
918 2978 1038 3039 precem

12 3065 14 3088 i
94 3044 167 3103 banc
190 3061 295 3104 eorum
319 3043 452 3105 omnium
478 3044 607 3113 nomine,
631 3044 682 3119 qui
704 3042 927 3106 Communionis
949 3044 1040 3120 parti-

96 3127 172 3203 cipes
196 3125 289 3186 iuturi
312 3131 392 3186 sunt.
415 3125 494 3186 Dum
519 3127 608 3203 petit,
634 3132 667 3187 ut
690 3125 769 3187 Deus
789 3124 892 3204 jubeat
912 3123 1040 3202 perferri

96 3225 145 3284 per
166 3225 272 3268 manus
288 3206 392 3287 Angeli
415 3209 460 3269 sui
483 3208 593 3277 oblata,
617 3225 674 3266 uon
697 3210 783 3286 petit,
809 3215 841 3269 ut
855 3206 1039 3285 Angelorum

95 3289 254 3348 ministerio
276 3287 437 3366 Corporis,
461 3295 491 3350 et
512 3288 668 3368 Sanguinis
690 3290 802 3351 Christi
826 3289 965 3369 mysteria
987 3288 1038 3348 de-

94 3378 226 3432 serantur
249 3373 277 3432 iu
301 3371 429 3441 coelum,
447 3371 494 3432 vel
515 3373 629 3448 species
651 3371 890 3441 sacramentales,
914 3371 964 3432 sed
986 3387 1038 3446 pe·

95 3455 137 3521 tit,
162 3458 194 3513 ut
208 3459 298 3521 vota3
322 3451 407 3522 fides,
431 3459 462 3514 et
483 3471 587 3530 preces
610 3461 670 3514 tam
687 3454 838 3532 propriae,
862 3469 951 3530 quam
967 3447 1039 3511 alio-

95 3553 158 3596 rum
181 3532 313 3596 fidelium
336 3536 511 3596 deserantur
532 3536 562 3594 in
585 3538 713 3597 sublime
728 3535 829 3596 Altare
843 3534 911 3603 Dei,
934 3549 1039 3611 quem·

95 3617 249 3679 admodum
272 3615 407 3697 Raphael
429 3617 539 3678 Tobiae
562 3617 656 3690 dixit,
681 3636 713 3680 se
736 3617 798 3679 Deo
820 3616 884 3696 ejus
906 3632 1036 3696 preces,
