2517 4059
587 236 647 296 ·rm
666 224 728 286 236
748 234 810 293 etr·

224 357 307 416 Libri
328 356 555 423 Ecclesiarum,
579 355 690 431 quibus
712 354 934 414 adnumeranda
956 352 1046 414 etiam
1061 350 1176 412 Kalen·

223 439 328 505 deria,
350 435 534 514 capitularia
557 433 816 513 Evangeliorum,
840 440 871 495 el
898 436 1018 495 similia.
1035 434 1176 494 Secundo

223 519 439 597 Martyrologie
462 534 531 576 cum
548 516 747 593 Menologiis,
772 524 802 578 et
824 516 889 576 aliis
905 516 1002 575 Libris
1017 516 1175 577 enuncian-

222 601 302 660 tibus
317 597 404 659 Festa
420 617 472 678 per
488 616 612 671 annum.
630 598 733 659 Tertio
748 598 885 675 Lapides,
902 612 955 658 seu
972 596 1175 675 Epigrapbae,

221 679 353 741 Notitiae
375 683 467 741 etiam
489 696 523 739 ac
546 677 737 755 Diplomata,
763 681 791 739 in
814 680 921 755 quibus
949 679 1098 755 descripte
1123 677 1178 735 ha·

221 764 310 823 betur
332 760 483 823 Ecclesiae
497 759 624 838 alicujus
639 761 804 821 Dedicatio.
821 760 936 833 Quarto
957 761 1080 820 demum
1097 758 1175 819 Scri-

221 850 342 919 ptorum
366 845 534 904 testimonia
566 844 704 919 genuinis
736 859 841 903 eorum
867 840 968 901 Libris
990 842 1173 917 consignata.

222 924 255 984 la
277 927 372 1001 prima
395 923 495 984 Classe
517 925 765 989 documentorum
789 922 917 983 conlleta
938 940 976 982 ex
997 922 1174 983 Sacramen-

220 1008 326 1073 tariis,
350 1004 560 1074 Kelenderis,
584 1011 616 1065 et
638 1006 735 1065 Libris
750 1002 916 1064 Rilnalibus
931 1004 1006 1065 baec
1023 1005 1176 1080 reperiun-

221 1096 270 1148 tur
301 1088 338 1146 ad
371 1088 567 1146 astruendum
591 1087 669 1145 istud
694 1104 825 1146 annuum
849 1084 986 1145 Festum.
1009 1085 1174 1145 Martenlus

220 1167 256 1228 Τ.
286 1166 314 1224 V
344 1166 568 1229 Acerdotoram
602 1168 719 1244 prolert
749 1172 902 1227 vetustum
931 1166 1174 1231 Kalendarium‚

222 1267 283 1325 quo
312 1256 471 1309 exaratum
502 1254 586 1326 putet
613 1248 734 1309 saeculo
755 1246 798 1308 tv
822 1250 850 1305 in
873 1266 933 1323 quo
959 1250 995 1307 ed
1024 1249 1105 1307 diem
1139 1244 1190 1303 13·

220 1329 295 1407 bleji
318 1330 477 1390 adnotatur
499 1348 630 1391 annnam
653 1329 800 1390 Festum:
825 1328 1031 1389 Dedicotioaia
1053 1329 1086 1391 S.
1111 1324 1176 1387 Mo-

220 1413 286 1470 riar
308 1410 350 1468 od
369 1406 529 1491 Marlyrra.
553 1410 586 1470 In
609 1410 849 1471 Sacramentario
872 1410 1023 1471 Leoniano
1046 1409 1176 1470 habetur

219 1492 394 1553 ¹adnotatum
417 1492 528 1567 duplex
550 1490 675 1553 Festum
692 1492 941 1553 anniversarium
958 1490 1173 1553 Dedicalionis.

218 1572 352 1634 Primum
376 1583 444 1650 post
463 1572 551 1634 Festa
575 1574 706 1634 Paschae
728 1572 873 1633 basilicae
888 1572 1044 1649 cujusdam
1070 1575 1100 1632 in
1123 1571 1176 1631 ho·

218 1672 324 1716 uorem
347 1654 447 1714 Sancti
469 1654 562 1721 Petri,
585 1657 716 1715 alterum
740 1655 988 1715 Anniversarinm
1005 1652 1129 1715 Festum
1146 1652 1174 1711 in

217 1736 325 1797 eodem
349 1735 591 1797 Sacramentario
612 1736 764 1798 Leoniano
787 1737 915 1797 babetur
931 1738 1035 1799 ultima
1060 1738 1109 1795 die
1130 1750 1175 1793 se·

217 1818 364 1893 ptcmbris
385 1819 465 1895 apud
487 1816 688 1879 Muratorium
711 1816 798 1877 Tum.
824 1816 836 1875 1
859 1814 1013 1895 Litarpioe
1028 1836 1097 1895 pag.
1116 1813 1174 1873 tot

217 1896 322 1960 Pridie
343 1894 495 1959 Kalendas
522 1896 657 1960 Octobris
688 1896 799 1959 Notata
830 1898 980 1959 Basilicas
1009 1898 1121 1977 Anpeli
1141 1897 1175 1955 in

217 1978 353 2040 Solaria.
379 1979 411 2039 ln
433 1980 673 2041 Sacramentario
701 1977 887 2055 Gregoriano
917 1980 997 2057 apud
1031 1980 1173 2041 eumdem

217 2060 419 2122 Muratorinm
441 2061 530 2120 Tom.
553 2062 574 2121 Ξ
594 2062 632 2121 ed
654 2062 733 2121 diem
757 2061 799 2121 29
821 2062 1093 2137 Septembris-pag.
1114 2056 1173 2119 125

217 2140 388 2202 adnotetur:
415 2141 569 2203 Dedicotio
590 2141 742 2202 Basilicae
755 2140 786 2203 S.
805 2142 913 2220 ,doqcli
935 2143 1098 2203 Michaelis.
1116 2139 1173 2199 ldi-

217 2240 301 2298 psum
326 2228 441 2283 constet
461 2242 499 2283 ex
521 2222 756 2301 Martyrologiis.
780 2226 1030 2284 Anniversarium
1048 2222 1172 2283 Dedica-

217 2304 305 2362 tionis
326 2302 357 2364 S.
382 2304 496 2365 Mariae
517 2306 553 2363 ed
576 2305 727 2384 Martyres
750 2300 880 2366 babetur
902 2306 931 2363 in
955 2303 1177 2382 Martyrologio,

215 2383 336 2453 Bedae‚
360 2384 389 2443 in
411 2385 546 2445 Romano
561 2385 677 2455 Parvo,
695 2392 725 2446 et
742 2387 768 2445 in
785 2387 913 2464 genuino
928 2384 1070 2446 Usuardi.
1089 2382 1172 2443 Circe

216 2464 448 2541 inscriptiones,
473 2468 635 2527 notandum
659 2473 730 2536 est,
755 2467 996 2543 antiquissimum
1021 2485 1088 2526 esse
1111 2482 1171 2524 mo-

214 2562 279 2605 rem
304 2546 383 2605 diem
407 2546 636 2609 Dedicelionnm
658 2548 861 2609 Ecclesiarum
885 2548 1033 2625 lapidibus
1064 2546 1173 2606 inscul-

216 2644 308 2701 pere,
332 2628 368 2687 ed
391 2631 568 2689 memoriam
590 2629 727 2696 scilicet,
751 2636 781 2691 et
803 2632 848 2690 ed‘
864 2630 1059 2691 recolendum
1083 2625 1172 2688 Anni·

213 2708 382 2769 versarium
404 2708 528 2771 Festum
550 2710 754 2781 earumdem,
778 2713 821 2771 uti
842 2715 926 2787 patet
947 2729 984 2771 ex
1006 2708 1172 2771 innumeris

214 2792 427 2851 monumentis.
971 2822 975 2833 ·

255 2870 295 2930 ll.
319 2870 384 2931 Je'm
406 2873 444 2931 ed
467 2872 653 2950 Scriptorum
682 2873 854 2933 testimonie
886 2878 1103 2933 convertamur
1134 2868 1169 2930 ad

214 2955 409 3014 astruendum
442 2970 574 3014 annuum
597 2951 722 3014 Festum
744 2952 983 3015 Consecrationis
1005 2952 1168 3013 Ecclesiae.

214 3033 303 3107 Apud
320 3032 351 3093 S.
370 3034 572 3112 Augrrstinom
588 3033 677 3094 Tem.
701 3033 721 3093 5
744 3038 821 3111 part.
844 3033 866 3093 2
887 3033 944 3095 ΡΙ).
962 3033 1168 3094 Maurinorum

215 3112 297 3173 Edit.
323 3113 432 3177 Venet.
458 3115 609 3176 habentur
624 3116 735 3191 ¹pleros
750 3114 912 3177 Sermones
926 3116 964 3174 de
980 3114 1171 3175 Dedicatione

215 3193 381 3257 Ecclesiae.
405 3196 557 3274 Tempore
578 3194 609 3259 S.
634 3194 771 3272 Gregorii
794 3195 808 3255 Ι
831 3198 882 3272 qui
911 3196 984 3256 obiit
1012 3214 1090 3255 enno
1112 3192 1170 3253 dot

212 3276 326 3353 ubique
350 3280 378 3337 in
393 3276 558 3337 Occidente
573 3277 766 3337 celebrentur
781 3280 871 3337 annui
886 3276 1008 3338 Natales
1024 3274 1171 3337 Ecclesia-

120 3400 127 3411 .
214 3373 282 3417 rum
307 3359 392 3426 dies,
417 3363 500 3435 patet
528 3376 566 3418 ex
594 3356 729 3435 Epistola
752 3358 791 3418 71
816 3360 853 3417 ed
876 3358 1025 3419 Mellitum
1049 3357 1169 3433 Episco-

212 3456 285 3513 pnm
307 3443 520 3517 properantem
537 3440 573 3500 ed
589 3436 719 3515 Angelos
740 3439 818 3515 apud
836 3437 892 3498 ΡΡ.
910 3441 1066 3502 Macerinus
1080 3436 1166 3498 Tora.

213 3516 244 3575 ἓ.
269 3518 334 3583 Lib.
358 3520 387 3581 11
410 3520 544 3596 Epistola
566 3520 619 3579 76.
644 3517 739 3579 Usum
763 3520 923 3597 peragendi
945 3520 1165 3581 Aoniorrsoric

211 3600 339 3677 antiquis
353 3602 532 3665 Christianis
547 3601 636 3661 valde
651 3599 833 3663 familiarem
846 3600 949 3672 luisse,
966 3603 1013 3663 vei
1029 3603 1066 3663 ed
1082 3618 1167 3679 agen-
