2517 4059
444 208 668 279 whhdltss·

65 328 200 390 dentur.
221 329 334 394 Verum
357 335 479 396 ineunte
500 334 627 398 Saeculo
642 335 719 399 XVI
735 336 866 399 Romana
889 336 955 414 ipsa
975 333 1032 398 Ec-

65 409 169 470 clesia
184 416 438 478 consecrationem
461 419 538 480 inter
559 424 590 481 et
605 420 802 481 elevationem
816 419 923 482 Calicis
938 421 1031 482 rerba

67 492 153 554 haec
176 495 256 556 dicta
278 497 383 560 voluit.

416 660 544 724 CAPUT
565 663 697 725 xxvu.

86 837 133 880 DE
158 839 257 885 PRECE
278 840 362 886 unns
384 841 425 886 ET
447 843 608 897 usuonES,
631 844 732 888 SUPRA
752 843 837 898 Quas
858 843 1016 896 unorum,

324 923 364 966 ΕΤ
387 923 549 970 surculeum
572 927 613 970 TE
627 925 791 970 'coensium

117 1068 143 1127 l.
170 1065 202 1127 ln
225 1067 281 1128 hac
304 1071 451 1142 oratione,
475 1071 503 1130 in
526 1089 585 1147 qua
607 1072 697 1132 etiarn
719 1041 837 1134 nomine
859 1071 963 1150 populi
979 1069 1032 1132 Sa-

71 1149 186 1211 cerdos
201 1154 445 1214 commemoratis
459 1149 609 1222 Passione,
623 1151 865 1221 Resurrectioue,
881 1159 913 1214 et
922 1152 1031 1214 Ascen-

71 1234 161 1294 sione
183 1231 305 1292 Domini
326 1232 424 1294 Nostri
446 1233 515 1295 lesu
537 1235 676 1303 Christi,
703 1235 834 1296 Aeterno
856 1235 936 1296 Patri
959 1228 1032 1296 Cor-

71 1332 135 1390 pus
157 1310 225 1374 Filii
248 1315 338 1395 ejus,
362 1321 392 1376 et
413 1315 591 1394 Sanguinem
614 1317 671 1378 sul)
692 1318 848 1393 speciebus
872 1317 976 1394 panis,
1000 1324 1031 1376 et

72 1397 138 1456 vini
160 1401 231 1456 ante
252 1415 285 1458 sc
308 1398 411 1474 positis
432 1397 549 1467 ollert3
578 1401 687 1461 merito
708 1405 808 1460 autern
831 1400 880 1460 hic
902 1416 1034 1460 comme·

72 1484 179 1538 morat
201 1475 346 1542 Sacerdos
368 1476 551 1552 Passionem,
575 1477 850 1550 Resurrectionem,
867 1489 898 1542 et
920 1480 1032 1542 Ascen-

72 1561 211 1627 sionem,
234 1568 266 1622 ut
289 1579 342 1639 per
364 1559 531 1622 Passionem
553 1562 722 1628 charitate,
748 1580 800 1639 per
822 1561 1031 1624 Resurrectio-

72 1661 147 1703 nem
171 1640 242 1713 srde,
265 1650 296 1705 el
317 1663 370 1723 per
392 1643 604 1706 Ascensionem
627 1661 680 1719 spe
701 1661 805 1704 omnes
828 1645 943 1704 munire
967 1661 1035 1720 pos·

72 1725 195 1791 simus,
218 1743 252 1784 ac
275 1725 448 1786 confortari.
473 1722 551 1798 Quid
581 1727 661 1788 enirn
685 1725 779 1802 magis
801 1725 980 1786 charitatem
1002 1725 1032 1784 in

73 1806 165 1866 nobis
187 1807 331 1873 accendit,
356 1825 446 1882 quam
471 1809 639 1878 memoria,
663 1807 743 1884 quod
765 1808 804 1867 ita
828 1805 907 1870 Dens
928 1806 1033 1867 dilexit

73 1886 248 1956 Mundum,
273 1893 308 1948 ut
328 1885 437 1950 Filium
459 1887 525 1966 ejus
548 1887 749 1966 Unigenitum.
761 1889 875 1950 darell
896 1887 975 1962 Quid
1003 1888 1032 1948 in

74 1969 164 2030 nobis
186 1966 290 2030 Fidem
313 1967 413 2030 firmat
434 1969 538 2047 magis,
563 1987 653 2048 quam
677 1970 859 2041 memorari,
883 1970 964 2048 quod
986 1968 1032 2029 le·

73 2069 128 2111 sus
150 2051 316 2112 resurrexit
336 2070 352 2111 a
375 2053 512 2121 mortuis,
537 2060 567 2114 et
590 2070 670 2112 mors
692 2052 733 2111 illi
756 2054 833 2114 ultra
856 2071 913 2114 nou
936 2052 1032 2114 domi·

76 2134 224 2205 nabiter,
247 2133 299 2194 sed
322 2139 450 2195 mortem
474 2141 606 2196 nostram
629 2134 783 2194 moriendo
805 2134 976 2201 destruxit,
999 2140 1030 2194 et

75 2215 172 2276 vitam
196 2216 380 2293 resurgendo
406 2217 579 2293 reparavit,
604 2223 636 2278 ut
656 2217 734 2276 sicut
756 2234 859 2276 omnes
882 2217 911 2275 in
934 2214 1031 2275 Adam

75 2297 261 2362 moriuntur,
280 2298 319 2358 ita
336 2299 364 2356 in
380 2297 500 2360 Christo
522 2315 626 2359 omues
642 2295 855 2360 vivificentur?
876 2298 955 2372 Quid
972 2305 1048 2356 usa*

75 2379 122 2457 gis
144 2380 264 2440 tandem
288 2381 423 2457 spemin
446 2381 529 2440 nobis
550 2377 730 2456 amplificat,
754 2399 846 2456 quarn
869 2380 1032 2440 memorari

76 2461 149 2538 quid
165 2459 351 2537 Redemptor
373 2461 537 2522 ascendens
560 2462 588 2522 iu
603 2462 697 2522 altum
712 2462 861 2538 captivam
877 2461 963 2522 duait
983 2477 1031 2520 ca-

77 2543 259 2619 ptivitatem,
283 2542 365 2604 dedit
386 2542 463 2603 dona
485 2543 668 2614 hominibus,
691 2550 722 2604 et
744 2545 798 2603 ivit
820 2561 926 2621 parare
950 2542 1031 2602 nobis

76 2627 177 2688 locum
200 2626 228 2686 in
251 2625 364 2693 caelis,
391 2623 475 2702 juxta
497 2625 569 2685 illud
591 2623 710 2685 loannis
731 2625 830 2703 Caput
849 2622 923 2685 xlv
953 2621 1031 2684 Vodo

73 2724 189 2787 peroro
211 2707 289 2768 nohis
303 2708 409 2768 locum.
426 2705 511 2766 Haec
526 2706 782 2768 Comrnemoratio
798 2704 956 2777 Passionis,
974 2703 1032 2765 Re·

77 2790 293 2859 surrectionis,
318 2794 348 2848 et
369 2787 559 2848 Ascensionis
580 2785 693 2849 Christi
722 2789 852 2851 habetur
880 2790 971 2849 etiarn
1000 2788 1030 2846 iu
1149 2843 1153 2850 .

78 2868 221 2948 Liturgiis
241 2870 273 2931 S.
289 2868 462 2939 Clementis,
486 2870 598 2940 Basilii,
622 2876 653 2930 et
674 2868 792 2931 loannis
806 2869 1028 2948 Chrysostomh

77 2971 112 3013 ac
135 2953 164 3012 in
187 2953 313 3014 caeteris
335 2953 483 3020 omnibus,
509 2953 552 3014 uti
570 2958 698 3014 testatur
714 2951 877 3014 hisnardus
900 2953 928 3011 in
952 2950 1030 3012 notis

76 3034 118 3095 ad
140 3033 415 3097 Sucromcnmrinm
437 3053 504 3113 pag.
530 3031 580 3092 19.
604 3031 670 3103 lla,
702 3052 779 3110 quae
800 3035 960 3111 praecipue
981 3033 1031 3093 hic

79 3137 112 3179 se
135 3117 219 3177 nobis
240 3116 384 3178 exhibent
405 3115 599 3194 explananda,
623 3117 653 3176 in
677 3117 780 3192 primis
803 3115 851 3175 illa
873 3121 943 3177 sunt
964 3132 1032 3176 rer·
1058 3153 1063 3162 ·

76 3201 131 3260 ha:
156 3198 291 3259 Hostiam
311 3215 430 3274 puram,
447 3196 585 3258 Hostiam
605 3208 752 3266 sanctam,
768 3194 904 3258 Hostiam
924 3198 1030 3258 immo·

77 3283 218 3349 calutum,
237 3297 348 3358 panem
361 3285 497 3346 sonclrrm
518 3280 596 3340 citos
617 3290 765 3348 aeternos,
782 3289 811 3339 ct
829 3279 962 3342 Calicem
982 3295 1028 3338 sa·

76 3364 147 3424 lotis
169 3372 340 3442 perpetuos.
365 3361 411 3422 Ad
433 3378 510 3438 quac
532 3360 626 3422 verba
646 3358 777 3422 Rubrica
803 3362 924 3422 adnotat
944 3361 1028 3436 quiu-

78 3461 135 3522 que
168 3443 438 3520 crucesignationes
465 3459 530 3504 esse
557 3441 718 3504 iaciendas.
747 3441 825 3504 Hinc
852 3461 922 3504 cunr
956 3442 1029 3503 haec

77 3525 177 3586 omnia
200 3526 328 3603 egregie,
352 3529 383 3586 et
402 3523 473 3585 satis
493 3541 638 3602 congrue,
654 3524 879 3601 luculenterque
900 3523 963 3604 jam
978 3543 1031 3586 ex·

78 3608 245 3685 planarerit
264 3605 335 3680 Solo
358 3608 388 3668 in
411 3606 453 3668 IV
475 3606 698 3670 Sententiarum
713 3605 791 3668 mss.
817 3606 862 3667 15
878 3607 1031 3687 peccent
