2517 4059
439 176 646 249 *utiter-

82 308 153 364 stans
174 304 247 381 apud
269 301 451 383 Episcopum
481 306 556 365 dicit
586 304 646 365 alta
669 321 744 364 voce
771 304 896 367 intono
923 305 1025 366 iectio-

82 386 142 445 uis:⁴
160 383 259 445 Oleum
282 386 483 448 adsparsum
501 387 655 456 Cbrirmcu
677 391 709 448 et
730 404 802 446 mox
824 388 928 448 eadem
952 405 1026 449 voce

81 473 108 526 et
126 473 189 527 tono
210 467 379 545 subiungat:
408 465 512 527 Oica-m
538 468 839 531 Cotcctamcnorum.
863 470 1025 547 Amputiao

81 544 138 609 Otei
152 546 327 609 Chrismatis
348 548 474 625 Oieique
497 549 792 612 Cateobumenorum
815 568 836 609 e
855 551 1023 613 Secretario

80 647 125 689 seu
145 632 281 691 sacristia
310 631 474 693 additare
506 632 696 693 deierantur.
731 631 764 691 io
787 633 845 693 bac
865 649 1023 694 sacrorum

79 711 272 773 benedictione
288 710 436 772 Ote'orum
452 713 650 775 celeberrima
667 732 739 789 prae
755 716 864 774 ceteris
880 714 1024 775 fuit-Pro·

80 798 176 855 cessio.
198 794 427 855 Observandum
451 797 642 871 estquidam
676 797 705 854 io
728 796 785 855 bac
806 790 1021 862 Processione.

77 876 157 936 ritum
181 894 246 937 esse
271 877 365 949 ipsam
389 876 527 951 publicae
549 878 734 938 oblationis.
765 894 825 953 qua
848 877 1026 939 Sacerdotes

76 963 103 1017 et
120 958 247 1019 Ministri
271 954 423 1017 Ecclesiae
446 959 566 1018 nomine
589 959 691 1035 popuii
705 956 867 1019 Christiani
890 960 1023 1020 otierunt

75 1039 214 1117 Episcopo
237 1036 346 1099 Oleum
370 1038 407 1098 ad
429 1039 668 1101 benedictionem
691 1048 723 1100 et
742 1044 1018 1109 consecrationem,

72 1119 146 1197 juxta
169 1120 241 1183 iliud
265 1120 360 1180 Exodi
383 1119 507 1181 xxvii
531 1118 674 1197 Praecipio
697 1123 769 1203 filiis
784 1120 893 1192 irruet,
917 1132 952 1182 ut
977 1121 1025 1199 u!-

73 1203 166 1281 scrnnt
181 1205 234 1265 tibi
249 1200 344 1262 oleum
360 1200 395 1261 dc
411 1202 566 1263 arboribus
582 1204 733 1264 oiiourum
741 1204 949 1282 purissimum.
964 1202 1024 1263 Ob·

74 1287 245 1345 servandum
268 1290 315 1344 est
336 1284 492 1354 secundo,
528 1284 655 1359 proierri
678 1282 787 1345 Oteum
809 1304 827 1345 e
852 1285 1025 1346 Secretario

76 1382 122 1425 seu
143 1366 282 1428 Sacristia
309 1366 392 1425 iuxta
422 1367 661 1441 antiquissimum
691 1364 859 1444 Ecctesiae⁸
876 1384 1020 1436 morem,

75 1464 142 1522 quo,
165 1454 198 1509 ut
220 1448 307 1513 scite,
330 1448 501 1508 observavit
522 1446 690 1508 Cardinaiis
711 1448 873 1517 Batonius,
897 1447 1023 1509 obtatio·

76 1546 120 1588 nes
141 1529 277 1592 fidetium
298 1528 335 1588 in.
349 1528 518 1589 Secretarin
545 1529 679 1605 primum
701 1531 954 1607 deponebantur,
987 1535 1023 1595 ut

75 1609 108 1669 ibi
130 1613 350 1689 inspicerentur
372 1618 403 1670 et
424 1610 679 1677 examinarentur,
702 1628 740 1669 an
764 1612 968 1672 admittendae
988 1617 1021 1670 et

75 1692 249 1774 adulturae
272 1690 478 1761 deferendae,
512 1709 549 1751 an
581 1692 785 1769 repudiandae
812 1700 921 1754 essent.
945 1692 1022 1753 iitud
1056 1710 1059 1715 ·

75 1776 153 1833 tertio
175 1774 477 1843 obseruandumest,
503 1776 655 1850 pertinere
677 1774 800 1849 quidem
822 1775 858 1832 ad
882 1775 1020 1833 sanctita·

74 1859 126 1913 tem
141 1854 290 1934 Mysterit
316 1855 395 1931 quod
412 1854 594 1923 celebratur,
618 1861 654 1915 ut
676 1856 801 1915 materia
824 1854 914 1923 iilius,
936 1853 1022 1914 Oieo·

73 1951 133 1995 rum
155 1934 270 2020 scilieet
291 1942 322 1996 et
346 1938 498 2013 balsami,
528 1941 706 1999 reverenter
726 1943 758 1997 et
777 1937 845 1996 cum
865 1936 948 1995 omui
969 1935 1019 1993 dc-

74 2021 166 2087 corc',
183 2024 218 2077 ut
237 2022 324 2077 vetus
346 2017 429 2078 Ordo
449 2017 607 2079 'Romanus
628 2020 665 2077 et.
679 2018 796 2094 antiqui
807 2016 1022 2095 &manuscripti

73 2096 144 2157 Libri
166 2096 356 2166 Pontificaies
379 2102 554 2176 loquuntur,
579 2100 608 2159 in
633 2097 812 2176 hujusmodi
828 2097 1021 2160 Processior‘ra
1081 2151 1083 2158 .

74 2180 104 2239 ad
127 2181 229 2242 ditare
251 2186 320 2242 ante
342 2178 526 2259 Episcopum
550 2182 738 2258 deportetur.
764 2180 893 2258 Dignum
916 2188 1024 2258 quarto.

76 2262 228 2325 observatu
250 2268 317 2333 est,
352 2264 524 2334 noomodo
546 2263 624 2338 apud
648 2260 787 2331 Latinos,
817 2260 869 2322 sed
892 2269 923 2322 et
943 2263 1022 2341 apud

73 2340 204 2414 Graecos,
235 2344 265 2401 in
289 2345 478 2423 processione
490 2345 540 2403 in
553 2362 612 2420 qua
626 2343 848 2404 deferebantur
870 2345 1021 2419 ampnttae

75 2426 136 2495 otei,
159 2429 223 2486 sive
245 2428 404 2503 unguenti,
425 2424 525 2499 fnisse
539 2426 616 2503 ipsas
639 2426 708 2484 veto
731 2430 836 2485 tectas.
862 2426 962 2498 Quem
983 2428 1022 2486 ri·

73 2511 129 2566 tum
151 2508 226 2571 inse·
239 2504 358 2568 enarrat
379 2507 552 2568 Auratarius
574 2507 666 2567 Libro
688 2506 788 2583 primo
809 2504 854 2567 De
873 2504 1023 2568 Ecclesia

73 2589 145 2649 stiria
171 2587 293 2731 Θεαῖε,
316 2588 419 2664 Capite
442 2588 515 2649 Xii.

107 2668 187 2737 vug
222 2689 323 2746 omma
346 2688 414 2729 cnm
438 2670 626 2733 solemnitate
648 2669 822 2752 Ampuiiam
845 2669 1022 2733 Chrismatis

73 2751 396 2813 consecrandi'deierri
419 2748 498 2813 oiim¹
513 2746 549 2811 ad
572 2752 754 2829 Episcopum
776 2750 1020 2814 consecratorem
1039 2770 1042 2775 ·

74 2837 284 2901 consuevisse,
312 2839 459 2907 testantur
482 2850 557 2911 pene
579 2850 684 2894 omnes
711 2832 792 2892 Libri
819 2833 1017 2900 Pontificates.

72 2909 135 2975 Post
156 2916 271 2977 delatas
293 2913 470 2997 Ampuiias,
491 2915 633 2975 babebat
653 2911 821 2991 Episcopus
849 2931 1021 2987 sermonem
1053 2985 1055 2987 p

74 2996 235 3059 adCierum
259 3002 349 3073 atque
371 2996 406 3054 ad
430 2998 589 3073 poputum,
613 2996 828 3055 consecrationi
844 2992 1021 3055 Chrismatis

74 3087 290 3159 congruentem,
314 3079 356 3137 uti
380 3083 553 3141 constater
576 3080 642 3155 ipso
663 3078 788 3152 antiquo
809 3073 944 3136 Romano
964 3074 1023 3139 Or·
1087 3153 1090 3157 .

75 3158 133 3219 dine
162 3162 291 3237 aliisque
321 3160 457 3237 piurimis
480 3156 704 3220 pontificatibus
725 3156 834 3217 Libris.
858 3155 1023 3219 PostOra·

77 3242 159 3309 tiones
182 3243 264 3303 Deus
286 3238 501 3319 Myatcriorum
519 3242 718 3306 innotescam,
743 3245 775 3301 et
800 3240 1022 3301 creaturarum

76 3328 196 3386 omnium
225 3321 355 3385 Domine
379 3331 581 3401 procreator,
602 3321 774 3398 Episcopus
805 3320 916 3381 miscet
931 3338 1022 3395 super

75 3401 215 3477 Prienam,
241 3403 288 3465 vei
313 3406 341 3465 in
356 3405 459 3482 atiquo
474 3420 545 3464 vase
562 3405 734 3480 balsamum*
747 3421 815 3463 cnm
833 3403 950 3461 modico
962 3400 1020 3472 otei

77 3485 105 3546 do
118 3486 437 3567 ampuitaChrismatis
453 3488 575 3563 sumpt-i,
594 3487 706 3548 dicens:
725 3482 1021 3552 OremucDominum

77 3567 157 3631 dcun
178 3578 319 3631 nostrum
342 3576 400 3629 etc.
425 3567 512 3647 Apud
535 3566 658 3629 Latinos
689 3585 729 3632 ex
749 3565 824 3627 Oion
846 3566 969 3643 quidem
989 3569 1021 3627 et
