2517 4059
525 210 667 281 ›spasa
688 220 748 282 &a

171 357 224 399 nes
238 342 322 398 extra
339 338 520 413 provinciam
543 357 628 398 suam
646 345 880 400 commorantur.
898 337 1046 411 Quamvis,
1058 334 1123 395 Pal-

173 421 245 481 lium
270 436 390 478 sacrum
414 421 527 495 insigne
548 422 609 490 sit,
633 422 712 497 quod
736 422 808 481 solis'
830 418 956 497 dejure
980 418 1124 493 competit

172 502 437 577 Archiepiscopis3
462 507 614 568 attamen,
639 520 675 561 ex
699 502 814 561 Summi
836 498 986 561 Pontificis
1009 498 1125 577 privile·

172 585 247 662 gio,
281 582 413 641 nonnulli
446 582 595 657 simplices
618 582 756 661 Episcopi
791 590 1013 644 consueverunt
1033 580 1126 639 Pallio

173 665 379 725 condecorari.
393 662 519 741 Syagrio
542 664 805 741 Augustodunensi
829 663 977 740 Episcopo
999 660 1126 740 ejusque

172 744 403 805 successoribus
434 745 515 804 Pallii
549 746 695 807 honorem
723 747 856 805 delatum
887 744 954 803 aS.
979 742 1126 823 Gregorio

174 830 294 903 hlagno,
311 827 454 885 discimus
477 844 514 885 ex
536 827 672 907 ejusdem
687 828 825 903 Gregorii
849 824 980 901 Epistola
1003 824 1042 883 ll.
1060 822 1128 883 Mos

175 908 336 984 aliquando
359 910 387 965 in
414 906 551 966 Ecclesia
574 908 649 978 luit,
675 915 708 967 ut
730 910 845 968 nonnisi
861 906 986 967 Romam
1007 951 1014 975 ,
1038 914 1069 965 et
1089 906 1128 964 ad

176 991 277 1049 limina
295 990 505 1061 Apostolorum
533 991 741 1059 venientibus,
766 992 900 1065 adeoque
923 986 1131 1066 praesentibus

173 1071 301 1131 Sacrum
314 1067 442 1128 Pallium
458 1072 642 1131 traderetur.
661 1071 691 1131 ld
709 1071 842 1148 proiecto
863 1072 1039 1130 auctoritate
1055 1066 1131 1125 Pon-

177 1152 292 1213 tificum
316 1168 439 1209 suorum
456 1154 679 1212 antecessorum
702 1154 855 1214 decretum
879 1152 941 1230 jaur
965 1152 1035 1209 olim
1060 1148 1132 1209 iuis-

178 1252 223 1300 se,
247 1238 373 1291 testatur
395 1232 424 1289 in
447 1232 554 1293 litteris
575 1235 611 1293 ad
636 1235 805 1294 Brunonem
829 1231 1010 1308 Episcopum
1037 1228 1132 1291 Veross

179 1332 299 1374 oensem
324 1312 354 1374 S.
378 1310 541 1391 Gregorius
566 1314 620 1374 Vll
638 1316 703 1374 Lib.
722 1316 733 1375 Ι
752 1315 847 1395 Epist.
866 1312 979 1374 XXVI.
998 1312 1132 1387 idipsum

178 1394 339 1455 confirmat
366 1394 432 1457 Lib.
462 1396 508 1455 lX
531 1394 629 1473 Epist.
656 1396 673 1455 1
694 1398 742 1456 ubi
765 1399 969 1457 cunctationes
992 1392 1133 1471 Episcopi
1154 1464 1161 1475 ⁸

179 1475 419 1549 Rotomagensis,
437 1485 467 1536 et
484 1479 600 1554 petendi
616 1477 700 1537 Pallii
717 1478 995 1556 procrastinationes
1011 1474 1135 1534 damna·

180 1559 233 1618 vit.
257 1557 354 1616 Testis
377 1557 506 1634 denique
528 1557 662 1635 ejusdem
686 1560 856 1635 disciplinae
879 1558 1134 1616 luculentissimus

177 1645 225 1699 est
247 1638 277 1699 S.
303 1638 408 1699 Petrus
438 1640 611 1699 Damianos.
638 1642 806 1716 Antequam
832 1639 1007 1705 tribuatur,
1040 1638 1136 1713 exigi·

180 1728 230 1781 tur
255 1718 460 1795 juramentum
491 1719 582 1789 fidei,
616 1730 647 1781 et
674 1722 840 1785 obedientia
875 1737 945 1797 erga
974 1719 1134 1779 Surnmuur

180 1799 379 1870 Pontificem,
404 1802 494 1877 idque
517 1820 657 1879 praesens
679 1806 789 1863 emittit
812 1820 913 1862 coram
943 1802 1039 1877 primo
1064 1800 1134 1858 Dia·

180 1899 257 1941 cono
281 1880 430 1943 Gordinali
450 1927 457 1952 ,
480 1886 588 1945 absens
609 1890 710 1944 autem
740 1885 777 1943 ab
799 1882 880 1943 Urbe
907 1899 1009 1961 coram
1032 1882 1136 1957 aliquo*

182 1963 439 2041 Archiepiscopo,
463 1965 512 2025 cui
536 1983 584 2025 res
606 1971 668 2027 tota
690 1984 707 2024 a
731 1964 865 2025 Romano
888 1961 1031 2023 Pontifice
1053 1978 1137 2021 corn-

180 2045 271 2106 missa
294 2051 350 2105 est.
1132 2045 1134 2053 ’

226 2124 264 2181 V.
287 2124 404 2197 Quanta
420 2134 520 2187 autern
538 2128 704 2187 reverentia
728 2126 852 2187 Pettium
870 2130 906 2185 ab
922 2126 1070 2203 Episcopo
1085 2124 1137 2183 de·

184 2208 277 2265 latum
301 2208 330 2263 in
354 2225 424 2267 rase
440 2216 598 2282 argenteo,
615 2210 653 2269 ab
669 2208 902 2285 Archiepiscopo
920 2208 1137 2283 susciperetur,

181 2286 343 2361 eidemque
366 2288 583 2363 imponeretur,
601 2290 737 2366 pluribus
754 2297 874 2350 narrant
889 2286 1055 2347 Eadmerus
1070 2286 1137 2344 Lib.

184 2367 206 2427 2
220 2374 250 2427 et
264 2366 284 2427 5
300 2366 454 2429 Nor-oram
468 2370 601 2448 papea,-
615 2377 646 2431 et
664 2373 835 2433 Willelmus
852 2366 1138 2437 ltlalrnesburiensis,

183 2451 235 2510 lib.
255 2452 271 2505 l
290 2449 325 2509 dc
351 2452 428 2510 Vitis
444 2450 626 2530 Pontificum
641 2470 714 2531 pap.
733 2452 810 2523 aaa·
825 2452 885 2511 Leo
901 2450 970 2510 Vll.
988 2450 1077 2511 Gesta
1096 2446 1141 2507 ln·

187 2534 314 2589 nocentri
338 2531 379 2590 lll
402 2532 499 2609 Papae
515 2554 544 2611 p.
561 2532 614 2601 bl,
630 2532 791 2595 Durandus
806 2530 857 2593 lib.
872 2532 891 2591 3
913 2550 940 2591 c.
957 2530 1141 2605 17.Snmpto

186 2610 280 2670 Pallio
291 2612 544 2690 Arclriepiscopus
558 2634 606 2683 ea,
619 2632 696 2689 quae
712 2622 781 2675 sunt
792 2616 837 2675 sui
854 2615 986 2673 muneris
1009 2610 1140 2689 propria,

186 2698 270 2751 secte
284 2711 426 2754 exercere
439 2702 545 2771 potest,
560 2703 647 2757 antea
663 2714 719 2756 non
732 2704 841 2773 potest;
855 2697 964 2753 adeout
979 2700 1009 2754 et
1023 2696 1143 2768 proriu-

187 2774 295 2833 cialern
317 2778 462 2853 synodum
487 2778 627 2846 indicere,
641 2783 670 2837 et
692 2778 823 2838 chrisma
845 2774 1004 2835 conticere.
1022 2774 1052 2833 et
1070 2772 1144 2849 Epi·-

187 2872 295 2931 scopos
309 2875 506 2923 consecrare,
531 2865 562 2921 et
584 2869 684 2920 cetera
707 2878 763 2919 non
779 2861 876 2919 solum
901 2855 1140 2931 metropolitica,

187 2937 342 2997 sedetiam
366 2938 551 3015 Episcopalia
569 2958 691 3001 manera
708 2940 790 3004 obire
806 2938 1011 3015 prohibeatur,
1030 2938 1090 2995 imo
1105 2950 1144 2994 ne

188 3017 415 3096 Archiepiscopi
438 3023 557 3095 quidem
582 3029 734 3081 mereatur
748 3040 866 3081 nomen.
884 3019 1009 3079 Graecis
1025 3015 1144 3093 Episco-

190 3100 235 3174 pis
250 3119 410 3160 commune
423 3120 489 3163 esse
505 3103 625 3163 Palliurn
641 3104 727 3162 docet
740 3102 858 3162 Simeon
870 3096 1145 3160 Thessalonicensis

190 3176 254 3239 Lib.
269 3180 305 3239 de
324 3178 448 3261 Templo,
466 3194 493 3243 er
515 3184 621 3245 lllr‘rsm
638 3183 797 3243 Familiare
815 3185 934 3258 insuper
956 3181 1034 3257 apud
1051 3178 1146 3238 Grae·

190 3277 242 3320 cos
258 3262 315 3322 luit
330 3279 416 3321 ovem
429 3272 591 3333 errantem,
606 3282 696 3342 quam
712 3264 857 3323 Dominus
878 3263 1013 3325 hunreris
1028 3259 1147 3335 imposi-

191 3348 252 3402 tam
268 3344 304 3404 ad
321 3362 441 3419 gregem
456 3348 631 3419 reportavit,
656 3364 709 3423 per
724 3344 849 3405 Pallium
862 3346 1028 3420 designare.
1042 3338 1148 3400 Houo-

191 3426 254 3484 rios
267 3426 546 3500 augustodunensis
568 3430 634 3487 ideo
649 3430 691 3488 ait
706 3428 818 3503 portari
834 3424 959 3485 Pallium
985 3426 1060 3483 inter
1076 3421 1147 3481 Mis·

193 3522 295 3565 sarum
319 3506 490 3577 solemnia,
515 3512 584 3585 quia
607 3510 635 3567 in
658 3527 695 3569 eo
717 3510 828 3568 enitent
851 3504 980 3565 maxime
1003 3502 1149 3581 mysteria

193 3586 365 3659 Passionis,
389 3608 466 3666 quae
488 3592 589 3650 omnia
610 3591 704 3651 insius
727 3590 756 3647 iu
778 3606 833 3649 suo
866 3588 941 3649 libro
963 3586 999 3646 de
1023 3584 1148 3647 Gemma
