2517 4059
566 200 793 272 1111118ὤῦ

201 329 292 405 periri
315 329 528 399 Praelationes,
551 332 664 407 vixque
686 330 746 388 ulla
761 328 852 389 Missa
874 335 930 399 est,
954 330 1003 390 cui
1025 331 1159 407 propria,

199 416 231 471 ct
244 412 406 490 peculiaris
423 431 479 471 non
495 413 675 490 assignetur.
692 410 759 484 Quo
773 429 846 472 vero
862 418 999 488 tempore
1014 417 1059 472 tot
1072 409 1164 472 Prae·

199 492 327 553 tationes
352 495 515 562 desierint,
539 513 597 553 non
621 493 726 569 liquet.
739 493 951 554 ¹Praelationes
967 511 1074 554 novem
1091 499 1163 554 sunt

156 624 158 628 .
199 575 282 634 iuxta
305 594 361 647 ea,
386 595 464 653 quae
478 575 622 654 Pelagius
645 574 674 634 11
696 575 816 651 scripsit
836 576 874 634 ad
896 573 1061 652 Episcopus
1082 573 1160 636 Ger-

198 659 341 728 maniae,
371 665 402 718 ct
424 658 549 719 Galliae.
574 657 675 716 Prima
696 659 734 716 de
757 655 922 717 Notieitote
945 658 1089 724 Domini,
1113 675 1162 717 se-

198 739 295 800 cunda
317 739 354 799 de
377 737 570 818 Epiphanio,
594 741 682 800 tertia
704 739 742 799 dc
767 737 1028 816 Quadrupesimo,
1051 745 1160 815 quarta

196 819 234 878 de
258 821 375 890 Crnce,
406 823 510 895 quinta
532 822 569 881 de
592 819 758 888 Porclaca,
791 828 874 880 sexta
903 821 939 878 de
962 822 1158 887 1111111111,

196 909 323 980 septima
345 903 381 962 de
403 900 589 970 Pentecoste,
614 908 720 962 octava
742 903 780 962 de
805 899 861 962 SS.
890 899 1056 968 Trinitate,
1080 920 1161 962 nona

137 1017 141 1024 ·
196 985 233 1044 de
257 985 408 1063 Apostotie,
434 991 467 1043 ut
490 984 616 1046 babetur
631 985 660 1043 in
677 983 794 1065 Capone
816 983 1000 1044 Invenimus.
1019 981 1159 1044 Urbanus

198 1065 227 1125 11
249 1066 441 1128 additaliam
459 1067 487 1125 in
503 1063 635 1124 Concilio
656 1065 848 1127 Placentino:
872 1083 951 1141 quae
973 1071 1019 1124 est
1033 1065 1071 1125 de
1086 1065 1161 1125 Bea-

195 1148 306 1207 tissima
331 1145 466 1223 Virgine.
490 1145 576 1206 Hanc
598 1149 730 1207 nonnulli
751 1167 769 1208 a
792 1148 902 1208 Sancto
923 1147 1064 1207 Brunone
1084 1146 1158 1208 Car-

103 1273 108 1280 .
196 1229 396 1289 thusiensium
419 1227 508 1288 Patre
522 1229 631 1288 editam
648 1231 740 1290 luisse
756 1231 883 1298 volunt;
908 1234 939 1288 at
953 1246 1019 1287 earn
1036 1230 1160 1305 abipso

194 1308 315 1370 Urbano
337 1311 446 1370 iactam
470 1310 562 1370 luisse
585 1311 696 1370 diserte
718 1313 808 1370 tradit
829 1310 1022 1385 Pandulphus
1043 1311 1071 1369 in
1087 1308 1157 1386 ejus

194 1394 266 1452 vita.
292 1393 336 1451 De
360 1390 468 1468 Pelagii
493 1391 520 1451 ll
543 1389 687 1468 Epistola,
712 1395 839 1470 genuina
862 1393 911 1451 illa
934 1393 1022 1451 sitan
1038 1393 1155 1469 spuria,

193 1475 392 1534 vehementer
413 1473 531 1533 dubitat
547 1472 653 1550 Pagins
670 1476 698 1532 11
713 1475 781 1534 Vita
798 1472 908 1550 Pelagii
925 1473 973 1539 ll,
998 1491 1081 1534 num.
1102 1473 1156 1540 17.

189 1551 224 1614 vet
246 1563 315 1614 ante
329 1574 398 1616 enm
415 1555 605 1615 dubitaverat
626 1556 718 1616 etiam
741 1555 906 1616 Cardinalis
927 1555 1020 1620 Bona,
1043 1553 1112 1612 Lib.
1126 1552 1156 1615 ll

193 1636 307 1697 Rerum
330 1635 561 1713 Leturpicorem
583 1635 657 1713 Cap.
683 1637 737 1705 10,
761 1656 791 1696 1.
809 1637 839 1697 3.
863 1635 976 1697 Causas
998 1636 1157 1696 dubitandi-

190 1719 214 1778 si
238 1721 305 1795 quis
327 1720 405 1778 scire
428 1720 546 1794 cupiat,
571 1718 660 1777 adeat
682 1718 747 1779 illos
769 1726 925 1794 auctores,
949 1723 981 1776 ct
1001 1717 1153 1784 Meratum

192 1798 229 1858 Τ.
247 1801 271 1869 1,
296 1819 325 1877 p.
343 1799 368 1868 l,
393 1817 461 1877 pag.
485 1798 567 1864 230,
593 1817 678 1859 num.
703 1801 734 1860 6.
759 1800 835 1859 lllud
857 1800 1059 1861 certissimum
1083 1805 1153 1869 est,

190 1882 219 1939 in
241 1882 411 1942 Missalibus
436 1888 502 1957 post
523 1899 635 1939 annum
660 1880 740 1940 1200
761 1882 849 1942 editis
865 1899 973 1942 novem
990 1880 1056 1940 illas
1078 1881 1152 1940 dun·

189 1969 272 2023 laxat
288 1961 490 2022 Praelationes
507 1963 654 2039 reperiri,
677 1981 752 2040 quas
768 1970 903 2024 recenset
925 1964 1082 2023 decretum
1097 1961 1154 2024 Pe-

192 2044 259 2122 lagii
282 2042 311 2102 11
332 2044 440 2120 quibus
462 2043 569 2104 deinde
592 2044 692 2104 addita
718 2052 764 2104 est
786 2045 935 2105 Praelatio
961 2045 1153 2112 communis,

188 2145 265 2203 qliae
288 2125 486 2185 vetustissima
509 2131 575 2190 est,
599 2130 630 2184 et
653 2122 785 2197 Gelasio,
810 2128 856 2188 vel
879 2125 1025 2203 Gregorio
1039 2127 1151 2202 Magno

189 2208 340 2276 tribuitur,
366 2213 396 2266 et
418 2205 569 2266 Praelatio
592 2207 628 2266 de
652 2207 826 2267 Beatissimo
849 2206 973 2285 Virgine
995 2225 1085 2284 supra
1103 2225 1152 2269 11-

187 2289 269 2356 1111,
294 2289 336 2346 111
360 2293 393 2347 11
416 2289 553 2348 undecim
578 2289 637 2348 sint
660 2286 863 2350 Praelationes
883 2307 1014 2358 omnes,
1039 2289 1151 2365 quibus

188 2373 281 2431 utitur
302 2369 436 2429 Romana
460 2371 606 2430 Ecclesia.
631 2369 821 2429 Ambrosiani
844 2390 934 2431 unam
955 2388 1150 2431 communem

186 2450 339 2512 Romanae
361 2451 489 2512 similem
513 2450 646 2512 babent:
671 2453 745 2512 1111
761 2452 859 2512 Missis
882 2452 1010 2530 propriis
1031 2451 1096 2512 1111
1113 2453 1151 2512 de

187 2531 288 2600 Festo,
312 2535 374 2592 sive
396 2533 432 2592 de
456 2533 624 2600 Dominica‚
649 2539 702 2593 aut
723 2534 761 2592 de
782 2531 881 2603 Feria,
906 2533 1058 2612 propriam
1076 2534 1149 2594 item

187 2620 297 2674 canunt
319 2613 550 2674 Praelationem.
580 2611 675 2672 Simili
705 2616 793 2674 modo
815 2616 989 2676 Mozarabes
1017 2616 1151 2691 propriis

186 2715 307 2772 semper
330 2701 476 2766 utuntur,
501 2696 531 2753 in
554 2695 665 2770 qrribus
686 2697 733 2755 vel
750 2696 894 2775 mysteria
917 2694 982 2774 ejus
1004 2694 1151 2757 testivita-

186 2780 233 2846 tis',
259 2795 335 2854 quae
360 2783 427 2837 tuno
449 2776 629 2840 celebratur,
654 2779 700 2838 vel
724 2777 841 2847 Sancti,
866 2778 903 2838 de
919 2796 978 2855 quo
993 2781 1040 2837 est
1053 2777 1149 2836 Missa

185 2861 309 2928 laudes,
339 2866 368 2920 et
389 2860 523 2919 encomia
546 2857 622 2934 stylo
645 2859 786 2927 sublimi,
816 2861 968 2936 variisque
991 2860 1149 2919 sententiis

185 2948 328 3003 exornato
352 2941 537 3002 decantatur.
562 2937 684 3000 Habent
706 2942 843 3018 proprias
863 2939 1065 3002 Praelationes
1080 2941 1149 3016 qui·

185 3028 254 3086 darn
283 3021 411 3084 Ordines
433 3022 619 3100 Regulares,
654 3020 757 3098 eisque
785 3024 904 3099 praevia
930 3021 1147 3100 approbatione

185 3107 216 3169 S.
240 3104 278 3166 R.
303 3103 336 3166 C.
360 3113 484 3174 utuntur
507 3106 536 3163 in
559 3101 654 3164 Festis
676 3120 801 3164 suorum
821 3104 1043 3170 Fundatorum,
1069 3104 1147 3163 iarn-

184 3208 243 3267 que
255 3191 284 3247 in
295 3190 472 3250 eorumdem
484 3185 655 3246 Missalibus
668 3184 797 3245 insertae
809 3193 888 3246 sunt.
906 3185 1045 3262 Plerique
1056 3185 1145 3246 Prae·

184 3271 311 3330 tationes
334 3270 450 3330 initium
473 3268 511 3329 ab
534 3268 592 3328 illis
614 3266 737 3329 verbis:
761 3265 821 3329 Per
833 3269 934 3330 111111
949 3267 1068 3328 soeculo
1083 3284 1146 3326 roe·

186 3353 335 3418 culorum,
360 3352 478 3412 deducti
502 3349 637 3411 arbitrati
652 3354 732 3418 sunt,
756 3352 806 3410 sed
822 3369 993 3430 perperam3
1014 3348 1067 3410 illa
1080 3352 1148 3410 ete·

184 3430 245 3492 nim
268 3431 359 3491 verba
375 3435 412 3492 ad
429 3433 638 3511 praecedentes
653 3429 811 3494 Orationes
831 3440 961 3496 secretas
976 3432 1145 3511 pertinent,

183 3520 288 3590 utpote
311 3523 427 3574 earnm·
438 3515 608 3585 conclusio,
639 3515 762 3593 ipsaque
783 3517 843 3577 alta
863 3535 938 3577 voce
960 3516 1068 3575 recitat
1088 3511 1145 3573 Sa-

184 3595 301 3664 cerdos3
327 3601 360 3656 ut
383 3596 509 3676 populus
531 3595 712 3678 respondeat
727 3598 827 3671 Amen,
852 3601 954 3678 sicque
969 3594 1141 3663 confirmet,
