2517 4059
508 199 714 271 *178¹-

123 324 243 387 Christi
265 333 344 394 ortu,
368 328 473 403 Magos
488 326 697 390 Bethleemem
715 330 890 404 pervenisse
911 329 1086 394 arbitrator.

124 408 234 470 atera
267 416 334 485 post
356 426 466 469 annum
499 412 665 488 expletum.
689 409 792 471 Tertia
813 418 880 489 post
900 411 1001 483 duos,
1035 416 1089 475 aut

120 496 187 551 tres
210 491 275 551 lere
299 508 428 561 menses,
454 508 507 552 seu
529 499 562 553 ut
576 494 650 571 ipsis
671 491 762 570 hujus
784 495 932 569 opinionis
955 492 1088 556 Vindicis

123 574 229 633 verbis
261 581 352 641 utar,
387 574 504 653 eliquat
526 585 596 654 post
622 574 868 656 purificationem
901 578 1086 656 septimam’s.

120 654 242 728 Quarta
266 657 423 731 proxime,
458 661 510 717 aut
532 664 613 718 certe
636 676 695 718 non
719 657 849 717 multum
882 662 949 734 post
970 657 1085 720 hieriae

121 736 376 812 purificationem.
396 737 507 811 Quinta
523 756 581 798 non
598 740 727 801 multum
743 744 811 799 ante
827 737 1082 817 purificationem,

124 817 184 880 Vll
206 821 340 885 scilieet,
366 826 439 893 aut,
465 822 488 880 sl
511 821 578 889 vis,
603 820 646 882 Vl
670 820 740 881 Kal.
764 818 854 882 Febr.
880 820 971 883 Sexta
995 822 1087 883 tertio

123 901 244 962 decimo
268 908 333 977 post
354 901 422 963 lesu
446 901 555 963 Christi
577 910 679 964 ortum
700 902 760 963 die.
785 900 918 981 Septima
941 904 1086 980 denique,

119 1001 162 1044 eo
184 983 248 1061 ipse
271 984 329 1053 die,
354 1002 414 1061 quo
432 988 578 1046 natusest
592 984 688 1055 lesus,
713 989 765 1045 aut
786 992 869 1047 certe
892 986 972 1045 haud
989 985 1087 1048 multo

122 1070 203 1141 post.
229 1064 325 1125 Multo
349 1064 446 1143 major
468 1084 574 1127 sorum
595 1073 641 1128 est
664 1084 819 1136 numerus,
844 1069 897 1145 qui
912 1065 954 1127 Vl
977 1066 1085 1128 lanua-

122 1148 163 1205 rii
186 1146 266 1207 diem
283 1147 442 1225 Magorum
457 1149 589 1209 adventu
604 1166 726 1209 sacrum
743 1151 858 1211 volunt.
872 1147 1013 1226 Plerique
1028 1149 1085 1209 soi·

120 1227 196 1289 licet
218 1235 279 1289 tam
302 1228 466 1298 Historici,
484 1248 576 1307 quam
599 1232 678 1291 sacri
701 1230 894 1306 interpretes,
917 1237 949 1294 et
963 1231 1086 1293 Schola-

121 1311 192 1370 stici
208 1329 263 1387 pro
281 1312 337 1371 hac
353 1319 437 1389 parte
453 1312 619 1383 decertant,
633 1317 664 1373 et
679 1313 715 1371 ad
732 1313 810 1373 hanc
825 1316 996 1390 opinionem
1012 1313 1086 1374 alls·

122 1394 250 1453 rendam
264 1395 534 1471 vindicandumque
550 1411 627 1454 anno
644 1392 727 1455 1760
742 1395 828 1454 valde
843 1396 1011 1475 elegantem
1026 1396 1086 1456 dis·

123 1476 321 1537 sartationem
335 1477 426 1539 edidit
440 1474 484 1537 Cl.
498 1475 533 1535 P.
551 1475 709 1537 Liberatus
724 1475 885 1538 Eassonius
906 1479 1086 1540 scholarum

123 1554 258 1617 Piarum.
278 1556 316 1617 Et
332 1576 365 1619 re
380 1559 500 1635 quidem
524 1574 596 1618 vera
611 1560 649 1619 ah
664 1560 877 1636 antiquissimis
898 1578 995 1637 usque
1011 1566 1085 1621 tern-

125 1640 248 1714 porihus
270 1639 312 1701 Vl
334 1640 466 1701 ianuarii
488 1641 560 1707 die,
592 1638 781 1718 Epiphaniae
803 1639 927 1702 Festum
949 1641 1086 1703 Ecclesia

119 1720 270 1792 celebret,
295 1732 385 1798 atque
408 1724 436 1783 in
459 1740 527 1784 eam
549 1723 629 1783 diem
651 1722 782 1783 mirabili
805 1724 935 1799 quadam
962 1741 1085 1783 cousen-

122 1802 209 1862 sione
224 1800 378 1865 Ecclesiae
394 1823 497 1865 0mnes
512 1804 721 1867 occidentales
736 1807 929 1866 conveniunt.
954 1804 1042 1878 Quod
1058 1805 1083 1863 si

123 1890 245 1946 salares
268 1882 370 1947 Patres
393 1888 545 1957 consulis,
580 1886 710 1963 idipsum
736 1887 926 1947 edoceberis.
949 1886 996 1946 Ad
1020 1904 1086 1945 rem

122 1966 266 2029 audiatur
288 1968 319 2030 S.
345 1969 531 2047 Augustinus
564 1969 703 2031 Sermone
726 1966 817 2043 CClll
851 1967 888 2029 de
911 1966 1088 2048 Epiphania

123 2046 198 2126 Gap.
212 2049 236 2109 1:
255 2049 400 2112 Dominus
415 2064 516 2112 uester
531 2048 613 2109 Iasus
631 2049 767 2111 Christus
782 2061 851 2111 aute
867 2049 929 2111 dies
944 2049 1086 2113 tredecim

120 2142 236 2201 uatus,
253 2151 272 2192 a
287 2132 386 2209 Mapis
401 2134 487 2194 hodie
504 2132 641 2192 traditur
656 2130 810 2192 adoratus.
828 2131 1085 2195 Scholasticorum

122 2216 266 2294 princeps
288 2216 318 2276 S.
342 2216 476 2276 Thomas
498 2214 628 2291 idipsum
653 2214 794 2274 inculcat.
825 2211 911 2275 Haec
933 2232 972 2272 ex
995 2215 1086 2290 pluri·

122 2300 183 2361 mis
205 2298 297 2373 seligo
319 2300 350 2359 S.
375 2298 513 2357 Doctoris
537 2298 646 2355 verbis:
671 2292 769 2373 Mopi,
793 2296 912 2372 inquit,
937 2294 980 2355 111
1004 2301 1083 2370 part.
1112 2349 1114 2354 .

120 2392 240 2459 quaest.
257 2378 349 2440 XXX
352 2378 394 2442 VI
405 2390 466 2440 art.
485 2378 516 2447 6,
530 2388 733 2457 peruenerunt
748 2377 789 2436 ad
803 2376 960 2440 Christum
974 2376 1088 2437 damma

121 2466 219 2525 tertia
244 2463 291 2522 die
317 2460 484 2522 nativitatis
510 2462 594 2540 ejus,
619 2478 677 2539 quo
692 2458 739 2518 die
755 2457 874 2519 Festum
896 2458 1085 2538 Epiphaniae
1191 2474 1195 2482 ·

1 2532 3 2554 ’
121 2545 303 2607 celebratur.
320 2544 350 2605 S.
367 2544 515 2604 Thomam
531 2558 622 2619 porro
638 2541 746 2616 reliqui
762 2540 940 2602 scholastici
956 2558 1084 2617 sequun-

122 2634 187 2689 tur.
211 2628 341 2689 Censent
361 2626 466 2703 aliqui,
492 2624 594 2701 Magos
617 2623 765 2683 invenisse
788 2629 819 2683 et
840 2623 981 2683 adorasse
1003 2621 1085 2684 Chri·
1164 2671 1167 2677 .

122 2716 207 2771 stum
229 2713 259 2771 in
281 2711 386 2770 eadem
408 2707 549 2785 spelunca
571 2723 606 2766 ae
621 2706 780 2784 praesepia
802 2706 831 2763 in
847 2723 908 2781 quo
926 2705 1086 2767 reclinatus

123 2793 227 2855 luerat
248 2796 315 2870 post
337 2795 450 2851 ortum.
474 2788 520 2849 lta
541 2786 669 2847 sensisse
687 2787 806 2847 videtur
829 2786 1082 2867 Chrysostomus,

123 2872 259 2934 Humilia
280 2872 301 2931 6
323 2883 348 2933 et
365 2874 384 2931 7
399 2874 434 2933 iu
455 2868 668 2938 Matthaeum3
692 2866 925 2945 Hieronymus,
951 2866 1087 2945 Epistola

125 2954 167 3015 tt
189 2956 227 3016 17
253 2953 291 3015 18
312 2963 343 3016 et
363 2954 425 3023 273
452 2952 654 3031 Augustinus,
678 2950 819 3011 Sarmens
843 2947 878 3009 11
898 2949 934 3009 de
951 2946 1086 3027 Epipha-

122 3038 192 3109 m'a,·
214 3044 246 3099 et
266 3037 316 3097 alii
340 3036 531 3101 recentiores,
555 3033 634 3093 inter
657 3048 733 3107 quos
756 3018 903 3091 Batonius
919 3031 956 3090 ad
972 3048 1087 3099 annum

125 3121 144 3181 1
167 3138 251 3181 num.
276 3119 334 3181 3i:
363 3121 517 3183 Caesiam,
540 3112 648 3191 inquit,
671 3114 796 3189 iusuper
819 3123 860 3173 est
881 3111 916 3172 de
938 3114 984 3171 his
1010 3109 1088 3174 Sam·

120 3214 240 3266 aterum
262 3202 391 3263 Petrum
412 3198 577 3267 centauria,
602 3191 705 3271 Mapos
727 3194 876 3255 Bethleem
897 3193 1087 3256 aduenientes

124 3292 160 3351 iu
174 3284 327 3365 Praesepe,
342 3284 394 3343 uhi
409 3276 498 3341 uatus
513 3290 562 3345 est,
583 3276 736 3339 Christum
748 3278 913 3351 Domiuum
928 3278 1086 3355 reperisse,
1113 3354 1116 3359 Ι

122 3371 157 3433 id
183 3366 402 3446 Chrysestema,
427 3360 607 3439 clepusta‘um
633 3356 817 3437 Hieronymo
838 3362 956 3439 saepius
979 3369 1008 3419 et
1031 3362 1111 3422 etii*

122 3454 186 3531 fere
202 3452 335 3513 omuibus
351 3444 569 3508 attestantibus.
589 3438 671 3501 Unde
686 3458 801 3500 summe
812 3443 887 3521 jure
903 3440 1090 3518 redarpuun·

121 3546 175 3597 tur
192 3536 245 3614 qui
260 3535 349 3593 aliter
366 3535 543 3591 senserunt,
568 3541 602 3583 ea
616 3523 676 3583 lsai
695 3523 816 3581 ratione
834 3521 983 3598 permoti,
1007 3521 1088 3599 quod

124 3614 297 3679 Matthaeus
312 3612 428 3673 nuttam
444 3607 479 3667 de
490 3624 630 3686 praesepe
645 3604 754 3683 feeerit
768 3604 957 3670 mentionem,
974 3602 1024 3661 sed
1039 3602 1085 3661 di-

273 3710 332 3764 vol.
345 3712 386 3765 .11.
934 3699 953 3751 2
