2517 4059
569 208 792 283 subabsur-

205 346 280 406 ctos,
304 358 400 415 neque
423 340 554 418 Angelos
569 358 768 405 veneramur.
793 341 869 401 Natu
899 342 1072 403 Beatissimo
1097 342 1162 403 Vir-

202 438 243 496 ga
267 420 391 481 Sanctos
417 438 521 481 omnes
545 425 701 483 sanctitate
726 426 901 500 superauit,
927 443 981 484 nec
1002 426 1161 502 quisquam

202 502 334 579 Deipara
348 504 517 563 bumilitate
539 503 676 565 luitDeo
692 506 866 583 subjectior,
890 523 945 565 nec
967 524 1071 565 amore
1094 523 1160 565 con·

202 582 325 663 justior,
350 601 404 643 nec
420 583 513 644 cultui
535 585 637 644 divino
659 587 882 663 obsequentior.
901 586 930 647 Si
947 588 1014 662 quis
1037 586 1160 647 Petrum

203 668 398 725 auctoritates
421 684 602 742 cognoscere
625 668 726 744 cupiat
753 669 789 727 de
814 668 1015 745 potentissima
1045 669 1160 728 Beatis-

202 748 297 807 simae
322 745 453 823 Virginis
475 746 591 806 Mariae
613 748 825 810 intercessione
847 750 940 810 adeat
956 748 1091 817 Suarez,
1124 752 1158 808 in

202 829 325 889 tertiam
344 838 463 905 par-tem
487 829 560 890 Dici
584 827 710 888 Thomas
737 827 816 891 Tam.
835 829 986 910 2qaacst.
1000 830 1045 892 57
1056 836 1121 890 art.
1140 830 1163 891 t

202 908 279 989 disp.
296 910 343 969 25
355 920 426 969 sect.
443 908 475 977 3;
497 909 673 987 Salustium,
698 910 742 969 De
758 910 864 971 Maria
879 912 1014 989 Deipcra
1025 912 1096 989 Cap.
1108 912 1162 983 30;

202 990 378 1057 Trombelli.
402 989 523 1052 Marius
539 992 751 1052 Sanctissimae
773 997 837 1053 nita
860 1012 895 1052 ac
911 1004 991 1071 qesta
1008 996 1163 1071 cultasque

200 1072 249 1133 illi
269 1072 418 1149 adbibitus
439 1070 474 1129 T.
494 1071 521 1130 V
542 1074 719 1132 Dissertatio
732 1076 746 1129 l
760 1084 785 1133 ct
807 1074 853 1145 11,-
867 1075 1048 1151 Sedl-mayr‚
1071 1072 1164 1134 Tbco-

202 1154 283 1231 logia
305 1151 453 1213 Mariaita
476 1152 566 1213 Liber
588 1155 632 1216 111
653 1153 725 1230 Cap.
752 1154 834 1215 Vlll.

243 1233 282 1293 ll.
307 1232 458 1310 Vigesima
480 1236 577 1310 prima
598 1236 647 1294 die
669 1233 850 1297 Novembris
872 1238 1042 1297 celebratur
1064 1235 1164 1297 Festi-

200 1317 278 1377 vitas
300 1313 552 1376 Praesentationis
574 1314 764 1393 B.Virginis,
788 1336 847 1394 qua
870 1320 1048 1395 mysterium
1073 1336 1165 1379 reso,

200 1397 304 1464 limus,
328 1414 398 1455 cum
420 1395 488 1474 lpse
512 1398 607 1457 asnis
628 1395 808 1460 Parentibus
832 1400 860 1458 in
876 1398 1002 1476 Templo
1018 1418 1164 1476 praesen-

201 1483 262 1539 tata
285 1483 341 1539 cst.
368 1478 463 1539 Vetus
485 1484 539 1539 est¹
553 1479 582 1537 iu
606 1478 739 1540 Ecclesia
763 1480 911 1540 Orientali
934 1480 1010 1540 haec
1032 1480 1163 1543 Festivi-

105 1614 109 1619 ,
201 1565 257 1626 tas,
275 1578 352 1637 quae
367 1561 517 1639 quondam
532 1561 623 1623 eliam
639 1558 780 1621 Officium
796 1562 864 1641 ejus
881 1562 1076 1623 celebrabatz·
1089 1580 1161 1621 nam

199 1641 229 1701 iu
251 1640 468 1703 Constitutione
491 1639 699 1701 Emmanuelis
721 1643 930 1719 Imperatoris,
955 1645 1005 1719 qui
1031 1658 1162 1721 regnare

200 1724 301 1800 coepit
322 1742 399 1783 anno
423 1722 503 1784 11t3
525 1724 606 1800 apud
628 1723 839 1784 Balsamonem
871 1726 902 1785 iu
925 1722 1161 1785 Nomo-Canone

198 1802 298 1864 Photii
322 1806 367 1865 tit.
387 1806 407 1865 7
428 1802 634 1882 Cap.1iuter
656 1806 726 1865 alias
750 1804 940 1867 Festivitates
961 1808 1051 1866 ctiam
1069 1804 1161 1866 Prae·

126 1881 128 1886 ’
198 1886 371 1947 scotationis
387 1888 560 1947 solemnitas
576 1895 763 1948 numeratur.
788 1886 984 1948 Doctissirnus
1006 1888 1038 1948 P.
1054 1888 1162 1947 Trom-

198 1967 269 2028 belli
294 1968 405 2029 latetur
426 1967 594 2028 Romanam
611 1966 777 2054 Ecclesiam
795 1970 988 2029 festivitatem
1012 1970 1090 2029 hanc
1104 1968 1160 2029 de-

198 2049 363 2125 sumpsisse
385 2048 562 2110 aGraecis:
586 2052 696 2111 etenim
720 2050 749 2109 in
771 2052 898 2112 vetustis
920 2052 983 2111 sive
1005 2051 1159 2129 Martyro-

198 2130 309 2206 logiis‚
333 2131 396 2189 sive
418 2131 607 2200 Missalibus‚
633 2132 696 2192 sive
718 2131 782 2191 aliis
804 2131 1034 2207 quibuscunque
1057 2130 1162 2191 Eccle-

197 2210 325 2271 siasticis
347 2212 522 2272 Latinorum
543 2212 662 2281 Libris,
696 2214 748 2288 qui
774 2211 850 2273 xtv
874 2214 1027 2274 saeculum
1058 2216 1162 2273 aetate

197 2296 365 2367 superent,
394 2310 429 2352 ea
452 2292 597 2354 festivitas
620 2300 718 2353 notata
743 2313 800 2353 non
824 2298 894 2353 est:
919 2300 949 2354 et
971 2310 1160 2372 quamquam

25 2379 29 2384 ’
71 2415 100 2441 ,-
196 2373 341 2441 Meratus,
366 2374 478 2451 aliique
494 2376 675 2435 recentiores
690 2372 819 2435 Usuardi
842 2374 1090 2453 Martyrologium
1115 2376 1160 2435 ci-

197 2459 272 2525 tant,
298 2474 357 2515 non
380 2456 438 2515 alia
462 2461 560 2516 tamen
583 2453 711 2518 Usuardi
733 2457 919 2533 exemplaria
940 2457 1070 2534 allegare
1087 2474 1159 2534 pos-

197 2545 277 2607 sunt,
303 2538 357 2597 nisi
378 2556 425 2603 ea,
449 2555 527 2612 quae
550 2538 758 2598 additamentis
788 2538 1002 2613 posterioribus
1024 2540 1162 2615 interpo-

196 2618 255 2677 lata
277 2624 357 2678 sunt.
382 2616 422 2676 Et
446 2636 517 2679 sane
539 2617 684 2680 Sollerius
706 2620 752 2677 vir
774 2620 1017 2697 diligentissimus
1040 2621 1158 2681 nullum

195 2704 349 2758 vetustum
371 2697 499 2759 Usuardi
521 2702 676 2776 exemplar
704 2701 839 2777 allegat,
872 2702 901 2759 in
934 2718 993 2777 quo
1014 2701 1090 2761 haec
1113 2700 1160 2760 ic-

195 2780 312 2839 stivitas
343 2780 492 2856 descripta
525 2782 575 2843 sit.
599 2780 740 2842 Officium
775 2781 864 2859 hujus
897 2780 976 2843 Festi
1000 2783 1157 2843 Avenione

196 2859 333 2920 Romano
349 2860 484 2923 Pontifici
507 2864 645 2922 exhibuit
661 2863 816 2939 Philippus
832 2863 981 2925 Maserius
996 2862 1086 2940 Regis
1101 2863 1158 2942 Cy·

194 2944 243 3021 pri
277 2944 356 3020 apud
385 2944 416 3003 S.
440 2944 547 3005 Sedent
579 2942 703 3004 Orator.
727 2943 812 3017 Quod
844 2945 984 3007 Officium
1019 2946 1156 3023 diligenti

195 3026 333 3084 examine
363 3024 418 3085 luit
442 3044 629 3095 excussum,
662 3028 906 3104 decretumque,
931 3033 966 3087 ut
992 3027 1066 3087 haec
1091 3030 1157 3087 toto

194 3103 359 3166 Occidente
380 3107 539 3167 celebritas
566 3114 730 3185 ageretur,
755 3105 842 3184 cujus
870 3109 989 3169 initium
1019 3108 1154 3169 retertur

194 3187 232 3246 ad
264 3204 376 3247 annum
412 3186 504 3247 tart.
533 3187 566 3247 ld
600 3208 637 3249 ex
669 3189 776 3249 litteris
809 3189 961 3265 colligitur
994 3186 1094 3249 Caroli
1122 3186 1153 3247 'V

193 3266 379 3329 Francorum
401 3270 491 3347 Regis
513 3271 549 3329 ad
562 3271 726 3347 Magistros
748 3275 778 3329 et
800 3270 954 3330 'scholares
970 3268 1153 3330 Universita-

193 3336 232 3409 td
254 3349 409 3410 Navarrae
431 3352 478 3412 die
502 3352 541 3410 10
562 3350 740 3412 Novembris
763 3349 896 3428 ejusdem
920 3352 1014 3421 anni,
1044 3350 1153 3427 quibus

192 3430 258 3492 Rex
288 3431 471 3493 Festivitatis
498 3432 591 3511 hujus
620 3439 721 3493 narrat
753 3434 997 3504 institutionem,
1033 3450 1152 3493 omnes-

194 3532 253 3591 que
276 3514 313 3573 ad
336 3531 403 3574 eam
427 3516 586 3588 quotannis
607 3514 818 3574 celebrandam
837 3514 1020 3575 'cohortatur
1042 3514 1080 3573 21
1105 3514 1155 3573 die

191 3593 383 3658 Novembris.
409 3592 496 3657 Hanc
518 3594 727 3658 Festivitatem
750 3595 818 3656 Pius
834 3594 863 3656 ll
878 3602 909 3657 et
930 3595 1042 3657 Paulus
1058 3594 1087 3655 ll
1103 3612 1151 3654 va·
