2517 4059
506 234 648 305 ·rmfflb
673 244 730 304 (dte

140 367 241 421 natam
266 363 404 439 plerique
426 369 585 423 antumant
607 380 673 421 esse
701 363 870 439 opinionem
905 360 1097 421 eruditissimi

138 442 290 520 Onuplrrii
313 444 446 503 Panvinii
469 444 590 503 Ordinis
612 443 643 505 S.
662 443 848 517 Augustini,
872 444 922 517 qni
944 446 1021 501 circa
1040 460 1098 500 nie·

138 526 223 584 dium
247 526 400 585 saeculum
423 528 574 587 decimum
610 528 767 584 mitrarum
802 542 888 584 usum
915 526 942 582 in
966 524 1098 583 Ecclesia

137 604 274 666 Romana
300 608 455 685 inceperit.
479 607 531 667 Cui
562 608 728 667 sententiae
763 606 943 679 patrocinari
977 611 1098 664 strenue

138 694 265 748 conatur
286 686 378 763 Ilugo
401 688 583 756 thuardus,
609 690 660 764 qui
685 689 714 746 in
738 684 822 746 Notis
850 685 889 743 ad
905 682 1026 744 Librum
1045 684 1100 745 Sc-

140 781 363 829 crementorum
389 770 418 827 S.
446 768 588 847 Greqorii
607 787 681 848 paq.
707 766 774 827 562
800 771 839 827 ila
874 768 999 826 scribit:
1024 765 1101 826 Emi-

139 851 247 917 etimo‚
271 852 325 911 aiu
349 859 419 909 aare
441 869 555 909 anuum
574 860 641 930 port
666 849 819 912 Curictam
845 858 952 907 uelum
979 847 1099 907 milleri-

140 949 220 989 mam
242 934 349 991 mitrae
361 950 448 990 urum
462 935 496 992 iu
513 929 646 991 Ecclesia
667 930 768 1007 [utrae.
784 928 824 989 At
845 946 919 987 vero
940 947 958 989 e
981 933 1101 988 contra·

139 1014 184 1071 rio
214 1013 322 1073 Mitrae
345 1014 554 1092 antiquitatem
578 1014 727 1071 acerrime
750 1015 939 1089 propugnant
963 1010 1100 1070 Andreas

140 1092 318 1171 Saussajns,
343 1091 509 1169 Panopla'ae
531 1091 729 1173 Episcopatu,
749 1093 812 1151 Lib.
834 1091 861 1163 1;
884 1090 992 1167 loseph
1010 1092 1100 1150 Vice-

140 1192 254 1243 comes‚
273 1174 338 1233 Lib.
357 1172 399 1234 lli
423 1174 458 1233 de
477 1178 627 1251 Apparatu
649 1174 759 1237 liliosae
785 1172 859 1252 Cap.
879 1170 988 1233 XXIX
988 1192 998 1242 ,·
1013 1172 1099 1235 Clui-

140 1258 254 1315 slianus
271 1255 384 1333 lupus,
401 1265 478 1314 tomo
494 1255 546 1315 111
562 1256 776 1316 Dissertatione
793 1252 828 1313 de
848 1252 962 1315 Octauo
979 1252 1100 1333 Spaodo

144 1336 220 1416 Cap.
246 1334 279 1395 X
298 1336 415 1396 Actione
438 1336 468 1406 1‚·
482 1344 513 1396 et
534 1336 580 1395 alii
604 1337 788 1414 complures,
806 1337 915 1410 quibus
930 1338 1020 1396 etiam
1039 1334 1100 1395 sul-

140 1418 250 1495 lragari
264 1418 382 1477 videtur
396 1418 624 1487 Tironrassinns‚
643 1417 735 1478 Parte
746 1416 767 1476 1
776 1416 971 1496 Disciplinam
986 1415 1051 1477 Lib.
1066 1415 1105 1475 ΙΙ

144 1498 221 1575 Cap.
244 1496 568 1559 latitaturum
591 1505 674 1559 tanta
697 1499 879 1573 scriptorum
903 1498 1095 1567 dissentione,

141 1588 227 1655 putat
261 1580 385 1639 loannes
417 1579 583 1640 Cardinalis
616 1581 696 1640 Bona
728 1578 841 1639 Rerum
870 1575 1099 1656 Liturqicarum

141 1658 203 1721 tto.
231 1661 253 1720 1
275 1664 349 1741 Cap.
377 1658 486 1720 XXIV
503 1668 662 1738 utramque
684 1663 853 1738 opinionem
883 1678 970 1736 posse
999 1659 1100 1719 iacilli-

141 1762 190 1802 me
206 1743 358 1802 conciliari
374 1786 382 1811 ,
399 1746 423 1801 si
439 1743 623 1809 dixerimus,
640 1736 763 1804 Mitram
780 1741 900 1817 quidem
916 1783 923 1810 ,
948 1742 1041 1817 qualis
1057 1745 1102 1798 est

141 1826 254 1889 bodie,
279 1842 428 1900 nuperum
452 1831 590 1884 ornatum
614 1842 702 1888 esse.
727 1822 778 1898 qui
806 1828 875 1882 ante
907 1822 1101 1882 millesimum

141 1904 249 1965 Christi
273 1924 383 1963 annum
399 1906 448 1963 vix
466 1906 557 1965 luerit
579 1908 608 1964 in
631 1903 764 1964 Ecclesia
780 1922 788 1973 3
807 1906 907 1979 negari
925 1910 1101 1964 tamennon

141 2005 247 2065 posse,
272 1988 343 2062 quin
366 2005 382 2046 a
406 1988 591 2062 temporibus
607 1986 841 2063 Apostolorum,
866 1985 985 2062 aliquod
1010 1984 1101 2043 luerit

142 2070 246 2144 capitis
268 2074 500 2137 ornamentum,
525 2087 585 2145 qno
608 2068 823 2144 peculiariter,
849 2066 873 2124 si
896 2085 954 2126 non
977 2082 1100 2133 ornnes,

141 2151 233 2225 aliqui
256 2150 361 2208 saltem
379 2146 517 2225 Episcopi
541 2149 587 2209 usi
609 2155 689 2207 sunt.
708 2148 797 2209 Certe
811 2153 981 2207 constanter
997 2149 1024 2208 id
1042 2148 1101 2208 dici

141 2237 241 2309 potest
262 2249 320 2288 non
343 2231 432 2310 modo
449 2231 486 2288 de
501 2227 659 2306 Episcopis
675 2229 787 2289 Latinis
800 2228 811 2297 ,’
826 2246 932 2289 verum
957 2231 1046 2289 etiam
1064 2230 1102 2288 de

141 2314 247 2389 priscis
275 2308 457 2370 Patriarclris
491 2308 645 2371 Ecclesiae
677 2309 851 2370 Orientalis.
877 2310 1042 2371 Martenius
1065 2310 1101 2369 de

141 2395 276 2472 antiquis
298 2390 449 2452 Ecclesiae
477 2392 587 2453 ritibus
610 2389 675 2453 Lib.
704 2390 725 2450 Ι
745 2390 821 2468 Cap.
845 2388 866 2449 4
887 2399 945 2451 art.
970 2393 985 2451 1
1014 2411 1098 2455 uum.

144 2474 182 2534 14
203 2477 298 2533 lacem
323 2476 350 2532 ei
367 2474 539 2548 praebente
561 2472 736 2533 Mabillonio
759 2471 863 2548 Praef.
886 2476 921 2532 iu
943 2474 1102 2533 Saeculum

142 2566 285 2634 quartum
296 2552 525 2615 Benedictiuam
532 2563 617 2635 part.
631 2554 664 2613 2.
679 2572 761 2614 num.
778 2550 838 2613 182
849 2555 1001 2614 existimat
1012 2570 1101 2614 usum

140 2637 251 2697 Mitrae
274 2654 393 2714 semper
418 2637 446 2695 in
470 2634 605 2697 Ecclesia
635 2635 748 2704 luisse,
772 2633 823 2694 sed
854 2652 914 2694 non
948 2636 1102 2710 quibusvis

140 2713 300 2795 Episcopis
322 2718 436 2791 absque
452 2716 538 2777 Sedis
554 2717 746 2792 Apostolicae
767 2718 956 2776 concessione
974 2718 1099 2778 licuisse.

181 2798 237 2861 ΙΙΙ.
262 2798 351 2858 Mitra
374 2792 593 2875 Episcoporum
611 2797 682 2855 olim
706 2798 744 2856 ab
765 2795 908 2856 hodierna
935 2798 1024 2874 paulo
1046 2798 1104 2859 ltu·

140 2879 240 2939 milior
264 2886 340 2946 erat,
359 2881 400 2939 uti
420 2880 523 2939 ridere
535 2887 584 2938 est
599 2880 628 2935 in
645 2880 777 2955 antiquis
792 2874 1011 2955 Episcoporum
1030 2879 1103 2937 inra-

141 2958 367 3036 ginibus.llanc
384 2978 437 3020 sua
454 2966 551 3021 aetate
566 2960 689 3025 lineam,
708 2978 763 3019 non
779 2974 853 3017 vero
867 2961 992 3019 sericam
1010 2960 1103 3020 luisse

141 3042 232 3102 tradit
253 3042 353 3101 Bruno
375 3038 537 3119 signiensis
559 3039 668 3117 Episco
692 3058 750 3109 us,
775 3038 927 3101 Honorius
950 3040 1102 3118 Augusto-

140 3123 281 3183 dunensis
304 3124 331 3182 in
358 3118 482 3184 Gemma
507 3124 628 3182 taimae
650 3056 715 3181 [Ab
739 3123 849 3201 1Cap.
872 3120 936 3182 214
961 3128 991 3183 et
1013 3120 1104 3197 Hngo

140 3204 314 3264 Victorinus
329 3204 379 3264 tit.
395 3202 414 3263 1
424 3204 458 3263 de
474 3204 678 3265 Sacramenta
694 3222 760 3281 cap.
778 3202 822 3262 55
838 3205 940 3268 nterea,
954 3204 1101 3278 inquiunt,

142 3304 181 3347 ea·
205 3286 286 3365 byrro
307 3284 484 3365 conficitur,
506 3305 603 3353 auro,
631 3293 658 3343 et
679 3284 801 3363 qemmis
823 3295 961 3346 ornatur.
984 3284 1103 3358 Quibus

139 3369 345 3444 adstipulatur
360 3366 551 3427 innocentius
565 3366 611 3427 ΙΙΙ
626 3362 689 3425 Lib.
703 3367 718 3421 l
732 3363 771 3427 Μ
787 3374 825 3425 at.
840 3366 948 3429 Missae
967 3366 1042 3443 Cap.
1061 3366 1104 3426 60

139 3447 305 3527 liprandus
320 3466 395 3508 vero
407 3450 494 3525 plura
509 3451 546 3508 de
560 3450 650 3509 illitra
665 3447 754 3507 tradit
765 3384 829 3505 Ait.
840 3451 882 3509 m
896 3446 1019 3509 Eetion.
1030 3446 1100 3509 Ilia.

147 3526 231 3613 Offie.
260 3528 338 3607 Cap.
363 3529 394 3589 8.
413 3549 498 3589 uum.
523 3530 559 3597 5,
588 3529 639 3589 ubi
662 3527 785 3589 Mitram
809 3529 971 3606 aliquando
994 3531 1104 3589 lineam

145 3628 234 3679 esse,
261 3618 292 3671 et
313 3611 412 3671 albam
436 3611 565 3677 scribit,
589 3610 697 3671 deinde
726 3618 876 3671 memorat
890 3622 894 3631 ’
908 3611 1026 3687 qnando
1049 3611 1104 3671 mi-
