2517 4059
485 196 690 267 wilh&-

109 324 251 383 monium.
279 320 492 401 Adstipulotur
514 324 560 385 his
585 326 648 401 ipss
674 325 710 383 in
733 324 945 407 ffitrosolpnsis
969 328 1058 393 locus,

111 415 139 465 a
163 402 216 467 Gal
236 405 304 465 otha
326 422 413 483 rupes
438 406 490 464 sad
508 407 642 483 patibuli
662 426 750 468 onere
773 408 907 485 dirupta.
934 407 1060 485 Mystico

109 492 209 545 autem
218 424 329 563 {atrae
343 488 453 545 scissae
468 492 548 553 sunt,
567 488 666 564 inquit
679 488 713 549 S.
729 490 862 549 Thomas
878 490 907 548 3.
927 508 955 566 p.
972 507 1003 564 q.
1022 485 1061 547 tt

107 574 165 628 art.
188 566 207 626 l
228 567 263 626 ad
287 566 326 625 3:
351 564 400 625 Ad
421 567 645 637 ostendendum,
672 570 750 648 quod
775 570 893 651 lapidea
908 571 1062 630 hominum

108 648 199 709 cordo
226 666 280 728 per
304 652 367 729 spus
390 652 556 726 passionem
581 652 800 718 emollirentur,
832 651 953 729 etaaod
982 661 1061 711 totus

106 730 239 788 mundus
253 728 365 788 uirtute
377 731 527 807 passionis
541 734 604 811 ejus
626 745 692 792 erat
711 735 745 792 in
759 736 863 792 melius
878 736 1062 793 commuttio-

107 808 173 870 dus.
198 811 313 886 Aperta
330 818 399 871 sunt
421 813 540 888 insuper
564 810 824 883 monumentarii
845 814 1059 882 declararetur,

106 891 283 959 cracdixurn
300 909 365 953 esse
388 891 549 955 Dominum
566 896 704 954 vivorum
720 904 750 955 et
770 902 970 961 mortuorum,
985 911 1062 953 mor-

106 974 145 1033 tis
168 979 200 1033 et
222 973 330 1032 inferni
346 974 539 1042 domitorem,
556 982 586 1035 et
609 978 637 1034 in
661 978 778 1052 signnm
796 977 914 1035 laturae
930 992 1060 1035 resurre-

106 1056 215 1114 ctionis
237 1055 382 1123 omniurn,
408 1062 441 1114 ut
460 1054 567 1115 volunt
587 1054 814 1133 Hieronymus,
840 1054 973 1135 Epistola
1001 1055 1060 1115 150

105 1134 148 1195 ad
165 1134 324 1195 Hediiiam
340 1155 369 1212 q.
387 1134 419 1206 83
437 1143 468 1197 et
484 1138 672 1206 Ambrosius,
690 1136 755 1196 Lib.
772 1136 804 1197 X
822 1140 850 1195 in
872 1138 998 1206 l,ucam;
1022 1136 1064 1195 di·

105 1234 197 1277 ceus:
215 1214 477 1276 Monumentorum
493 1228 593 1277 autem
610 1222 754 1279 reseratio
777 1217 849 1298 qaid
870 1218 977 1286 aliud,
1003 1217 1063 1278 nisi

105 1299 251 1435 clanstrip
266 1300 372 1359 mortis
396 1297 528 1379 effractis
542 1302 791 1360 resurrectionem
816 1299 964 1381 significat
986 1316 1062 1357 mar·

104 1388 230 1439 tenram
567 1404 569 1409 ·
1106 1438 1116 1455 ,

149 1457 242 1519 xxi.
265 1457 423 1537 Postquam
446 1460 585 1522 Claristus
601 1459 749 1522 Dominus
769 1466 855 1521 sexta
877 1457 963 1529 ieris,
988 1460 1063 1520 hora

103 1541 170 1601 diei
194 1558 280 1603 nona.
299 1542 327 1599 in
342 1540 438 1601 Crura
454 1542 594 1618 spiritum
618 1544 729 1612 emisit,
746 1544 852 1603 eodem
876 1542 923 1601 die
938 1558 1064 1617 vespere

103 1639 222 1697 corpus
242 1620 307 1697 ejus
329 1623 366 1680 de
387 1620 486 1681 Cruce
508 1630 664 1701 acceptura
681 1624 840 1702 diiigenter
862 1628 952 1698 atque
969 1623 1064 1681 hano-

103 1702 199 1763 rifice
221 1704 380 1780 tegendum
405 1706 670 1781 sepeliendumque
692 1710 837 1765 curarunt
860 1703 1006 1778 losephus
1027 1702 1065 1761 ah

103 1784 306 1844 Arimathaea
327 1792 357 1844 et
372 1783 565 1854 Nicodamus,
583 1787 640 1845 viri
657 1785 798 1846 illlustres
813 1803 848 1845 aa
864 1786 989 1845 nubiles:
1015 1784 1065 1842 hic

103 1866 275 1928 mixturam
292 1866 434 1943 myrrhae
456 1872 487 1927 et
508 1869 589 1927 aloes
604 1867 702 1943 pondo
714 1867 862 1928 librarum
885 1865 980 1925 lerme
996 1882 1068 1925 ceu·

103 1952 178 2007 tum
200 1948 317 2022 corpori
340 1948 472 2007 curando
487 1954 517 2007 et
532 1948 671 2024 ungendo
687 1949 905 2025 suppeditavit:
930 1948 979 2008 ille
1001 1964 1066 2008 cor-

102 2028 364 2106 porireponendo
380 2045 487 2089 novam
501 2031 667 2097 sindonem,
685 2048 858 2106 novumque
869 2026 1065 2108 sepulchrum

104 2116 291 2171 excavatum
314 2110 343 2168 in
366 2126 441 2184 rupe
464 2109 554 2179 horti,
579 2129 684 2187 passus
707 2112 828 2171 circiter
850 2111 1065 2189 quiniquaginta

103 2210 123 2251 a
150 2192 289 2268 supplicii
313 2190 378 2251 loco
400 2192 556 2261 distantis,
580 2209 685 2252 versus
707 2194 812 2252 urbem
835 2192 871 2251 ad
894 2192 1064 2267 Orientem.

3 2304 4 2307 ¹
102 2271 195 2334 Ordo
217 2277 317 2331 autem
341 2270 534 2346 pollincturae
557 2272 614 2332 luit
636 2270 821 2350 hujusmodi.
844 2271 972 2349 Corpus,
996 2292 1066 2351 per·

3 2360 5 2409 7
103 2352 203 2415 missu
231 2350 316 2411 Pilati
338 2350 508 2423 Praesidis‚
532 2352 629 2413 Cruce
652 2353 821 2431 depositum
845 2357 983 2415 laverunt
1005 2355 1065 2431 pri·

103 2452 208 2503 mum,
231 2434 324 2495 lotum
347 2439 522 2513 unxerunt,
546 2451 617 2493 cum
641 2436 818 2505 unxissent,
842 2454 917 2495 noua
941 2435 1066 2494 munda·

102 2532 171 2593 que
193 2515 315 2575 sindone
337 2532 406 2575 cum
429 2516 617 2575 aromatibus
639 2514 807 2576 involutum
832 2533 850 2574 a
872 2516 998 2593 pedihus
1027 2516 1065 2577 ad

104 2598 222 2663 collum
245 2614 340 2673 usqtre
362 2594 460 2655 lesciis
481 2595 640 2656 inlantium
664 2614 746 2657 more
768 2596 947 2674 colligarunt
968 2604 999 2657 et
1013 2613 1065 2657 su·

102 2678 197 2739 dario
225 2678 315 2755 capiti
336 2677 521 2755 superposito
552 2678 721 2739 intulerunt
747 2680 777 2738 in
808 2678 963 2756 propinqui
987 2677 1066 2738 horti

104 2765 339 2820 monumentum
362 2776 493 2827 novum,
517 2759 597 2835 quod
619 2761 727 2820 deiude
749 2776 821 2819 saxo
843 2760 952 2834 ingenti
976 2759 1012 2817 ad
1035 2776 1068 2817 o·

106 2840 201 2902 stium
223 2842 359 2916 apposito
381 2840 584 2900 occluserunt.
608 2838 732 2901 Postero
752 2840 801 2899 die
823 2856 930 2917 magno
945 2836 1067 2900 Sahbsti

3 2940 4 2943 ¹
106 2938 217 2982 saxum
252 2920 473 2997 aPrincipibus
495 2920 692 2984 sacerdotum
726 2938 869 2981 concessu
898 2918 983 2980 Pilati
1015 2919 1068 2978 oh-

105 3002 261 3078 signatum
284 3007 355 3071 est,
379 3007 410 3062 et
432 3002 542 3065 milites
570 3004 699 3079 sepulcri
721 3002 861 3062 custodes
885 3001 998 3078 positi:
1028 3000 1070 3061 ita

107 3076 234 3145 volente
260 3082 347 3153 Deo,
370 3088 403 3142 ul
424 3084 506 3145 testis
528 3082 594 3161 ejus
615 3084 844 3145 resurrectionis
869 3082 931 3159 ipss
956 3078 1069 3156 perlida

110 3183 185 3246 gens
206 3170 312 3231 esset,
334 3164 406 3225 dum
430 3165 556 3226 cavebat
583 3182 620 3225 ae
642 3164 804 3241 Apostoli,
826 3160 959 3241 Corpore
980 3161 1070 3223 Chri·

113 3247 243 3323 sti·per
271 3246 407 3307 lraudem
432 3246 577 3310 sublato,
612 3245 862 3306 resurrectionem
891 3242 958 3322 ejus
986 3262 1069 3322 spar-

110 3334 216 3406 gerent
239 3330 269 3387 in
291 3328 410 3405 vulgus.
435 3324 510 3387 lllud
535 3344 609 3387 vero
630 3325 736 3387 sedulo
756 3325 1068 3396 animadvertendum,

112 3409 227 3472 Christi
251 3426 361 3485 corpus
384 3409 413 3465 in
435 3408 596 3486 sepulchro
620 3406 713 3469 luisse
735 3408 898 3477 conditum,
923 3426 982 3485 quo
1003 3408 1070 3469 nul·

3 3518 5 3529 ·
112 3492 174 3550 lum
198 3506 332 3567 unquam
355 3494 441 3549 antea
459 3489 596 3549 cadaver
618 3488 765 3567 injectum
789 3488 977 3556 luerat,*ue,
1000 3506 1078 3548 cum·

115 3570 253 3633 Christus
276 3570 483 3645 revivisceret,
506 3570 745 3633 calumniaretur
765 3570 927 3647 quispiam,
952 3588 1009 3629 non
1025 3568 1070 3629 lo·

259 3658 272 3679 .
