2517 4059
477 233 700 307 ⁴228th-

110 361 233 422 Ordiue
256 363 391 421 lfomana
406 362 436 422 X
457 363 495 424 de
519 365 708 440 processione
724 362 817 422 feriae
838 371 945 425 sextae
968 365 996 424 in
1018 365 1071 425 Pa-

108 461 262 506 rasceve‚
287 461 395 518 qnaea
413 444 606 506 Lateranensi
623 444 750 503 Basilica
767 446 802 503 ad
820 443 983 507 Ecclesiam
1000 446 1073 507 San·

108 531 183 584 ctae
203 524 310 584 Crucis
332 523 422 585 fiebat
436 570 444 593 ,
460 527 632 602 colligitur,
657 528 685 583 in
708 544 742 586 ea
762 530 961 601 processione,
979 527 1072 590 Pallio

107 624 206 683 super
223 606 337 680 planeta
355 608 490 666 indutum
508 607 680 668 Pontificem
704 606 818 673 fuisse:
837 616 975 669 narratur
990 612 1072 671 enim

107 695 272 763 postquam
296 687 430 747 Pontifex
455 688 622 749 Ecclesiam
647 688 772 748 Sanctae
794 688 898 750 Crucis
923 693 1073 766 ingressus

107 776 216 837 esset,
241 771 368 827 intrasse
389 768 613 836 Secretarium‚
638 776 669 829 et
690 772 839 829 abstracta
864 772 979 845 planeta
1002 791 1071 832 cum

103 847 220 916 Pallio,
234 850 273 907 ibi
296 853 510 925 aliquantisper
531 852 654 911 sedisse.
673 849 705 910 ln
729 848 866 911 Consiliis
888 854 978 911 etiam
997 850 1072 911 Pon-

107 930 210 992 tifices
232 932 412 1007 quandoque
435 933 527 993 Pallio
550 934 644 991 induli
661 933 872 992 consederunt.
891 931 1028 994 Urbabus
1044 932 1072 993 ll

107 1013 252 1073 interfuit
272 1010 405 1073 Concilio
427 1014 548 1075 Barensi
572 1015 610 1072 A.
627 1012 664 1071 D.
693 1014 770 1075 1097
794 1014 904 1080 casula,
928 1023 958 1075 et
980 1015 1071 1075 Pallio

107 1092 247 1153 indutus.
272 1092 453 1170 Gregorium
476 1094 507 1155 X
530 1100 602 1155 ilem
626 1094 727 1154 ferunt
741 1102 808 1153 acta
824 1094 1071 1159 Consessiouibus

107 1178 175 1236 cilii
198 1174 225 1233 ll
247 1173 457 1249 Lugdunensis
479 1176 665 1237 oecumenici
682 1176 719 1236 Α.
736 1175 774 1237 D.
795 1176 873 1237 lert
898 1178 1071 1238 interfuisse

107 1258 208 1336 hujus
223 1256 345 1315 Concilii
363 1275 433 1317 cnm
450 1257 634 1318 ornamentis
649 1256 885 1327 Pontificalibus,
900 1260 977 1319 inter
993 1276 1071 1336 quae
1152 1314 1157 1323 .

106 1338 242 1399 Pettium
268 1346 451 1399 recensetur.

156 1418 213 1478 lv.
236 1418 306 1477 Fuit
327 1438 399 1479 saue
422 1421 506 1479 varia
527 1420 598 1479 olim
621 1420 776 1496 disciplina
799 1421 878 1479 circa
901 1422 981 1497 ipsos
996 1422 1070 1491 dies

82 1496 89 1505 '
109 1504 143 1561 in
168 1501 277 1577 quilius
301 1501 528 1578 Arcliiepiscopi
544 1502 620 1559 inter
636 1501 795 1561 Missurum
820 1499 962 1561 solemnia
978 1500 1071 1563 Pallio

108 1584 157 1644 uti
180 1582 338 1642 deberent.
356 1583 446 1643 Certe
468 1584 492 1641 si
516 1590 653 1642 veterum
671 1579 848 1642 Pontificum
866 1584 968 1643 literas
990 1584 1072 1642 evol·

108 1682 243 1730 namus,
268 1665 376 1722 miram
399 1664 436 1722 de
459 1664 494 1723 iis
509 1663 615 1721 diebus
638 1664 666 1720 in
689 1664 797 1738 quibus
813 1662 938 1722 Pettium
962 1666 1072 1738 gestari

110 1746 244 1806 debeat.
270 1745 448 1803 varietatem
466 1745 676 1813 inveniemus,
701 1745 744 1803 uti
767 1745 870 1804 videre
893 1750 938 1803 est
960 1748 988 1803 in
1005 1744 1071 1805 Ale·

107 1826 217 1887 xandri
242 1823 269 1885 ll
290 1827 327 1885 ad
350 1826 473 1886 Petrum
490 1825 761 1901 Archicpiscopum
786 1825 889 1893 literis,
907 1829 936 1883 ct
963 1826 990 1882 in
1007 1826 1073 1885 aliis

109 1927 189 1986 qaas
210 1904 349 1965 Urbanus
372 1907 397 1967 ll
422 1905 458 1965 ad
483 1904 578 1965 Filiam
602 1906 870 1982 Archiepiscopum
888 1905 1072 1966 Bracliaren·

111 2008 178 2051 sem
203 1988 295 2048 misit.
320 1987 407 2048 luxta
431 1985 636 2047 Pontificalem
661 1987 829 2045 Romanum
852 1988 937 2056 dies,
962 1988 1071 2064 quibus

108 2070 207 2130 Pallio
236 2072 278 2129 nli
313 2078 410 2145 potest
433 2065 627 2135 Patriarcha,
653 2071 715 2129 sive
738 2067 1014 2145 Archiepiscopus,
1041 2067 1072 2127 ni

100 2158 204 2213 sunt:
227 2149 372 2210 Nativitas
394 2149 513 2208 Domini
547 2150 639 2207 nostri
662 2148 729 2209 lesu
752 2148 884 2217 Christi,
908 2149 1073 2209 Circumci-

110 2235 158 2293 sio
178 2231 322 2298 Domini,
348 2230 515 2307 Epiphania
539 2228 676 2298 Domini,
700 2230 858 2290 Dominica
885 2231 914 2288 in
938 2230 1069 2299 PalmiS,

110 2312 203 2373 Feria
227 2312 253 2370 V
277 2315 306 2371 in
335 2312 433 2374 Coena
463 2310 603 2381 Domini,
628 2311 791 2371 Sabbatum
824 2312 987 2381 Sanctum,
1013 2310 1073 2372 Do·

111 2396 222 2457 minica
247 2393 489 2454 Resurrectiouis
510 2412 580 2452 cum
603 2394 722 2453 duobus
743 2393 847 2453 diebus
862 2393 1069 2469 sequentibus,

113 2477 272 2538 Dominica
297 2476 326 2533 in
349 2476 456 2538 Albis.
482 2475 625 2535 Ascensio
647 2472 790 2542 Domiui,
816 2474 972 2533 Dominica
996 2472 1072 2533 Pen-

113 2563 254 2623 serastes,
279 2554 402 2615 Festum
425 2553 565 2632 Corporis
585 2552 709 2620 Christi.
732 2553 921 2614 Festiritalcs
942 2561 1072 2627 quatuor

113 2640 150 2700 Β.
177 2637 291 2698 Mariae
313 2655 433 2713 semper
457 2636 609 2713 Virginis.
634 2636 756 2696 Festum
790 2639 924 2695 omnium
949 2634 1072 2695 Sancto·

112 2739 207 2787 rum,
231 2715 419 2779 Festiritates
440 2719 575 2776 omnium
600 2717 838 2792 Apostolorum,
862 2715 1072 2779 Dedicationes

113 2799 343 2867 Ecclesiarum,
367 2797 558 2859 Consecratio
580 2795 821 2874 Episcoporum,
846 2804 876 2857 et
897 2795 1069 2873 Virginem,

114 2890 145 2943 et
168 2884 196 2939 in
219 2881 267 2939 die
289 2879 514 2940 arruirersaria.
539 2896 629 2954 quam
654 2878 906 2956 Arcliiepiscopus
937 2880 1072 2938 celebrat

113 2982 187 3024 suae
208 2962 460 3024 consecrationis,
484 2961 592 3034 dieque
607 2959 679 3037 item
697 2960 898 3019 anniversaria
914 2975 1071 3019 consecra·
1137 2970 1140 2973 ’

115 3046 205 3104 tionis
227 3041 390 3103 Ecclesiae.
409 3041 558 3118 Singulari
583 3040 737 3115 privilegio
759 3039 931 3100 Cardinalis
949 3037 1070 3117 Episco-

115 3145 171 3203 pus
192 3122 364 3191 Ostiensis,
387 3140 456 3181 cum
492 3120 661 3180 Romanum
686 3120 858 3181 Pontificem
892 3127 1069 3190 consecrat,

114 3206 208 3267 Pallio
224 3208 330 3265 utitur.
345 3204 439 3262 latini
455 3202 609 3262 Titulares
624 3202 816 3261 Patriarclrae
829 3202 1072 3279 Constantinopo·

114 3290 247 3354 Durius,
271 3284 502 3348 Alexandrinus,
520 3283 743 3351 Antiocheuus,
759 3291 787 3344 et
804 3283 1069 3354 lerosolimitanus,

114 3369 374 3447 quemadmodum
397 3371 429 3425 et
449 3363 679 3439 Archiepiscopi
708 3366 738 3423 iu
757 3365 898 3442 partitur
911 3361 994 3423 Pallii
1019 3366 1072 3426 fro·

112 3469 186 3512 nore
210 3468 268 3508 non
291 3448 431 3510 fruuntur
454 3463 526 3506 usus
547 3445 627 3503 euim
652 3444 732 3505 Pallii
757 3446 896 3522 propriae
925 3443 1072 3522 cujusque

111 3531 284 3612 provinciae
306 3528 415 3588 finibus
428 3526 708 3595 circumscribitur,
735 3534 766 3586 ut
788 3533 953 3587 constater
969 3526 1071 3587 'filule

111 3613 317 3676 Decretalium
341 3610 377 3669 dc
398 3606 579 3669 auctoritato
595 3618 621 3667 ot
635 3626 692 3667 usu
708 3608 816 3667 Pollii:
838 3608 867 3666 hi
892 3614 994 3669 autem
1009 3626 1070 3669 om·
