2517 4059
561 158 621 219 *E
645 146 786 215 130·ss

193 286 224 340 et
239 283 394 355 tamquam
409 276 633 337 consummatio
650 276 793 353 temporis
804 275 955 337 Pascltalis
967 276 1158 335 habebatur.

192 359 335 420 Officium
351 358 480 435 Vigiliae
494 356 650 419 Pasobatis
674 364 740 417 erat
754 360 873 419 omnino
896 358 1005 425 simile,
1022 363 1161 433 excepta

193 440 281 503 Cerei
304 440 537 508 benedictione,
562 459 639 517 quae
662 440 713 499 hic
736 440 943 499 omittebatur.
968 439 1072 512 Quoad
1097 438 1159 499 Le·

193 526 331 592 ottones,
368 522 397 581 iu
419 521 599 596 quibusdam
623 521 785 581 Ordinibus
807 520 950 580 Romanis
979 520 1158 581 duodecimi
1253 554 1254 593 p

195 605 314 667 Saeculi
340 605 481 680 leguntur
507 619 559 663 sex
583 603 748 671 lectioneS,
774 621 852 679 quae
875 620 981 679 graece
1004 608 1034 661 et
1058 604 1158 661 latine
1253 630 1254 659 l

195 688 394 754 dicebantur,
418 686 448 742 in
470 683 721 745 sacramentariis
743 684 875 754 Gelasii,
901 689 933 743 et
953 684 983 744 S.
1009 682 1156 760 Gregorii
1253 720 1254 751 1

194 773 325 847 quatuor
361 770 476 826 tantum
504 768 712 841 reperiuntur.
735 765 768 825 ln
791 764 971 825 Collectario
992 765 1156 825 Thomasii
1253 816 1254 821 ,

194 851 352 910 inchoatur
374 846 516 906 Ollicium
540 867 593 923 per
615 848 760 907 Litauiam
784 848 995 927 septenariam,
1013 866 1091 924 quae
1110 864 1162 906 se·

195 933 272 1011 pties
295 929 488 993 recitabatur,
512 933 544 985 et
567 937 669 1005 postea
685 927 852 989 Lectiones.
869 920 1015 989 Omnibus
1031 930 1079 987 his
1096 928 1159 988 Le·
1253 969 1254 977 η

195 1012 343 1074 orionibus
366 1008 541 1087 interjectae
564 1018 632 1071 sunt
653 1007 813 1077 Collectae,
829 1009 997 1079 Orationes,
1012 1011 1159 1078 Tractus,
1253 1051 1254 1083 ,

194 1103 225 1156 et
246 1091 384 1157 Cantica,
410 1094 471 1151 ut'
465 1112 493 1149 m
510 1090 619 1169 Vigilia
636 1093 800 1153 Pasobatis
818 1090 962 1151 Arnalarii
986 1110 1061 1153 aevo
1078 1108 1161 1168 qrra·

196 1184 265 1239 tuor
294 1180 410 1233 tantum
439 1172 616 1233 dicebantur
641 1175 808 1234 Lectiones.
833 1172 864 1232 ln
891 1173 1051 1233 Ordinario
1082 1174 1160 1233 Car-

197 1252 419 1321 thusianorum,
442 1259 474 1313 et
496 1253 809 1315 Grandimontensium
833 1256 989 1316 inchoatur
1011 1255 1159 1315 Officium
1253 1298 1254 1315 r

196 1356 250 1416 per
275 1336 425 1415 Confiteor
446 1336 483 1395 ad
508 1338 597 1413 pedes
620 1338 747 1407 ditaris,
766 1344 925 1414 antequam
944 1340 1082 1413 legantur
1099 1336 1159 1397 Le·
1253 1394 1254 1403 ,

198 1422 293 1481 tiones
315 1416 469 1493 Expeditis
491 1417 683 1479 Lectionibus
710 1425 740 1478 rt
769 1418 918 1485 Litaniis,
949 1418 1039 1479 siebat
1060 1420 1160 1477 Bene·
1253 1466 1254 1495 ἶ

196 1502 286 1562 dictio
308 1499 410 1566 tontis,
435 1504 497 1559 tum
522 1499 673 1577 baptisma
696 1501 731 1559 ad
748 1518 817 1559 eum
833 1501 896 1561 lere
920 1502 1042 1560 modum
1060 1499 1160 1559 admi·
1253 1546 1254 1565 ,

199 1582 382 1642 nistrabatur
404 1580 479 1639 uti
473 1600 501 1639 m
526 1579 679 1641 Pasobatis
703 1582 823 1659 Vigilia.
847 1582 1136 1655 Quemadmodum'
1128 1598 1160 1639 m
1253 1578 1254 1581 ’

200 1664 361 1740 Pervigilio
383 1660 528 1732 Paschae,
552 1665 580 1721 in
604 1664 793 1724 Pentecostes
820 1665 920 1725 itidem
945 1662 1107 1740 Pervigilio
1125 1662 1159 1721 fit

96 1811 99 1816 Α
124 1792 129 1799 .
199 1743 390 1821 Baptismalis
413 1739 515 1804 Fontis
539 1746 728 1813 benedicti03
764 1745 843 1805 brino
865 1746 945 1806 enim
969 1746 1057 1805 ritum
1083 1746 1158 1805 reti·

198 1846 269 1888 nere
292 1825 387 1887 voluit
410 1822 555 1892 Ecclesia,
581 1846 616 1885 ne
638 1826 675 1904 ej
680 1846 702 1886 rs
724 1827 897 1905 disciplinae
921 1827 1066 1903 memoria
1082 1828 1160 1887 inte-

152 1969 163 1980 ,
199 1912 287 1977 riret,
311 1926 370 1983 qua
393 1907 496 1965 olim
489 1909 522 1966 ris
544 1907 662 1968 duobus
684 1908 1007 1979 solummododiebns,
1032 1909 1158 1969 uisitar-

200 1998 286 2069 geret
309 1988 480 2058 necessitas,
505 1990 676 2066 baptismus
699 1990 919 2051 conserebatur.
1253 2037 1254 2041 ,

238 2071 278 2131 ll.
303 2066 479 2128 Pentecoste
501 2068 658 2132 Festorum
690 2070 991 2147 omniumappellare
1019 2074 1077 2130 don
1100 2071 1158 2130 du·
1253 2122 1254 2125 ,

198 2152 307 2216 bitavit
328 2148 478 2209 Eusebius
500 2152 536 2209 de
563 2154 630 2214 Veto
648 2154 835 2216 Canetonum
858 2154 922 2213 Lib.
947 2151 988 2211 lV
1003 2150 1076 2229 Cap.
1102 2150 1157 2211 (it.
1253 2202 1254 2225 ,

199 2235 285 2297 Adeo
309 2232 451 2291 solemnis
472 2231 624 2308 Apostolis
647 2234 747 2295 luerat
768 2235 897 2310 Spiritus
919 2232 949 2293 S
974 2234 1156 2302 descensus,
1253 2273 1254 2313 3

200 2322 235 2377 ut
257 2315 391 2375 solemne
414 2314 506 2372 etiam
523 2312 645 2376 Festum
662 2316 814 2377 voluerint
828 2317 996 2387 instituere3
1014 2322 1080 2375 erat
1095 2315 1157 2375 hoo

199 2396 351 2457 Ecclesiae
375 2395 583 2483 primordium,
607 2398 756 2469 nativitas,
781 2398 926 2465 fundatio,
950 2396 1155 2458 etdedicatio.
1253 2443 1254 2477 r

198 2479 289 2540 Omni
323 2469 424 2536 tamen
453 2481 588 2553 tempore
610 2480 762 2556 reperitur
784 2477 908 2539 Festum
931 2477 987 2537 boc
1008 2478 1159 2557 lerosoly·
1253 2542 1254 2555 p

201 2562 258 2621 mis
279 2558 486 2619 celebratum·
516 2559 599 2621 etS.
623 2560 753 2640 Cyrillus
776 2560 1044 2639 lerosolpmitanus
1069 2558 1159 2621 Cote-
1253 2607 1254 2633 3

200 2642 278 2704 chesi
292 2651 379 2701 secto
401 2647 550 2701 memorat
563 2642 654 2703 etiam
671 2643 865 2703 Ecclesiam
858 2662 886 2701 m
903 2641 1008 2702 eodem
1024 2642 1090 2701 loco
1104 2658 1158 2702 ex·
1253 2634 1254 2701 J

200 2728 340 2790 tructam,
366 2721 416 2781 ubi
438 2720 567 2799 Spiritus
589 2722 621 2783 S.
646 2742 736 2800 super
759 2724 916 2802 Apostolos
945 2722 1154 2792 descenderat,
1253 2710 1254 2777 ?

199 2822 279 2883 qliae
310 2820 365 2863 suo
393 2822 513 2880 quoque
541 2821 617 2864 aevo
641 2806 829 2867 subsistebat.
855 2805 880 2865 Α
906 2803 1045 2865 Conciliis
1066 2803 1157 2866 Festo

200 2886 357 2947 Pasobatis
379 2886 582 2952 assimilatur.
608 2884 789 2947 Pentecosten
812 2886 969 2957 similiter,
991 2894 1025 2946 ot
1046 2887 1082 2946 in
1098 2884 1157 2945 Pa
1251 2932 1254 2968 ,Ξ

200 2970 281 3029 solra.
304 2968 421 3041 Quanta
444 2974 545 3028 autem
569 2969 607 3027 sit
628 2965 709 3029 Festi
727 2968 816 3047 bajus
831 2969 1016 3034 solemnitas,
1034 2986 1072 3027 ex
1087 2984 1157 3029 ver

199 3052 246 3111 bis
269 3048 378 3109 Leonis
403 3046 503 3125 Magni
531 3050 699 3110 ostenditur
725 3049 865 3111 Sermone
887 3050 927 3109 73
942 3050 990 3115 de
1011 3049 1157 3111 Ponteoc·
1253 3098 1254 3129 ,

200 3136 246 3193 ste
266 3129 341 3206 Cap,
369 3129 473 3206 lpag.
499 3129 578 3190 155.
604 3129 792 3191 Hodiernum
813 3132 1050 3201 solemnitatem,
1081 3130 1156 3190 dile
1253 3202 1254 3205 Ἴ

201 3214 341 3279 ctissimi,
362 3213 397 3272 in
414 3212 586 3287 praecipuis
605 3209 698 3273 resin
721 3230 777 3273 esee
799 3212 1000 3273 venerandam
1022 3212 1155 3273 omnium
1253 3232 1254 3271 3

204 3294 427 3358 Cotbclinornm
442 3292 535 3351 cordo
551 3303 752 3400 copnoscont
757 3292 820 3355 Nec
835 3293 957 3353 dotium
973 3303 1024 3361 est,
1043 3302 1156 3371 poento
1253 3342 1254 3357 ,

198 3376 269 3435 boio
292 3374 353 3433 diei
375 3378 545 3435 reuerentia
570 3362 752 3444 delemur,l
737 3394 844 3454 ,qoem
868 3372 1000 3453 Spiritus
1028 3372 1155 3435 Sanctam

201 3454 448 3516 excellentissimo
462 3457 510 3515 sni
525 3457 659 3516 moneris
673 3458 822 3517 miraeoto
838 3458 1031 3517 consecravit.
1045 3454 1154 3516 Extant

200 3554 240 3599 ox
262 3536 360 3598 veteri
375 3527 532 3613 disciplina
546 3535 716 3597 firmissima
733 3544 922 3617 argumenta,
936 3554 1012 3615 quae
1027 3537 1156 3615 probant
1253 3596 1254 3613 p
