2517 4059
465 179 689 249 *Dimm-

100 309 196 369 babet
217 309 310 369 lineas
333 313 415 379 octo,
439 310 548 385 partim
570 308 680 369 coloris
701 306 798 377 rubei,
823 308 931 385 partim
955 328 1060 371 caeru-

100 392 153 451 lei.
182 389 215 449 ln
232 390 423 451 extremitate
446 408 565 467 qnoque
588 389 706 449 fimbria
730 391 980 451 circumducitur.
1006 392 1060 453 Su·

103 491 159 551 pra
184 482 289 549 pectus
304 490 379 531 erun
402 490 507 548 inagna
533 473 616 532 rubei
632 471 869 533 colorisvisitur.
892 471 1060 535 Dalmatica

101 555 184 613 circa
207 555 317 613 collum
341 554 563 630 constringitur.
588 555 621 614 ln
645 554 746 613 absida
775 561 931 629 practerea
955 555 1060 615 Desili-

102 654 158 695 cae
181 634 211 696 S.
237 636 350 698 Mariae
373 634 597 713 transtyberim,
622 635 672 695 rrbi
698 635 847 694 musivum
871 653 947 709 opus
970 635 1056 696 luno·

102 718 192 777 centii
211 716 237 777 ll
259 718 357 777 studio
383 717 581 777 labrelactum
603 723 659 777 est.
685 714 714 775 S.
741 714 929 775 innocentius
951 714 1058 777 Roma-

102 817 160 857 nus
182 796 316 858 Pontiiex
338 798 502 859 Dalmatica
528 799 613 857 talari
637 798 695 857 albi
719 800 828 857 coloris
849 799 971 859 indutus
993 806 1056 869 est,

103 881 213 954 inqua
237 890 306 942 sunt
328 884 423 940 lineae
452 879 560 939 coloris
589 880 745 948 caerulei,
779 887 810 939 ct
831 880 866 938 ad
890 886 1058 941 extremam

101 978 188 1021 oram
211 959 347 1021 fimbriae
368 979 438 1020 cum
460 979 545 1019 auro.
570 962 684 1022 Ibidem
709 961 739 1020 S.
754 960 1059 1023 Larrrentiuscandi·

101 1043 171 1101 darn
190 1042 387 1104 Dalmaticum
410 1048 507 1119 gestat
522 1041 607 1101 lincis
628 1044 775 1102 coccineis
790 1043 971 1112 distinctam,
996 1061 1057 1103 ma·

103 1124 186 1183 nicas
209 1126 283 1185 latas
306 1124 491 1187 habentem.
516 1130 546 1183 ct
568 1127 649 1183 circa
671 1123 799 1191 collum,
827 1131 857 1185 et
879 1127 957 1185 circa
982 1125 1057 1184 talos

5 1214 11 1231 ’
101 1207 138 1265 ad
163 1208 413 1275 extremitatem,
438 1203 573 1265 fimbrias
605 1224 674 1265 curn
704 1222 791 1263 auro.
826 1206 867 1266 Ar
888 1208 1006 1267 saeculo
1028 1206 1059 1265 X

100 1285 285 1347 Dalmaticas
305 1291 455 1347 variorum
477 1287 611 1347 colorum
636 1286 771 1347 adbiberi
795 1286 823 1345 in
839 1290 932 1347 sacris
949 1293 1055 1366 myste-

101 1370 156 1427 riis
171 1371 336 1439 consuevit,
360 1370 454 1428 donec
470 1357 589 1427 saeculo
605 1366 666 1428 Xll
689 1375 719 1427 et
740 1370 964 1443 insequentibus
989 1387 1057 1429 con·

101 1448 213 1511 formes
228 1454 349 1510 omuino
363 1451 485 1509 larerunt
499 1450 591 1509 colori
607 1456 778 1520 ceterorum
796 1458 1055 1513 ornamentorum.

143 1531 195 1591 lV.
215 1529 319 1592 Fuisse
334 1531 533 1591 Dalmaticum
548 1549 639 1590 unam
657 1534 835 1610 praesertim
849 1550 885 1591 ex
901 1532 1058 1591 indumen-

101 1612 140 1672 tis
162 1612 279 1673 Summi
303 1612 463 1681 Pontisrcis,
489 1613 539 1671 ubi
555 1613 714 1671 Missurum
730 1613 873 1671 solemnia
892 1618 958 1672 erat
980 1613 1056 1672 cele·

100 1694 255 1759 bratonis,
281 1702 362 1772 patet
383 1712 419 1751 ex
434 1692 597 1754 Ordinibus
618 1693 644 1763 Ι,
670 1693 724 1760 ΙΙΙ,
748 1701 777 1753 et
799 1694 837 1757 V.
863 1695 995 1768 itemque
1018 1710 1056 1753 ex

102 1778 273 1836 testimonio
297 1777 414 1836 loannis
437 1775 584 1845 Diaconi,
608 1777 659 1851 qrri
685 1776 748 1835 lib.
769 1775 795 1835 V
819 1774 907 1835 Vitae
931 1774 961 1836 S.
985 1772 1057 1835 Gre-

100 1860 189 1935 gorii,
205 1855 308 1934 Capite
321 1856 492 1917 LXXXIV.
506 1857 704 1917 Dalmaticam
722 1858 814 1933 ipsius
830 1854 978 1915 Pontificis
995 1874 1058 1917 me·

98 1945 211 2001 moral.
236 1940 302 1999 Mos
325 1948 423 1999 tamen
447 1939 671 2013 antiquissimus
695 1940 763 2001 luit.
787 1945 817 1999 ut
835 1937 961 1997 Romani
978 1937 1056 1996 Pon·

100 2018 209 2093 illices,
232 2026 286 2079 aut
310 2019 462 2097 Episcopis
484 2020 595 2095 optime
619 2020 736 2079 meritis
751 2018 932 2079 Dabunticas
955 2022 1055 2079 mitte·

99 2109 178 2170 rent,
204 2120 371 2178 earumque
387 2120 472 2161 usrrm
489 2101 524 2159 iis
546 2102 758 2166 concederent,
776 2107 828 2161 aut
843 2101 897 2177 ipsi
915 2101 1055 2178 Episcopi

97 2189 220 2243 easdem
244 2184 282 2242 ab
297 2183 465 2261 Apostolica
488 2183 563 2243 Sede
586 2189 734 2258 peterent,
759 2188 848 2258 atque
865 2200 968 2242 eorum
987 2200 1055 2259 pre·

98 2265 185 2325 cibus
208 2265 347 2323 Diaconis
369 2283 490 2324 suarum
515 2262 718 2324 Ecclesiarum
746 2266 983 2340 impertirentur.
1009 2260 1056 2323 Ex

97 2344 206 2406 Sancto
221 2345 367 2422 Gregorio
390 2344 455 2404 Lib.
476 2344 529 2404 Vll
552 2342 651 2423 Epist.
672 2344 767 2407 CXII
786 2344 854 2404 Iud.
873 2344 919 2405 11.
942 2343 1054 2419 liquido

98 2434 236 2504 apparet,
260 2428 405 2503 Aregium
430 2428 610 2504 Episcopum
635 2427 862 2504 Vapin'censem
886 2426 1054 2485 abeodem

96 2507 245 2586 Gregorio
267 2528 355 2569 usum
372 2508 556 2567 Dalmaticae
572 2527 626 2586 pro
649 2528 692 2577 se,
710 2515 739 2567 et
761 2526 816 2584 pro
832 2506 1053 2567 Archidiacono

96 2588 252 2649 Ecclesiae
274 2608 347 2650 suae
364 2592 495 2665 petiisse,
521 2607 556 2648 ac
572 2590 698 2667 benigue
719 2589 900 2665 Gregorium
918 2588 1054 2664 petitioni

98 2672 249 2733 annuisse.
274 2671 319 2731 Ex
341 2672 389 2731 bis
404 2671 551 2747 intelliges
567 2670 714 2733 Diaconos
737 2675 765 2730 in
781 2668 878 2731 Galba
897 2686 1054 2745 qualisque

95 2754 336 2832 viguitliturgia
349 2750 513 2820 Gallicana,
538 2770 645 2827 nempe
669 2771 763 2829 usquc
785 2752 822 2811 ad
837 2748 1053 2811 Hadrianum!

96 2832 272 2895 Dalmaticis
295 2855 351 2896 non
375 2853 444 2895 usos
466 2852 545 2904 esse,
569 2834 620 2894 sed
646 2839 760 2894 tantum
785 2834 863 2899 cibo,
888 2849 921 2891 ac
945 2831 1051 2902 Stolo,

97 2918 133 2977 iis
156 2921 273 2975 lantum
296 2917 443 2993 exceptis,
468 2917 575 2992 quibus
596 2913 730 2987 Romani
745 2912 905 2975 Pontifices
927 2917 1054 2989 potesta·

97 3004 159 3057 tem
185 2995 368 3059 Dalmaticae
385 2999 550 3057 induendae
565 2997 710 3056 fecerant.
734 2995 766 3055 ld
790 2997 874 3056 nobis
897 2991 1055 3055 conlirmat

97 3078 275 3155 Anonymus
308 3082 335 3140 in
358 3080 442 3140 brevi
465 3080 652 3155 expositiono
686 3078 837 3153 Lilurgiae
859 3074 1052 3143 Gallicanae,

97 3179 189 3237 quarn
213 3160 244 3221 S.
262 3160 583 3222 GermanoParisiensi
607 3162 740 3221 Antistiti
764 3160 905 3219 adscribit
922 3154 1053 3217 Erimon·

97 3243 152 3303 dus
174 3242 340 3304 Martenius
361 3242 449 3305 Tom.
474 3241 502 3301 V
526 3242 741 3303 lnccdoloruru
764 3260 831 3319 pag.
856 3238 907 3299 90.
934 3239 1053 3298 Dalma-

98 3324 155 3383 tica
177 3327 299 3403 insuper
322 3326 378 3385 init
403 3324 553 3401 peculiare
576 3326 689 3399 insigne
712 3323 913 3383 Diaronorum
942 3320 1050 3381 Roma·

98 3425 154 3467 uae
181 3405 355 3477 Ecclesiae3
379 3424 472 3483 quare
494 3422 532 3465 ex
555 3406 732 3483 privilegio,
761 3404 901 3463 Diaconis
923 3398 1054 3477 alicujus

98 3489 206 3548 nobilis
227 3486 380 3551 Ecclesiae
396 3488 555 3559 identidem
578 3486 703 3547 Romani
720 3484 877 3547 Pontifices
899 3502 965 3545 eam
982 3500 1053 3542 con·

98 3588 226 3632 cessere.
244 3570 316 3631 Post
337 3570 368 3631 S.
386 3568 524 3650 Gregorii
540 3575 677 3647 tempora
693 3566 876 3629 Dalmaticae
899 3582 971 3627 usus
985 3564 1053 3625 vul·
