2517 4059
564 175 790 268 mittas

203 327 305 384 autem
322 318 540 384 Deiunotorum
565 322 712 382 momoria
733 320 839 383 eodem
861 321 974 398 pariter
997 319 1103 387 modo,
1130 338 1181 380 ac

197 403 263 464 -ritu
285 400 386 470 fiebat,
410 421 470 480 quo
486 404 628 465 virorum
650 402 741 482 paulo
762 410 832 463 ante
854 403 933 464 tacta
948 401 1005 464 tuit
1026 419 1182 464 comme-

201 484 341 551 moratio,
366 485 406 544 ita
430 489 462 544 ut
484 487 616 562 primurn
639 501 745 546 omues
766 485 906 563 propriae
920 483 1006 544 Sedis
1027 501 1179 546 comme·

202 569 394 628 morarentur
418 562 568 644 Episcopi,
594 567 672 628 unde
694 568 723 626 in
738 563 847 627 Codice
863 563 1046 635 Colbertino,
1070 583 1177 642 quem

201 649 274 710 citat
288 645 424 708 Martene
445 645 482 708 de
504 649 638 728 antiquis
653 645 804 709 Ecclesiae
816 645 936 709 liitiduc
951 646 1039 708 Tem.
1055 646 1072 707 1
1086 645 1174 725 Cap.

201 728 221 789 lr
243 734 300 789 art.
325 726 346 787 8
368 747 452 789 num.
476 727 516 788 23
544 736 611 808 post
634 730 710 791 haec
731 729 848 789 rerba:
872 727 1019 790 Memento
1040 729 1170 796 etiem,

199 809 335 878 Domino,
357 811 542 889 famulorum
564 818 624 874 etc.
649 811 768 872 additur
784 808 1001 889 Episcoporcrn
1019 827 1175 888 proesen-

199 895 239 954 tis
262 889 424 960 Ecclesiae.
440 891 555 952 Deinde
577 893 782 956 subdebantur
804 893 933 954 aliorum
953 891 1078 953 Sedium
1101 892 1174 952 An·

201 975 321 1044 tistiteS,
347 975 398 1050 qui
420 973 449 1030 in
472 971 545 1034 Fide
561 973 728 1044 Catholica,
751 979 783 1033 et
797 970 951 1035 Ecclesiae
972 975 1040 1034 sinu
1053 974 1170 1036 deiun-

201 1057 241 1116 cti
263 1061 369 1124 crant;
394 1073 463 1114 nam
486 1056 643 1128 haeretici,
669 1062 721 1117 aut
742 1054 936 1125 schismatici,
960 1056 984 1116 si
1007 1055 1086 1116 iorte
1109 1053 1171 1114 Di·

200 1136 321 1215 ptychis
346 1137 590 1210 inscriberentur,
614 1155 733 1212 eorum,
745 1137 864 1196 nomina
880 1138 980 1198 statim
1002 1137 1040 1196 ab
1056 1138 1095 1198 iis
1109 1155 1171 1196 ex·

201 1220 424 1295 pungebantur,
442 1221 483 1279 uti
501 1224 583 1280 recte
604 1222 748 1281 observat
762 1216 928 1278 Cardinalis
943 1219 1036 1285 Bona,
1053 1230 1084 1278 et
1099 1237 1168 1278 mc·

199 1300 258 1360 rito
274 1299 414 1379 quidem
436 1319 530 1379 nequo
553 1303 633 1362 cuim
655 1299 737 1380 opud
750 1302 852 1360 Altero
867 1301 926 1361 Dei
947 1301 1043 1374 inquit
1056 1299 1089 1360 S.
1106 1299 1166 1378 Cy·

198 1381 321 1458 prianus
344 1379 475 1457 Epistola
498 1380 538 1441 66
559 1383 596 1442 ad
611 1379 734 1444 Clerum
756 1387 787 1442 et
801 1379 950 1458 Populum
972 1378 1164 1443 Furnensem

199 1471 330 1522 merctur
351 1463 508 1522 nominari
529 1466 563 1524 in
584 1463 779 1525 Sacerdotem
796 1480 903 1540 prece,
927 1465 981 1542 qui
1000 1465 1036 1523 ab
1058 1465 1165 1524 Alteri

198 1542 389 1610 Sacerdotes,
414 1552 439 1602 ct
460 1541 616 1606 lasinistros
636 1549 764 1607 uoluerit
784 1563 919 1605 avocere.
944 1543 1015 1606 Post
1035 1542 1163 1620 Episco-

199 1643 251 1701 pus
273 1631 443 1686 ceterorum
473 1644 592 1702 quoque
615 1629 846 1690 demortuorum
875 1627 1020 1687 memoria
1043 1625 1164 1686 recole·

197 1705 287 1768 batur
309 1724 345 1766 eo
368 1707 464 1767 terme
486 1709 601 1776 ordine,
626 1716 660 1771 ut
680 1709 776 1788 primo
798 1707 985 1776 Sacerdotes,
1011 1707 1160 1784 reliquus·

199 1799 260 1865 que
288 1789 361 1848 ordo
390 1790 611 1850 ecclesiasticus
627 1833 637 1856 ,.
667 1797 732 1852 tum
754 1789 978 1867 imperatores,
1003 1797 1161 1866 postremo

198 1872 289 1931 etiam
313 1869 381 1930 laici
404 1873 466 1942 sive
490 1889 601 1940 mares,
618 1874 682 1933 sive
697 1873 847 1934 faentinae
862 1870 981 1949 publice
1003 1869 1159 1932 ediceren-

198 1959 259 2012 tur.
284 1951 409 2013 Adlraec
432 1952 627 2030 peculiariter
649 1955 729 2015 inter
751 1954 843 2014 laicos
864 1953 1004 2020 recitati,
1027 1954 1078 2028 qui
1099 1949 1161 2012 Ec·

198 2035 290 2094 clesia
311 2035 440 2094 alienam
463 2034 645 2105 fundarant,
675 2033 723 2096 vel
744 2035 905 2113 quodpiam
934 2033 1016 2094 aliud
1045 2031 1159 2096 benefi-

198 2116 279 2176 cium
305 2115 335 2176 in
357 2133 424 2175 eam
447 2116 648 2178 contulerant.
671 2114 772 2178 Lectis
796 2121 897 2183 autern
920 2113 1076 2194 Episcopis
1103 2116 1158 2176 de·

197 2197 337 2268 mortuis,
361 2197 511 2257 clamabat
534 2197 685 2276 populus:
712 2197 817 2262 Gloria
832 2199 889 2258 tibi
904 2196 1054 2267 Domine;
1076 2197 1156 2276 quod

197 2277 310 2339 iactum
332 2277 389 2340 iuit
409 2279 439 2339 in
462 2278 594 2342 Concilio
617 2277 822 2341 Oecumenico
844 2277 883 2340 V.
908 2276 983 2339 Erat
1004 2297 1075 2339 sane
1104 2277 1156 2340 illa

196 2359 421 2436 Episcopalium
444 2361 599 2422 nominum
624 2363 760 2423 recitatio
782 2361 931 2438 quaedam
952 2363 1035 2436 quasi
1053 2362 1156 2421 uirtu-

197 2448 260 2505 tuur
284 2442 463 2502 eorumdem
492 2443 728 2522 depraedicatio.
751 2442 889 2504 Martene
916 2459 1010 2520 usque
1036 2443 1072 2503 ad
1093 2439 1155 2505 ΧΠ

198 2521 359 2585 Saeculum
383 2525 502 2584 nomina
524 2525 745 2587 Defunctorum
768 2525 877 2602 palamv
890 2522 1016 2584 recitata
1035 2541 1101 2586 esse
1121 2542 1153 2584 o-

197 2604 320 2667 stendit.
344 2604 384 2666 m
407 2606 495 2666 desiit
516 2624 588 2667 usus
602 2605 839 2686 Diptychorum,
854 2611 886 2666 et
909 2611 979 2666 tunc
1002 2607 1032 2666 in
1047 2605 1150 2666 Mona·

195 2689 295 2748 storiis
317 2689 494 2762 praesertim
517 2705 582 2748 mos
606 2689 758 2758 invaluit,
782 2695 817 2748 ut
837 2687 1081 2750 describerentur
1101 2705 1153 2746 uo·

149 2783 160 2796 ‘
196 2769 278 2830 mina
298 2767 516 2833 Defunctorum
539 2769 570 2830 in
592 2769 695 2842 Libro,
720 2787 812 2848 quem
834 2766 1045 2848 Necrolopium
1066 2787 1154 2830 roca·

194 2851 277 2913 bant.
295 2847 434 2924 Quotidie
456 2869 494 2912 ex
515 2850 574 2911 hcc
596 2852 673 2913 libro
694 2852 871 2929 legebantur
892 2853 1013 2913 nomina
1034 2869 1150 2920 eorum,

196 2933 246 3010 qui
271 2934 333 3011 ipsa
356 2931 403 2992 die
427 2933 573 3001 obiecaut,
598 2938 629 2994 et
650 2953 705 3012 pro
728 2934 800 3010 ipsis
821 2951 891 2992 cum
906 2929 1051 2994 Oratione
1072 2949 1152 2992 com·

194 3017 307 3092 petenti
329 3015 443 3075 cantari
458 3014 574 3075 solebat
587 3014 727 3078 Psalmus
741 3013 785 3074 De
801 3011 992 3092 molendis,
1003 3017 1081 3076 sicut
1094 3014 1148 3074 bo-

193 3096 242 3157 die
265 3093 299 3156 tit
320 3097 350 3155 in
366 3095 525 3157 Coenobiis
547 3097 623 3157 bene
647 3098 790 3160 institutis
812 3101 880 3173 post
900 3098 1072 3172 generalem
1092 3095 1151 3155 Ite·

194 3177 370 3238 iunctorum
394 3179 727 3249 commemorationem,
745 3187 779 3242 ut
793 3183 877 3239 notat
890 3174 1055 3240 Cardinaiis
1070 3177 1149 3239 Bona

193 3255 308 3320 Rerum
323 3255 550 3338 Liturpicorum
571 3258 684 3322 Libii
705 3259 777 3338 Cap.
794 3257 872 3322 XIV
875 3302 883 3320 .
902 3258 993 3320 Plura
1014 3258 1145 3338 ejusdem

112 3337 114 3344 '
194 3339 428 3404 consuetudinis,
443 3341 614 3401 testimonia
636 3343 779 3404 exhibent
800 3339 953 3420 Epistolae
980 3341 1011 3402 S.
1035 3341 1147 3401 Bonita·

194 3423 232 3480 cii
254 3419 425 3498 Martyris3
457 3440 524 3482 nam
549 3419 686 3499 Epistola
714 3421 756 3484 Ei
775 3421 919 3485 Fratrum
942 3422 1146 3485 detunctorum

193 3505 315 3560 nomina
337 3519 369 3562 se
393 3504 512 3564 mittere
535 3505 638 3566 scribit
658 3506 804 3568 Aldherio
825 3504 947 3566 Abbati.
963 3504 1034 3569 Ritu
1050 3500 1147 3565 Moza·

191 3581 301 3644 rabum
325 3581 444 3644 nomina
466 3583 573 3647 eodem
588 3593 730 3652 contextu
745 3587 887 3668 teguntur
909 3588 997 3666 paulo
1013 3591 1080 3666 post
1093 3582 1145 3646 0i·
