2517 4059
467 224 691 294 wimm-

100 355 137 410 in
160 354 250 411 uinea
272 353 476 413 laborantibus
491 356 525 413 in
535 356 710 431 praemium
732 353 850 414 dandus
865 365 917 413 est.
943 352 981 413 El
997 353 1061 416 Lib.

99 430 145 492 lv
168 429 242 509 Cap.
267 432 306 492 30
329 434 450 493 dicens:
475 434 555 512 quod
577 436 618 495 sic
634 431 743 495 Hostia
766 434 952 515 efformatae,
977 445 1009 495 ut
1025 438 1064 495 si·

100 512 259 592 qnifioetur
285 514 421 576 Christus
451 519 504 593 qui
526 524 567 581 est
589 518 680 593 Alplru
703 525 729 575 ot
756 512 886 594 Omoqa,
916 517 1064 578 Dominus

106 592 194 654 Orbis
217 608 243 655 et
263 596 297 654 in
318 598 504 657 rotunditate
525 594 649 656 Hostiae
674 596 827 676 sacrificii
848 599 941 658 nostri
957 616 1065 678 perpe-

100 679 195 737 tuitas
210 693 304 754 usque
319 678 461 818 adgnem
476 677 593 738 mundi.
617 677 750 756 Utraque
773 677 908 739 Ecclesia
930 685 994 739 tum
1010 679 1066 740 Oc·

101 758 261 817 cidentalis
285 765 348 818 tum
394 760 527 820 rientalis
542 778 662 837 sempor
677 762 831 822 consuerit
851 759 991 827 Crucem,
1014 764 1063 821 vel

99 838 249 899 Crucifixi
278 840 438 915 imaginem
467 839 580 903 Hostile
611 844 806 921 imprimere,
835 844 878 903 uti
905 844 1065 903 ostendunt

98 916 204 987 Geor,
240 925 270 982 et
293 918 447 1002 Philippus
469 922 659 983 Buonarroti.
688 922 827 984 Hostiam
855 923 983 984 Patenae
1011 926 1065 984 im·

98 1003 229 1081 positam
252 1000 397 1063 Sacerdos
425 1005 533 1065 elatam
557 1012 662 1076 tenet,
692 1007 858 1081 attollitque
886 1005 922 1063 ad
945 1008 1064 1067 coelum

99 1084 226 1151 oculos,
252 1089 286 1145 ut
307 1104 375 1145 earn
398 1084 461 1146 Deo
483 1086 602 1146 offerat.
626 1088 660 1147 ln
683 1085 826 1147 Oratione
849 1086 972 1165 Suscipe
991 1086 1063 1147 Son·

99 1172 144 1225 ete
169 1162 263 1225 Pater
284 1163 429 1228 Sacerdos
451 1172 539 1227 vocat
559 1166 710 1239 Hostiam,
735 1187 813 1245 quae
836 1174 882 1228 est
903 1186 994 1246 super
1010 1168 1066 1228 Pa-

98 1252 225 1315 tenam,
249 1248 305 1307 etsi
329 1252 459 1309 nondum
483 1258 657 1310 consecrata
679 1254 733 1317 sit,
758 1248 988 1311 Immaculatonr
1003 1247 1065 1309 Ho-

96 1328 200 1388 stiam.
225 1328 266 1388 At
288 1348 344 1388 non
367 1337 433 1401 est,
463 1330 543 1406 quod
566 1333 715 1411 quispiam
744 1334 894 1404 miretur3
923 1330 1062 1392 Hostiam

99 1410 214 1487 quippe
230 1410 357 1471 dicimus
380 1414 604 1474 immaculatum
627 1434 684 1474 non
702 1415 794 1473 relate
810 1414 845 1472 ad
862 1414 1062 1474 substantiam

96 1491 204 1569 panis,
228 1492 279 1551 scd
302 1510 356 1569 per
376 1495 549 1554 relationem
574 1496 610 1555 ad
637 1496 752 1576 Corpus
777 1494 905 1563 Christi,
929 1497 1009 1571 quod
1030 1497 1066 1573 vi,

97 1572 220 1634 litturae
243 1577 471 1635 consecrationis
494 1578 550 1637 erit
565 1578 619 1637 sub
637 1578 730 1655 ipsius
745 1577 829 1653 panis
849 1577 960 1651 specie.
985 1575 1063 1636 Hinc

97 1656 299 1715 immaculata
328 1656 436 1715 dicitnr
465 1674 522 1716 non
545 1660 583 1718 ob
605 1658 684 1728 hoc,
713 1658 795 1734 quod
818 1660 908 1734 panio
930 1663 998 1733 post
1018 1657 1065 1718 iu-

98 1742 172 1810 tura
194 1740 261 1803 est,
288 1740 320 1796 ut
342 1738 471 1799 advertit
493 1738 574 1799 Bona
599 1739 664 1799 Lib.
690 1739 718 1799 11
744 1740 817 1816 Cap.
840 1736 861 1796 9
883 1756 968 1801 num.
992 1738 1011 1797 3
1034 1744 1065 1799 et

99 1816 226 1895 Pouget.
251 1816 371 1881 Oblatio
393 1821 547 1897 peragitur
563 1840 580 1880 a
595 1820 767 1889 Sacerdote,
793 1821 843 1896 qui
859 1838 892 1880 se
908 1821 1063 1916 iudignum

100 1916 224 1977 semper
246 1900 393 1960 famulum
412 1900 544 1978 profiteri
559 1904 658 1971 debet,
683 1902 753 1977 quia
769 1902 883 1962 scilicet
899 1900 985 1980 longe
1001 1920 1064 1962 ma·

98 1982 218 2041 ximum
242 1980 450 2058 infinitumque
473 1984 664 2045 intervallum
688 1983 904 2059 interipsum,
928 1990 959 2044 et
978 1984 1064 2044 victi·

98 2080 182 2123 mam
206 2062 374 2123 intercedit.
398 2063 530 2125 Offertur
546 2066 609 2125 Deo
624 2065 676 2142 qui
693 2065 771 2125 vitae
787 2065 852 2125 ions
866 2071 923 2130 est,
946 2066 995 2125 cni
1011 2067 1063 2124 uni

99 2141 291 2206 Sacrificium
314 2146 462 2213 debetur,
486 2148 597 2223 quippe
621 2148 672 2223 qui
694 2164 771 2205 unsis
793 2146 873 2206 Deus
895 2147 983 2207 rivus
1005 2153 1061 2219 est,

98 2231 134 2288 ut
157 2227 291 2301 loquitur
312 2228 417 2287 Daniel
441 2225 510 2288 Nou
533 2230 594 2287 eolo
616 2227 689 2307 Cap.
707 2227 783 2287 XlV
806 2247 835 2288 v.
855 2226 873 2286 b
896 2228 981 2288 Idolo
999 2247 1065 2288 mo-

98 2308 236 2385 nusactm
260 2308 309 2367 sed
332 2310 475 2370 uiuentem
492 2310 586 2369 Deum
603 2315 656 2389 qui
672 2310 783 2371 creauit
808 2310 941 2371 coelun.
965 2309 1062 2373 Ollerl

99 2388 248 2450 Sacerdos
270 2391 367 2466 primo
391 2391 471 2458 loco,
497 2398 529 2452 ut
544 2410 669 2453 suorum
693 2394 785 2469 ipsius
802 2397 995 2467 peccatorum
1011 2410 1063 2452 ve-

99 2472 182 2531 niam
212 2470 363 2539 obtineat,
394 2490 522 2547 quorum
551 2478 612 2533 tam
636 2476 743 2551 ingens
766 2476 812 2531 est
832 2490 999 2541 numerus,
1029 2480 1062 2532 ut

100 2553 216 2631 percipi
241 2559 390 2629 nequeal;
420 2555 587 2630 siquidem,
618 2560 653 2615 ut
675 2559 777 2614 monet
799 2551 830 2612 S.
854 2552 1002 2618 lacobus,
1031 2554 1061 2613 in

100 2637 203 2695 multis
228 2634 402 2715 offendimus
429 2654 537 2695 omnes.
569 2630 819 2711 ld'pntissimum
848 2636 877 2692 in
906 2632 1062 2695 Sacrificio

100 2716 256 2778 offerendo
280 2718 464 2794 propositum
490 2717 573 2776 nobis
589 2724 650 2784 est,
676 2724 710 2779 ut
734 2734 786 2793 per
809 2716 881 2775 illud
897 2734 914 2775 a
930 2717 1060 2791 peccatis

46 2795 50 2803 ’
100 2799 219 2878 purgati
243 2800 368 2859 salutem
392 2804 421 2858 et
444 2805 597 2873 aeternam
621 2796 713 2859 'vitam
729 2797 928 2857 obtineamus.
953 2796 986 2856 ln
1002 2794 1083 2857 fine'

101 2879 255 2941 Orationis
278 2884 407 2956 utraque
430 2898 520 2941 uranu
543 2885 647 2940 lenens
668 2879 810 2940 Patenam
840 2876 913 2937 iacit
933 2894 1003 2937 cum
1026 2895 1062 2938 ea

100 2964 220 3039 signum
236 2960 342 3021 Crucis
358 2980 448 3039 super
463 2960 639 3038 Corporale,
663 2960 838 3037 deponendo
859 2957 997 3020 Hostiam
1014 2976 1063 3019 su-

100 3062 156 3122 per
178 3040 352 3117 Corporale.
378 3041 410 3101 ln
434 3045 584 3108 oblatione
607 3044 694 3118 docet
716 3041 919 3109 innocentius,
943 3041 1061 3117 signnm

100 3125 207 3188 Crucis
230 3121 317 3195 fieri,
342 3129 374 3185 ut
391 3142 443 3201 per
459 3126 602 3188 virtutem
618 3124 726 3184 Crucis
741 3124 838 3184 omnis
853 3127 977 3183 conatus
992 3122 1062 3183 Dia·

99 3206 161 3268 boli
183 3194 315 3283 effugiat,
342 3222 377 3264 ne
399 3212 503 3266 eontra
527 3206 720 3268 Sacerdotem
741 3205 787 3264 vel
804 3203 991 3266 Sacrificium
1009 3204 1061 3264 ali-

100 3306 161 3364 quo
178 3287 265 3347 modo
282 3288 465 3365 praesulsae
489 3290 549 3357 vel,
574 3296 607 3349 ut
621 3289 782 3349 advertunt
797 3285 949 3347 Honorius
964 3286 1031 3347 Lib.
1045 3285 1060 3345 l

102 3368 177 3448 Cap.
195 3368 247 3436 aa
271 3375 302 3429 et
319 3369 476 3430 [iurandus
492 3369 590 3431 Lib.'I
611 3368 684 3449 Cap.
702 3369 742 3431 30
764 3370 880 3447 signum
898 3366 1059 3429 illudCru-

99 3452 142 3512 ois
165 3450 199 3511 fit
219 3452 259 3511 ad
282 3449 531 3528 significandum,
555 3451 694 3513 Hostiam
716 3452 785 3528 poni
807 3466 900 3528 super
915 3449 1056 3517 Crucem,

100 3532 152 3593 ubi
175 3531 311 3595 Christus
339 3532 426 3594 lesus
446 3532 579 3596 Aeterno
602 3532 683 3595 Patri
710 3534 841 3610 seipsum
872 3531 999 3602 obtulit,
1028 3537 1060 3594 ut

100 3632 153 3677 nos
175 3632 192 3675 a
213 3614 338 3694 peccato
361 3615 534 3679 redimeret.
