2517 4059
480 178 683 251 aalma·

481 386 609 450 lIAPUT
633 387 684 447 Vl.

137 568 175 613 ml
196 567 370 611 urertn'tS
393 568 625 617 remanentium,
649 567 733 621 QUAE
753 567 878 621 omenta
896 593 905 618 ‚
927 567 1046 621 QUlNTA

250 650 290 693 ET
312 649 415 693 satra
436 651 532 695 FElllA
558 649 693 696 VESPEM
713 649 924 695 RECITAMUR·

151 792 175 853 l.
199 794 338 855 Officium
363 780 541 855 nocturnum
565 795 720 857 Tenebrae
754 766 966 872 nuncupatur,
995 798 1064 875 qnia

115 884 198 937 noctu
222 877 405 946 nicenorum
430 884 460 937 et
482 896 590 937 nomen
620 876 677 937 hoc
700 877 780 953 quod
803 877 874 937 huic
897 879 997 937 triduo
1019 897 1066 939 re-

115 959 243 1021 mansit,
269 959 424 1035 proprium
439 958 514 1019 ‘erat
534 960 631 1021 Officii
655 958 736 1035 qnod
758 958 889 1035 quotidie
913 965 1001 1019 noctu
1022 960 1066 1019 di·

115 1039 199 1098 citur.
223 1038 273 1098 Ex
293 1041 431 1101 omnibus
452 1043 582 1116 antiquis
604 1040 768 1101 Ordinibus
790 1038 933 1099 Romanis
955 1047 1062 1115 patet,

115 1121 186 1195 quod
211 1122 309 1181 media
334 1127 420 1182 nocte
442 1122 610 1187 dicebatur,
635 1120 684 1181 Ar
705 1119 828 1200 Vipilior
848 1123 883 1181 in
900 1122 998 1181 medio
1013 1140 1065 1181 no·

115 1209 176 1261 ctc:
197 1209 227 1263 et
250 1205 279 1262 iu
301 1202 366 1262 aliis
389 1207 541 1281 signatur:
566 1202 605 1264 ln
626 1204 700 1281 ualli
721 1214 836 1273 contu,
860 1203 978 1265 duabus
1000 1209 1066 1281 post

114 1284 238 1345 mediam
264 1290 382 1343 noctem
407 1286 498 1346 boris.
523 1284 590 1346 Hae
613 1286 754 1345 tenebrae
776 1284 866 1361 igitur
888 1293 974 1346 eraut
992 1284 1065 1345 Olli·

114 1365 187 1425 cium
210 1367 408 1435 ordiuarium,
433 1369 512 1443 quod
530 1369 641 1442 ubique
664 1368 761 1429 media
777 1374 863 1427 nocte
885 1369 1061 1428 canebatur.

113 1442 221 1508 hlnltae
245 1465 356 1507 causae
379 1451 528 1517 extitere,
563 1450 670 1527 quihus
692 1448 773 1509 illins
804 1450 885 1509 modi
908 1450 1063 1525 pervigilia

114 1536 251 1589 nocturna
275 1529 391 1589 sublata
409 1537 488 1593 sunt.
515 1529 629 1591 Verum
655 1531 751 1591 multa
771 1532 973 1591 antesaecola
997 1548 1064 1591 mos

114 1608 306 1677 introductus,
331 1611 468 1689 exemplo
483 1614 574 1673 etiam
591 1610 745 1673 Romanae
760 1612 914 1673 Ecclesiae
936 1630 1064 1688 praeon-

114 1696 151 1761 tc‚
174 1701 265 1754 ntea
289 1694 437 1753 Matutine
459 1700 617 1753 cantentur
641 1700 708 1770 post
723 1694 894 1772 prandium,
917 1700 952 1754 ut
973 1710 1064 1769 appa·

113 1779 155 1834 ret
174 1793 211 1833 ex
234 1774 350 1835 Ordine
372 1772 508 1853 Romano
532 1773 778 1853 lacobiCajctaoi
800 1774 935 1852 Capiti.
958 1773 1063 1838 Totius

114 1860 198 1917 nostri
232 1855 333 1916 Ollrcii
355 1855 438 1917 Ordo
464 1858 647 1919 describitur
682 1858 718 1918 ab
740 1856 896 1916 Amalario
928 1856 995 1916 Lib.
1021 1853 1063 1916 tv

113 1932 178 2013 Cap.
205 1939 257 2000 12.
282 1935 347 1999 Non
381 1956 398 1997 a
420 1941 564 1999 suavibus
586 1936 644 1999 illis
660 1937 901 1999 ‘invocationibus
922 1936 1062 1998 Ollioium

77 2025 80 2031 '
114 2018 221 2095 incipit,
239 2020 350 2095 quibus
367 2018 462 2081 Deum
485 2037 616 2089 oramus,
630 2024 664 2081 ut
685 2020 825 2085 canendis
841 2017 909 2099 ejus
924 2017 1064 2081 laudibus

115 2100 183 2162 labia
206 2101 293 2163 nobis
310 2102 439 2175 aperiat.
452 2102 575 2181 Nullum
589 2104 627 2169 ¹in
651 2103 687 2163 iis
710 2101 930 2172 invitatorium
954 2100 1063 2162 Psalmi

113 2180 217 2261 hymno
240 2183 292 2242 illo
316 2182 420 2245 Gloria
443 2182 535 2245 Patri
557 2190 661 2243 carent
682 2202 805 2253 omues;
831 2182 902 2243 nulli
924 2182 1061 2261 Hymni,

114 2276 165 2324 non
185 2264 434 2331 Benedictiones,
469 2286 525 2326 non
546 2265 705 2341 Capitula3
740 2271 774 2327 ut
803 2284 904 2326 rernm
928 2266 1061 2325 omnium

113 2346 226 2417 oblitam
252 2343 436 2417 Ecclesiam,
460 2355 490 2407 ot
511 2348 548 2407 ab
571 2350 652 2409 omni
676 2350 733 2410 alia
755 2348 934 2425 cogitatione
955 2364 1062 2405 croca-

113 2432 179 2494 tarn,
205 2434 232 2489 iu
258 2445 294 2490 eo
317 2434 432 2497 tautum
455 2431 568 2491 versari
594 2431 701 2489 merito
723 2430 852 2508 dixeris,
879 2435 912 2489 ot
932 2428 969 2487 de
992 2445 1061 2507 peo-

113 2510 180 2571 catis
201 2510 329 2572 humani
351 2511 468 2587 generis
492 2512 691 2589 ingemiscat,
724 2517 757 2571 et
777 2509 846 2573 lesu
866 2507 977 2570 Christi
1003 2508 1063 2571 Re·

25 2608 26 2611 ’
113 2589 271 2667 temptoria
287 2592 470 2654 crucialibus
485 2592 702 2671 illacrymetnr,
725 2592 882 2653 Lectiones
898 2593 987 2668 primi
1002 2590 1062 2653 No·

114 2676 202 2733 cturni
235 2672 554 2744 abanrentalionibus
584 2674 732 2737 leremiae
767 2674 942 2751 desumptae
964 2680 1060 2735 sont:

115 2754 215 2828 quibus
229 2754 381 2831 Propheta
404 2752 634 2834 Hierosolymao
656 2754 747 2817 desset
767 2756 927 2822 excidium.
952 2757 1062 2816 multo·

115 2850 166 2909 que
188 2838 308 2914 grauius
331 2855 421 2913 snper
437 2835 611 2907 sceleribus,
635 2837 744 2915 quibus
766 2836 863 2897 Deum
885 2838 990 2897 civitas
1013 2836 1059 2898 illa

116 2915 290 2987 irritarerat,
309 2918 487 2993 ingemiscit.
499 2916 559 2979 Nos
582 2919 655 2993 illud
672 2920 720 2979 hic
736 2919 943 2981 tantummodo
959 2918 1061 2978 obser*

116 2998 264 3067 labimus„
279 3001 309 3057 in
333 2998 608 3067 Laureotationibur
629 3020 667 3063 cx
691 3000 837 3063 ieremias
857 2998 987 3060 Threnis
1009 3000 1062 3059 de·

116 3085 234 3157 sumplis
267 3098 356 3143 rocca
378 3082 442 3141 illas
463 3098 622 3142 occurrere
646 3079 761 3162 Aleion,
784 3078 886 3149 Both,
916 3078 1057 3149 (ibimet,

117 3165 185 3231 cuod
201 3163 348 3223 acrostico
370 3162 565 3239 compositae,
581 3166 697 3234 primae
711 3162 907 3240 stropharum
923 3162 1058 3222 omnium

117 3238 224 3305 litterae
246 3248 368 3303 servent
390 3244 550 3322 Alphabeti
572 3243 718 3308 Hebraici
740 3245 887 3305 ordinem.
911 3241 993 3302 Ordo
1009 3244 1058 3303 hic

118 3320 143 3383 in
157 3328 290 3391 versione
305 3325 498 3388 Threuorum
514 3326 542 3387 in
558 3327 649 3389 alium
667 3346 704 3388 ex
719 3326 873 3388 Hebraico
888 3343 1058 3387 sermonem

29 3436 33 3443 ·
118 3418 177 3467 rum
194 3409 314 3472 minime
332 3407 451 3473 retineri
476 3409 619 3485 potnerit,
646 3406 796 3469 Ecclesiae
813 3408 933 3483 placuit,
957 3413 990 3468 ut
1005 3426 1058 3467 sua

117 3489 211 3564 cuique
223 3489 368 3567 strophae
382 3491 506 3549 initialis
522 3490 618 3550 littera
630 3488 780 3550 Hebraico
796 3492 1054 3565 praemitteretur,

120 3570 146 3631 lli
165 3574 270 3647 optime
292 3573 434 3636 observat
455 3569 647 3631 Marzinellus
668 3572 697 3629 lu
719 3570 827 3642 Officio
841 3570 1058 3631 Hebdonradae
