2517 4059
424 188 629 258 mites·

56 316 122 397 nysii
143 315 349 377 Floriacensis
370 317 563 387 Monasterii,
594 326 624 379 et
645 318 839 379 Ordinarium
871 318 1007 381 Cosenti·

57 418 128 459 unm.
152 398 242 471 Quod
268 400 293 456 si
309 397 464 459 Orientem
487 400 616 461 lustrare
638 400 776 466 velimus,
799 401 900 461 statim
924 400 1006 460 nobis

57 480 251 541 duodenarius
286 480 334 539 bic
357 498 499 542 uumems
520 481 627 543 obvius
650 483 719 543 erit.
749 480 1005 559 Constantinopoli

59 563 77 621 si
96 562 214 637 quidem
240 562 301 621 hac
317 562 391 621 leria
414 563 517 639 quinta
532 561 701 638 Imperator
722 563 880 624 duodecim
893 580 1006 641 paupe-

58 644 126 703 ribus
140 644 262 705 solebat
278 643 403 703 abluere
419 644 522 719 pedes,
546 642 650 705 Ritum
664 646 808 705 describit
821 643 950 706 Codinus
974 645 1004 703 in

56 723 148 784 libro:
173 725 220 785 De
243 722 356 808 Officiis
379 726 470 787 Arctoa
494 726 847 807 Constantinopolitanae.
872 723 1007 787 Ecclesia

56 806 176 867 Romana
199 807 241 866 ab
265 807 375 883 elapsis
397 808 488 866 otiam
511 807 702 885 temporibus
728 809 873 870 tredecim
897 826 1007 884 paupe-

54 906 112 947 rum
132 890 227 965 pedes
251 887 359 959 lavat,
384 888 435 948 sed
459 906 534 964 quos
556 894 762 965 repraesentet
784 907 927 951 numerus
950 896 1009 949 ter-

57 970 242 1031 tiusdecimus
267 970 486 1032 abluendorum
510 988 567 1030 non
590 972 630 1030 ita
652 978 700 1031 est
731 972 820 1033 lacile
842 970 1005 1047 explicatu.

55 1048 206 1119 Gavautns,
233 1050 370 1131 Piscem,
388 1050 503 1119 Bissus,
524 1053 637 1127 aliique
653 1052 797 1114 tredecim
814 1055 1003 1120 enumerant,

55 1133 97 1192 sad
118 1134 238 1194 illorum
257 1151 349 1195 nemo
365 1134 451 1192 istius
470 1134 589 1193 numeri
606 1150 729 1194 causam
744 1137 849 1214 aperit.
875 1132 1008 1211 Bauldry

54 1218 147 1273 asserit
168 1216 206 1274 ad
224 1217 328 1275 minus
344 1213 381 1274 ad
397 1213 540 1274 tredecim
556 1232 622 1276 esse
638 1222 790 1290 oportere.
812 1213 1006 1275 Frescobaldi

55 1295 78 1353 in
96 1293 252 1373 Opnscuto
277 1297 358 1358 edito
379 1312 456 1355 anno
480 1295 559 1357 1709
591 1299 649 1357 sub
670 1297 729 1357 hoc
751 1297 861 1359 titulo:
893 1295 1009 1355 Peditu-

56 1378 132 1447 u'om,
155 1378 216 1439 siue
248 1378 286 1437 de
301 1394 429 1438 numero
452 1394 634 1457 pauperum,
660 1380 765 1457 quibus
789 1374 916 1439 locandi
936 1389 1008 1439 sunt

54 1456 126 1535 podes
149 1458 243 1519 Ferio
272 1458 301 1519 V
329 1460 453 1539 majoris
478 1458 702 1529 baddoniodoe,·
729 1466 816 1539 putat
838 1457 1005 1519 Ecclesiam

57 1539 112 1599 ideo
132 1542 279 1603 tredecim
303 1556 472 1619 pauperum
496 1541 598 1601 lavare
622 1542 734 1617 pedes,
768 1542 838 1620 qnia
866 1539 1004 1600 Salvator

56 1622 184 1682 tredecim
209 1623 307 1701 pedes
323 1622 411 1689 lavit3
433 1622 458 1680 si
481 1630 581 1683 autem
605 1640 734 1699 quaeras
756 1625 823 1699 quis
839 1621 930 1681 luerit
952 1621 1003 1680 ille

57 1705 300 1771 tertiusdecimus,
325 1705 374 1762 cui
394 1698 531 1763 Christus
555 1704 644 1782 pedes
667 1705 791 1771 laverit,
814 1701 1007 1779 respondebit

57 1781 135 1844 inisse
157 1786 244 1847 illum
269 1784 543 1863 patremfamilias,
570 1787 599 1844 in
623 1785 710 1865 cujus
731 1786 856 1845 domum
879 1783 1007 1843 Redem-

57 1869 111 1938 ptor
140 1864 258 1929 Pascha
293 1886 362 1927 cum
395 1865 547 1943 Apostolis
578 1867 785 1953 celebraturus
817 1865 1005 1933 diverterat,

58 1961 134 2019 quem
151 1957 312 2027 propterea
335 1950 363 2006 in
387 1950 475 2007 tertio
498 1948 617 2009 decimo
638 1966 807 2026 pauperum
825 1963 1006 2024 repraesen-

59 2028 93 2083 tat
114 2029 259 2091 Ecclesia.
291 2028 470 2106 Opinionem
502 2029 580 2089 hanc
606 2033 716 2091 merito
740 2034 883 2105 tauquam
909 2027 1006 2087 Evau-

60 2110 123 2183 galio
143 2112 328 2172 contrariam
350 2109 500 2179 Orlendus
523 2112 697 2190 impugnat3
721 2118 838 2171 certum
861 2111 940 2171 enim
956 2115 1003 2171 est

60 2206 88 2247 er
107 2190 288 2270 Evangelio,
313 2191 411 2253 lesum
440 2192 594 2253 Christum
616 2210 686 2253 cum
709 2192 867 2253 duodecim
890 2196 1007 2252 tantum
1102 2256 1110 2269 ⁴

62 2268 193 2345 tuostntts
208 2292 329 2335 sacram
346 2272 478 2334 Coenam
493 2274 671 2335 celebrasse.
696 2275 804 2334 Putant
826 2274 876 2334 alii
899 2275 927 2333 in
945 2279 1005 2333 ter-

63 2352 204 2417 tiodecimo
228 2373 397 2434 pauperum
423 2357 642 2431 repraesentari
672 2344 788 2433 llivnin,
804 2354 951 2423 Paulum;
976 2358 1006 2413 et

62 2431 124 2496 hanc
139 2439 318 2500 sententiam
335 2441 416 2497 tenet
431 2436 542 2497 Paulus
554 2436 679 2499 Aresins
701 2436 922 2497 eruditissimus
938 2434 1009 2510 Epi·

63 2531 154 2594 scopus
176 2518 373 2580 Dertonensis
395 2518 461 2577 Lib.
486 2516 515 2577 V
537 2536 574 2578 ex
596 2520 658 2591 iis,
683 2536 758 2595 quos
780 2518 879 2579 italice
901 2517 1006 2576 inscri-

63 2599 124 2672 psit:
140 2598 220 2662 Delta
236 2620 323 2683 sopra
338 2601 475 2677 impresse
490 2598 620 2677 impreco
640 2600 702 2661 136
715 2618 799 2658 num.
814 2598 854 2660 30
868 2596 1006 2679 papam

66 2694 111 2738 non
125 2684 201 2759 quod
218 2682 314 2743 Divus
336 2681 445 2742 Paulus
459 2677 578 2743 Coenae
593 2682 749 2748 assideret,
773 2698 863 2757 quem
886 2686 1007 2742 certum
1040 2693 1044 2697 “

65 2766 100 2819 cst
118 2770 180 2838 post
201 2765 369 2825 salvatoris
398 2779 555 2823 ascensum
584 2764 678 2825 inisse
699 2769 863 2835 vocatum,
893 2763 947 2823 sed
970 2763 1009 2823 ob

66 2844 230 2913 peculiarem
248 2846 451 2905 reverentiam
466 2840 621 2905 Romanae
644 2843 796 2931 Ecclesiae
818 2856 890 2920 prae
907 2850 1007 2904 caete·

67 2920 99 2980 ris
116 2941 177 3002 erga
194 2928 351 2988 concivem
373 2942 460 2987 suum
482 2928 513 2985 et
527 2924 718 3000 Apostolum,
743 2943 832 3003 quem
854 2944 915 2985 uua
936 2942 1007 2984 cum

69 2996 138 3064 Petro
158 3014 316 3086 susceptae
338 3007 527 3069 Christianae
548 3006 633 3068 Fidei
663 3008 814 3085 cognoscit
840 3012 1007 3066 auctorem.

71 3077 150 3147 Fuere
171 3090 231 3161 alii,
257 3091 310 3167 qui
326 3090 536 3151 tertiodecimo
558 3080 609 3150 illo
630 3089 849 3165 repraesentari
864 3089 1009 3173 putarunt

72 3158 160 3244 Divum
175 3171 349 3240 Matthiam,
374 3172 424 3249 qui
448 3172 476 3229 iu
498 3170 590 3231 ludas
613 3172 712 3231 locum
735 3173 839 3247 postea
861 3169 1009 3231 suffectus

74 3252 115 3305 bit·
135 3250 213 3325 Quos
228 3272 374 3315 numerus
396 3253 445 3312 ille
467 3254 629 3330 exprimat,
653 3271 743 3329 quem
766 3251 901 3311 Romana
924 3265 1009 3328 prae·

74 3330 155 3391 scribit
174 3333 310 3397 Ecclesia
333 3337 368 3399 in,
385 3335 530 3396 tredecim
555 3335 737 3411 pauperibus
759 3350 838 3409 aqua
861 3330 1007 3398 lavandis3

75 3406 199 3475 incertum
221 3436 289 3479 esse
310 3414 520 3479 existimatrP.
545 3416 669 3477 Orlendi
700 3417 727 3473 in
750 3432 842 3492 opere
867 3414 915 3472 cui
938 3414 1009 3472 titu-

77 3485 124 3551 lus:
144 3495 262 3577 Duplam
277 3502 435 3560 laccorum
456 3498 491 3558 in
509 3497 608 3561 Coeno
625 3498 761 3557 Domini.
786 3495 830 3555 De
852 3494 1006 3555 ablutione

78 3572 165 3641 ledum
184 3582 254 3641 satis
277 3581 392 3659 prolixe
415 3580 549 3657 loquitur
563 3578 706 3640 Bailletus
728 3578 766 3637 de
787 3575 875 3637 Feria
899 3577 1003 3652 quinta
