2517 4059
606 207 812 280 moldu-

229 333 384 398 Historiae
400 333 623 398 Ecclesiasticoc
634 334 708 415 Cap.
727 336 777 396 17.
799 334 926 413 vigilius
938 333 1031 413 hujus
1051 334 1113 394 diei
1136 352 1194 395 no·

229 422 352 479 cturuas
381 416 512 480 babebat
534 416 670 479 Ecclesia
697 437 766 479 cum
791 418 897 479 eadem
927 416 1117 478 solemnitate
1139 416 1195 477 iis·
1256 437 1257 470 3

169 552 175 559 .
228 500 359 576 demque
383 499 490 560 ritibus
513 498 601 577 atque
623 498 722 561 Coena
744 500 876 559 Domini.
907 496 954 558 lid
976 497 1109 557 Primam
1133 516 1196 557 nu·
1256 545 1257 548 ,

229 581 275 641 dis
290 598 393 641 omnes
408 582 533 658 pedibus
548 581 777 652 conveniebant,
796 598 833 640 ex
849 582 1003 641 communi
1019 584 1051 640 et
1066 581 1196 641 univer·

230 664 284 725 sali
300 661 553 723 Monasteriorum
576 662 841 725 benedictinorum
864 678 930 731 usu,
954 661 1033 737 quod
1050 662 1195 722 absolute

230 744 439 823 praescribunt
461 742 633 805 Dunslanus
655 746 685 803 in
704 743 885 812 Concordia,
908 741 1067 804 Udalricus
1090 740 1196 803 Lib.I

229 824 303 903 Cap.
329 824 367 885 13
389 824 627 887 Consuetudines
649 826 853 897 Germaniae,
880 825 1110 895 Floriacenses,
1140 822 1197 883 Di-

230 910 385 969 sionenses
398 912 409 977 ¹,
445 906 644 987 Dionysianae
676 914 707 967 et
734 906 895 985 Lyrenses.
919 907 1052 967 Primam
1085 911 1196 967 autem
1256 975 1257 978 Ἴ

229 989 389 1050 cantabant
411 990 461 1049 aab
487 990 605 1051 silentio
629 992 657 1048 in
679 990 818 1050 omnibus
839 991 961 1049 omnino
982 988 1193 1049 Monasteriis.
1256 1035 1258 1058 ,

229 1068 361 1132 Primam
385 1070 588 1147 sequebantur
610 1070 719 1129 Psalmi
743 1066 1001 1139 Poenitentiales,
1018 1071 1081 1130 sub'
1098 1070 1196 1130 silen-
1256 1077 1257 1080 ’

229 1154 271 1214 tio
294 1154 382 1213 etiam
406 1152 535 1212 dicendi.
568 1152 675 1213 Postea
697 1160 840 1214 exeuntes
870 1152 898 1211 in
921 1149 1061 1212 Claustro
1088 1156 1195 1211 totum
1256 1171 1257 1228 ζ

180 1280 181 1283 ,
229 1250 266 1295 ex
289 1234 403 1311 integro
426 1226 615 1303 Psalterium,
640 1232 756 1293 Abbate
778 1235 951 1312 incipiente,
976 1233 1193 1302 decurrebant,
1256 1269 1257 1272 =

230 1314 308 1397 qood
331 1334 398 1374 com
413 1316 569 1395 incipitur,
594 1332 693 1375 omncs
715 1309 865 1395 accipiant
885 1318 1004 1376 neniam
1029 1318 1121 1394 sopor
1145 1333 1196 1393 qo·

228 1415 304 1468 ooo,
328 1395 718 1473 inquiuntConsuetudines
739 1394 980 1475 CompedienseS,
1004 1397 1114 1471 quibus
1132 1395 1198 1457 sui·
1256 1397 1257 1400 ’

229 1476 384 1556 fragantur
400 1478 609 1557 Dionysianae.
635 1477 716 1538 Istud
732 1476 911 1539 Psalterium
927 1479 1076 1554 aliquibus
1098 1478 1133 1540 iu
1150 1478 1196 1539 lo·

229 1560 273 1619 cis
295 1578 348 1637 pro
371 1558 524 1619 Deiunctis
546 1561 678 1622 maxime
701 1561 877 1627 dicebatur,
902 1567 936 1621 ut
957 1558 1131 1636 colligimus
1154 1578 1195 1619 ex
1256 1617 1257 1622 ,

229 1640 416 1703 Corbeiensis
431 1641 604 1709 Monasterii
617 1640 741 1701 Rituali.
759 1642 1025 1719 Appropinquante
1039 1643 1114 1701 bora
1130 1646 1197 1701 ter·

229 1725 282 1795 lia,
306 1722 343 1782 ad
366 1721 486 1783 tabulae
509 1724 625 1801 signum
642 1722 861 1784 Dormitorium
876 1723 1088 1791 ascendebant,
1106 1723 1197 1784 lotis-
1256 1751 1257 1800 p

228 1824 287 1883 que
310 1804 476 1877 manilius,
508 1806 536 1865 in
561 1802 727 1864 Ecclesiam
752 1806 990 1873 conveniebant3
1025 1805 1077 1865 ubi
1102 1823 1198 1879 prae-
1256 1815 1257 1820 ’

125 1890 128 1906 ¹
229 1888 326 1946 missis
349 1887 443 1947 solitis
464 1887 672 1959 Orationibus,
696 1886 831 1947 Tertiam
854 1889 897 1946 uti
920 1893 951 1947 ct
971 1886 1104 1961 reliquas
1129 1888 1195 1947 diei
1256 1883 1258 1964 ζ

229 1966 328 2029 Horas
351 1970 407 2028 sub
436 1966 553 2029 silentio
580 1968 719 2028 dicebant
739 1968 950 2029 Cluniacenses
976 1973 1010 2027 et
1027 1964 1198 2029 Corbeieu-

227 2066 286 2109 ses.
311 2049 381 2109 Post
402 2048 535 2110 Tertiam
558 2049 777 2111 conveniebant
799 2052 827 2109 in
849 2050 1034 2128 Capitulum,
1059 2049 1110 2110 ubi
1130 2052 1198 2129 pri·
1256 2047 1257 2094 ἓ

230 2146 281 2189 mo
304 2129 553 2209 Martyrologium
580 2132 728 2208 legebant.
758 2129 825 2191 Hac
858 2132 886 2189 in
910 2132 1051 2192 lectione
1078 2129 1198 2193 Lector

227 2212 359 2289 primum
382 2214 621 2287 pronunciabat:
649 2210 776 2272 Sobboto
792 2214 937 2273 Dominus
959 2225 1058 2273 noster
1076 2217 1197 2291 quievit

226 2296 261 2353 in
277 2292 447 2371 Sopolcbro,
472 2296 550 2369 quod
574 2294 645 2353 dum
662 2300 810 2362 cantaret,
834 2313 938 2355 omnes
962 2312 994 2354 se
1018 2295 1046 2353 in
1071 2302 1195 2356 terram
1256 2311 1257 2314 ’

226 2373 396 2452 projiciant,
422 2376 560 2451 inquiunt
575 2373 767 2437 Cassinenses
784 2376 812 2434 in
827 2374 1001 2435 Ordinario.
1025 2374 1117 2436 Sexta
1134 2396 1192 2439 au-

226 2463 287 2517 tem
316 2462 347 2517 et
369 2458 502 2533 reliquae
524 2456 626 2518 Horae
655 2458 781 2518 diurnae
811 2459 865 2518 sub
899 2458 1017 2519 silentio
1045 2458 1195 2519 dicebau-
1256 2507 1257 2532 ᾖ

226 2543 276 2597 tur
299 2548 412 2617 etpost
433 2540 648 2605 ltoncborom,
671 2540 713 2597 ait
735 2538 767 2599 S.
785 2536 867 2599 Petri
889 2557 981 2616 supra
1003 2540 1119 2600 Divam'
1129 2540 1194 2602 Or·
1256 2563 1257 2570 ¹

210 2618 386 2689 dinarium,
414 2621 566 2701 accipiant
594 2622 790 2679 commonitor
815 2618 999 2699 disciplinas.
1023 2620 1057 2680 ln
1080 2619 1193 2685 Sacra·
1256 2689 1257 2692 ,

225 2703 372 2762 mentario
387 2700 418 2760 S.
431 2700 573 2779 Gregorii
585 2698 725 2761 Oiiici'um
741 2700 826 2762 valde
842 2702 939 2761 simile
955 2708 1000 2762 est
1022 2702 1076 2772 illi,
1102 2707 1194 2779 quod
1256 2741 1257 2766 ;

226 2783 444 2859 praescribitur
465 2784 494 2843 in
510 2783 623 2843 Missali
645 2784 790 2844 Romano.
816 2783 849 2842 ln
872 2784 1002 2859 antiquis
1023 2783 1193 2847 Pontifica-

224 2864 304 2924 libus
321 2865 456 2943 legimus,
482 2866 563 2926 nullo
586 2866 644 2926 alio
659 2869 833 2925 ornamento
857 2862 1020 2941 Episcopus
1036 2865 1193 2929 hodierna
1256 2899 1258 2932 4

224 2944 283 3011 die,
307 2965 399 3023 quam
421 2948 548 3024 simplici
571 2946 740 3007 holoscrica
762 2945 864 3020 littra,
887 2946 981 3006 luisse
1003 2948 1190 3023 insignitos3

223 3043 293 3086 cum
309 3031 410 3089 casula
426 3031 520 3089 rubea
543 3029 697 3090 celebrare
719 3026 834 3088 solitos.
859 3026 925 3087 Mos
947 3028 1005 3088 luit
1026 3020 1187 3092 Romanae

221 3104 375 3169 Ecclesiae
398 3116 428 3170 ct
450 3112 576 3171 aliarum
599 3108 689 3169 etiam
711 3109 937 3185 complurium,
961 3115 996 3169 ut
1016 3108 1106 3170 Fcria
1129 3112 1189 3175 Se·

221 3194 271 3250 xta
293 3190 322 3248 in
344 3191 508 3252 Parasceve
529 3191 672 3252 solemnis
694 3188 848 3250 Processio
863 3191 1071 3251 ‘instrueretur
1087 3196 1188 3255 variis

221 3274 417 3332 caeremoniis
433 3273 586 3333 adornata.
602 3270 710 3334 Flebat
727 3272 812 3331 nudis
827 3271 964 3349 pedibus,
989 3273 1108 3349 virique
1131 3294 1192 3352 pa-

203 3353 295 3413 riter
317 3372 351 3413 ac
374 3354 516 3415 mulieres
538 3355 639 3414 varias
660 3353 810 3414 Ecclesiae
831 3353 1067 3421 visitabant‚·ut
1089 3362 1191 3420 testa-

199 3436 271 3493 ·tur
294 3434 409 3496 Auctor
431 3438 511 3497 vitae
533 3434 564 3496 S.
588 3434 764 3497 Constabilis
786 3434 910 3494 Abbatis
932 3428 1074 3496 Cavensis
1096 3441 1182 3513 apud

220 3514 396 3578 Bollandum
419 3518 456 3577 ad
472 3517 550 3579 diem
567 3516 676 3578 XVlll
691 3516 859 3577 Februarii.
883 3514 1024 3579 Summus
1040 3516 1187 3581 Pontifex

137 3604 139 3608 ·
221 3594 291 3657 cum
312 3598 398 3661 Clero
414 3600 498 3661 nudis
514 3599 641 3679 pedibus
664 3598 845 3677 procedebat
865 3598 903 3659 ad
919 3596 1086 3660 Ecclesiam
1104 3599 1184 3662 San·
