2517 4059
438 204 645 277 499th

30 398 32 401 ,
71 331 255 394 llaldonatus
277 320 309 393 in
325 334 397 411 Cap.
415 334 455 394 et
476 335 620 396 Matthaei
645 353 729 395 num.
746 333 786 395 hh
809 336 910 396 varias
931 334 1021 395 affert

70 415 116 473 loci
138 415 231 493 hujus
249 415 477 491 intelligentias:
501 417 544 477 ait
564 418 644 477 enim
659 419 779 477 nomine
794 413 926 477 Paradisi
947 434 1017 478 coo·

69 496 122 555 lum
144 514 161 555 a
183 498 368 573 quibusdam
391 499 508 573 accipi,
531 516 591 575 quo
613 498 669 561 etsi
691 496 775 559 lesus
796 495 934 559 Christus
958 516 1019 559 nou

69 578 114 636 uisi
137 586 205 655 post
218 579 420 656 qiradraginta
434 580 499 639 dies
514 581 658 649 ascendit,
683 587 782 639 tamen
798 587 831 639 ut
849 580 931 641 ileus
954 580 1021 640 uhi-

61 666 187 732 “queesh
212 665 247 719 et
265 662 330 722 ideo
346 662 452 721 eodem
477 660 525 720 illo
547 661 594 721 die
615 663 645 721 iu
661 661 744 723 coelo
765 667 847 721 erat:
869 662 943 722 alios
956 661 1019 721 exi·

67 739 178 799 stimate
201 742 320 809 scribit,
346 740 519 801 Paradisum
542 759 768 819 quemcumque
785 743 884 802 locum
901 742 1016 813 vocari,

67 821 110 879 uhi
125 822 167 881 'sit
189 821 354 893 Christus,
379 832 410 884 et
432 823 510 885 unde
533 822 613 885 Deus
628 825 862 901 .perspiciatur;
886 826 1018 883 animam

66 906 157 963 autem
182 902 327 964 Latronis
349 905 483 965 futuram
505 902 625 965 Christo
654 906 745 967 luisse
767 906 933 975 comitem,
966 922 1018 966 eo·

67 982 185 1058 demque
207 986 260 1043 dic
276 982 374 1046 Deum
397 986 542 1057 visuram,
566 1004 638 1049 vere
660 993 821 1066 propterea
845 986 958 1045 dictum
973 1002 1017 1044 es·

66 1081 102 1128 se,
125 1066 278 1126 futurum?
293 1074 326 1127 ut
347 1086 384 1127 eo
407 1066 454 1127 die
476 1085 546 1127 curn
569 1066 689 1131 Christo
711 1072 791 1128 esset
814 1069 842 1126 in
864 1064 1016 1126 Paradiso.

66 1142 227 1223 Utramque
252 1146 365 1208 reiutat
387 1146 575 1209 Maidonatus
597 1151 794 1218 seutentiam
817 1166 945 1225 eamque
966 1147 1021 1207 de·

66 1244 140 1286 mum
159 1229 371 1306 amplectitur,
395 1246 472 1304 quae
495 1232 610 1300 statuit,
637 1230 768 1291 Paradisi
794 1232 911 1291 nomine
934 1228 1020 1290 inlel-

66 1303 207 1384 ligendum
232 1328 301 1370 esse
323 1310 465 1372 Abrahae
480 1312 589 1379 sinum
614 1313 665 1373 uhi
686 1311 865 1372 Sanctorum
886 1312 1018 1381 animae.

67 1388 149 1449 donee
181 1392 219 1450 ad
244 1394 364 1451 coelum
396 1398 512 1469 pateret
544 1392 668 1463 aditus,
699 1391 1019 1459 lucrabanturzilluo

67 1468 180 1530 latronis
200 1474 338 1531 animam
362 1490 465 1533 secum
482 1473 617 1533 adduxit.
642 1472 727 1534 haec
747 1476 891 1537 sententia
915 1473 1017 1551 proha·

68 1554 111 1609 lur
130 1551 241 1631 Lamy,
267 1554 319 1628 qui
343 1550 514 1614 Harmonia
536 1552 719 1633 Eounqelicu
735 1554 798 1614 lib.
816 1553 844 1613 V
865 1552 938 1629 Cau.
964 1552 1016 1625 353

68 1627 125 1691 lesu
146 1634 266 1695 Christi
291 1633 381 1693 verba
405 1638 443 1694 ita
466 1635 616 1711 explicat:
642 1633 712 1697 Non
734 1635 823 1695 modo
843 1639 890 1695 tui
905 1653 1017 1694 memor

70 1728 111 1770 ero
129 1734 197 1773 curu
215 1714 354 1793 Reqnum
367 1734 463 1774 meum
478 1734 564 1776 suum
576 1716 798 1797 plenilunium
813 1727 1020 1795 consequetur,

69 1792 111 1850 sad
129 1794 216 1855 hodie
232 1814 345 1873 munna
361 1794 416 1854 tibi
430 1796 559 1877 offeram
583 1799 705 1862 solatio,
734 1797 916 1859 credilium
933 1807 960 1856 te
975 1814 1020 1856 re·

69 1870 127 1931 dena
149 1896 269 1937 mecum
295 1875 467 1938 adducam.
498 1878 551 1937 uhi
578 1882 743 1958 tranquille
765 1879 875 1957 denunt
896 1878 1017 1937 animai

70 1951 210 2017 dlrultum
227 1956 325 2021 Isaac.
344 1957 442 2113 ξεοῠ.
455 1956 641 2020 Conveniens
656 1966 757 2019 anilem
773 1960 867 2019 luisse
878 1957 951 2016 dicit
963 1957 1021 2015 hn-

70 2035 172 2109 gelicus
198 2038 347 2098 iloctor3
381 2044 439 2099 art.
464 2057 495 2114 q.
512 2038 552 2098 hd
574 2047 631 2101 art.
647 2041 687 2108 ll,
711 2038 865 2100 Christum
887 2056 956 2098 crim
977 2040 1019 2097 la·

72 2118 195 2179 tronihus
223 2118 381 2195 cruciligi.
406 2123 439 2180 ut
464 2121 641 2197 impleretur
662 2122 752 2180 etiam
780 2122 811 2179 in
836 2120 893 2179 hoc
924 2118 1018 2181 isaiae

72 2200 218 2261 oraculum
241 2200 314 2276 Cap.
332 2199 399 2260 [ΙΙΙ
422 2201 489 2260 v.9
514 2202 592 2263 unde
615 2200 824 2279 MarcusCap.
849 2200 910 2261 XV
925 2218 954 2259 u.
978 2200 1021 2262 22

74 2278 123 2338 ait:
140 2280 181 2341 Et
195 2298 265 2340 cum
281 2300 312 2339 eo
327 2282 508 2361 eructionem
523 2284 583 2343 duo
598 2285 737 2348 latrones.
759 2303 854 2343 unum
869 2302 888 2342 u
903 2281 1020 2345 deutris

71 2367 93 2415 u
111 2362 204 2422 ulium
220 2381 240 2422 u
255 2363 384 2423 sinistris
401 2366 472 2443 ejus.
502 2363 540 2423 Er
555 2366 678 2444 impleta
694 2375 734 2425 est
752 2362 926 2443 Scriptura,
944 2381 1020 2440 quus

72 2436 148 2501 dicit:
170 2454 198 2503 et
214 2429 412 2523 cuau‘iuiquis
428 2455 585 2521 reputatus
601 2455 652 2505 est.
675 2444 706 2505 S.
723 2446 901 2504 Ambrosius
918 2445 981 2504 Lib.
993 2440 1026 2503 X

74 2520 101 2578 iu
116 2525 223 2585 lucum
240 2524 321 2585 addit
343 2525 421 2601 tiuod
439 2527 557 2603 mystice
572 2528 700 2587 latrones
721 2525 795 2585 duos
807 2526 930 2604 populos
951 2542 1020 2604 per-

72 2610 170 2663 ratores
191 2606 375 2684 siqnificunt.
401 2602 439 2665 Et
461 2606 492 2667 S.
517 2604 724 2685 Hieronymus
746 2624 838 2689 super
859 2604 957 2681 Caput
979 2602 1022 2667 Ἢ

73 2680 223 2747 hlatthaei:
245 2683 338 2753 &cut
355 2689 461 2761 iuquit,
475 2705 532 2765 pro
548 2688 631 2748 nohis
647 2684 837 2746 maledictum
852 2685 958 2748 crum
972 2684 1021 2763 [o-

74 2770 126 2823 rtua
140 2778 181 2827 est
200 2768 355 2831 Christus:
381 2768 425 2826 sic
448 2787 504 2847 pro
525 2770 659 2829 omnium
679 2768 775 2828 sulam
800 2769 884 2827 inter
898 2770 1019 2834 noxios,

76 2848 150 2920 quasi
173 2849 287 2909 noxius
308 2848 511 2927 crucifiuilur.

107 2924 220 2990 xvttt.
246 2929 426 2990 Pendehtt'e
448 2929 544 2990 Cruce
568 2930 669 2991 mundi
693 2930 816 2989 victima
838 2925 1021 2988 lesusChri·

75 3008 136 3073 Slus»
159 3011 281 3087 quando
301 3012 338 3071 ad
356 3010 422 3089 ejus
437 3011 703 3073 demonstrandam
719 3008 912 3069 Divinitatem
926 3025 1019 3083 quae·

77 3083 132 3153 lun
151 3098 320 3153 evenerunt
341 3092 497 3171 prodigia:
522 3094 663 3154 tenebrae
690 3093 718 3151 in
734 3091 860 3151 meridie
887 3089 1021 3165 undique
1099 3111 1113 3139 ο

77 3166 284 3240 circumfusae,
319 3174 476 3235 discissum
499 3175 601 3233 uelum
623 3172 765 3251 Templi,
793 3179 877 3234 terra
905 3171 1020 3247 ingenti

78 3256 146 3311 nom
167 3270 333 3331 consessa,
359 3260 464 3329 aperta
486 3263 703 3322 monumenta,
731 3254 842 3315 mortui
865 3252 901 3313 ad
926 3253 1020 3313 vitam

79 3339 204 3397 remeari.
232 3334 276 3395 lle
289 3336 420 3395 tenehris
435 3336 556 3397 Christo
578 3338 727 3397 moriente
749 3335 862 3395 exortis
884 3334 1021 3397 scribunt

78 3406 282 3494 Eraiigclistae,
307 3413 350 3474 Ao
371 3416 447 3476 horu
473 3425 574 3477 autem
599 3428 687 3478 sextu
714 3422 774 3476 etc.
799 3422 890 3491 atque
918 3415 956 3475 de
980 3417 1017 3477 iis

80 3500 228 3566 quaeritur,
256 3498 407 3573 quomodo
432 3497 506 3557 haec
529 3499 724 3578 tenebrarum
747 3497 905 3574 esspansio
928 3497 1018 3557 lacta·

81 3572 123 3645 sit,
142 3596 210 3640 num
234 3579 345 3655 ubique
365 3585 529 3649 terrarum,
555 3596 626 3638 num
648 3580 742 3639 etiam
766 3578 913 3639 recensita
929 3578 959 3637 iu
974 3577 1020 3637 Li·
