2517 4059
551 239 775 311 «stemmata

187 370 350 447 ampullis,
378 370 409 427 in
432 371 644 448 nrarrutergio,
668 376 699 431 et
719 368 828 431 Cruce.
854 369 934 430 luter
956 368 1140 431 Candelabra

188 451 271 513 Crux
295 452 322 511 in
337 451 434 512 Altari
456 451 594 511 collocari
609 453 697 515 solet.
709 451 747 512 ab
762 460 886 531 aspectu
902 450 1049 528 siquidem
1064 450 1142 512 Cru-

188 536 233 594 cis
256 532 407 595 Sacerdoti
429 531 598 593 celebrandi
620 534 722 594 Passio
744 532 815 593 lesu
837 532 946 594 Christi
975 535 1004 591 in
1027 550 1143 592 memo-

188 617 268 676 riam
291 621 475 684 revocatur,
500 612 586 692 cujus
610 616 754 694 passionis
787 617 854 676 vira
876 616 973 692 imago
1001 619 1032 673 et
1054 614 1143 676 realis

187 700 422 773 repraesentatio
445 696 502 756 hoc
525 696 711 757 Sacrificium
734 702 805 767 est,
829 703 957 757 mortem
984 703 1143 757 cruentam

186 778 351 840 Salvatoris
374 779 467 839 nostri
490 780 645 840 incruente
667 781 862 858 exprimens,
886 785 1039 855 tamquam
1061 778 1144 839 idem

188 858 400 927 Sacrificium,
425 862 503 937 quod
529 863 559 919 in
580 861 678 923 Cruce
700 862 835 922 oblatum
858 868 916 931 est,
939 860 1076 937 quamvis
1098 860 1145 919 di·

187 960 276 1003 verso
298 942 387 1002 modo
409 942 566 1003 offeratur.
591 943 662 1003 ldeo
684 942 784 1004 Sancti
805 942 921 1008 Patres,
946 948 979 1002 ut
1000 940 1144 1020 Seraphi-

187 1043 241 1087 cus
256 1024 464 1085 Bonaventura
482 1030 608 1086 testatur
626 1024 718 1085 Libro
734 1025 769 1085 de
784 1026 935 1104 Mysterr‘is
950 1022 1070 1093 Missae,
1084 1030 1143 1085 sta·

185 1114 311 1168 tuerunt
333 1124 369 1166 ne
392 1107 551 1183 quisquam
574 1105 678 1167 Missas
701 1114 791 1184 agat,
816 1106 871 1166 nisi
893 1106 922 1164 in
945 1106 1042 1166 Alteri
1064 1106 1144 1166 adsit

187 1188 287 1264 imago
310 1185 463 1247 Crucifixi.
488 1187 647 1249 Praeterea
668 1206 790 1249 concors
812 1205 887 1265 pene
909 1193 954 1247 est
975 1186 1145 1266 Theologu-

187 1287 257 1330 rum
281 1270 391 1345 opinio,
409 1272 500 1331 etiam
525 1272 552 1330 in
574 1270 683 1338 Alteri,
700 1272 750 1330 ubi
766 1270 957 1331 sanctissima
973 1270 1143 1331 custoditur

186 1348 386 1419 Eucharistia,
409 1348 513 1413 Crucis
535 1351 700 1429 Imaginem
723 1371 788 1413 esse
803 1351 1017 1411 collocandam.
1034 1348 1145 1428 Neque

187 1431 290 1498 officit,
307 1432 386 1507 quod
409 1435 508 1495 eidem
530 1434 739 1495 Tabernaeulo
761 1452 853 1510 parva
874 1431 956 1492 Crux
977 1451 1046 1493 cum
1063 1431 1144 1493 lma-

187 1516 255 1591 gine
278 1514 442 1575 Salvatoris
464 1535 584 1594 semper
607 1515 782 1593 prefigatur.
799 1515 865 1576 Hoc
888 1514 968 1586 enlm
991 1515 1070 1575 nulla
1091 1533 1145 1575 ra·

186 1598 267 1657 tione
290 1596 419 1665 sufficit,
451 1602 483 1658 ut
504 1616 644 1676 expresse
676 1599 793 1658 censuit
814 1596 1012 1674 Congregatio
1035 1595 1146 1656 Sacro·

188 1697 257 1739 rum
280 1677 405 1740 Rituum
439 1698 515 1741 anno
539 1677 618 1739 1663
640 1682 669 1738 ia
692 1679 793 1739 lndice
822 1678 1021 1739 Decretorum
1048 1697 1144 1755 quem

185 1759 322 1820 Meratus
350 1760 489 1821 exhibuit
511 1768 588 1835 part.
611 1760 633 1819 2
654 1760 741 1821 Tora.
767 1760 781 1820 l
803 1778 886 1819 aum.
911 1760 971 1820 too
992 1761 1044 1821 ubi
1067 1759 1144 1821 haec

184 1842 327 1920 leguntur
359 1843 475 1902 verba:
504 1842 594 1905 Crura
611 1862 710 1922 parea
732 1863 800 1903 eam
826 1840 962 1920 Imapiao
990 1841 1145 1921 Craeifiat

142 1986 145 1991 ,
180 1925 281 2002 posita
302 1942 391 2002 snper
421 1922 682 1993 Tabernacalnm,
708 1926 742 1984 in
768 1943 825 2004 qao
849 1934 1020 1985 asservator
1043 1925 1143 1985 iactae

185 2025 251 2065 snm
272 2006 497 2067 Sanctissimnm
525 2004 753 2069 Sacramentum
768 2009 802 2067 in
818 2006 923 2071 Alteri.
946 2015 1064 2065 nonen
1078 2007 1144 2084 sns-

186 2087 288 2166 ficiens
309 2090 343 2147 in
367 2088 482 2155 Missa,
510 2088 559 2148 sed
580 2089 657 2168 poni
680 2089 844 2149 debatalia
872 2087 961 2150 Crnae
984 2089 1019 2167 in
1042 2087 1144 2147 medio

190 2168 459 2232 candelabrorum.
475 2168 562 2231 ¹Hinc
584 2170 637 2231 SS.
661 2172 699 2231 D.
722 2169 760 2229 N.
784 2169 960 2231 Benedictus
982 2169 1056 2231 xlv
1078 2170 1146 2230 aui·

184 2250 377 2311 madvertens
399 2250 481 2311 hunc
505 2252 533 2312 in
556 2252 657 2330 plures
680 2250 826 2313 Ecclesias
847 2253 975 2312 abusum
1004 2253 1145 2329 irrepsis-

185 2349 228 2397 se.
255 2338 288 2393 ut
309 2339 361 2394 aut
382 2334 446 2392 sine
467 2330 576 2405 Cruce,
600 2338 654 2394 aut
674 2352 743 2394 cum
766 2336 885 2412 exigua,
908 2352 942 2394 ac
964 2334 1142 2394 tenuissima

186 2413 372 2477 Sacrificium
396 2415 571 2487 offerretur3
595 2416 843 2494 sapientissimam
859 2434 936 2475 anno
953 2413 1033 2474 tttb
1048 2415 1145 2476 edidit

185 2493 429 2557 Constitutionem
454 2499 483 2557 in
504 2514 565 2574 qua
587 2497 709 2564 diserte,
733 2516 894 2559 reserere
917 2496 1067 2576 prohibet:
1092 2494 1139 2559 Ne

185 2575 296 2639 Missae
325 2578 511 2659 Sacrificium
540 2580 575 2639 in
603 2580 648 2638 bis
668 2579 819 2640 atteritis
848 2580 1034 2649 celebretur,
1063 2598 1144 2658 qaae

185 2671 307 2721 careant
332 2662 465 2739 Imapine
500 2660 677 2741 Crneifiaci‚
704 2663 749 2724 oet
773 2663 839 2742 ipsa
868 2659 1052 2722 incommode
1077 2670 1142 2721 sta-

186 2750 289 2802 tnetar
312 2754 381 2803 ante
403 2740 611 2821 Presbyterum
637 2744 858 2815 celebrantem,
891 2744 935 2804 oei
963 2744 1009 2801 ita
1041 2743 1145 2803 tennis

187 2833 216 2883 et
242 2828 352 2902 eeipna
376 2826 425 2887 sit.
451 2832 485 2885 nt
505 2825 598 2904 ipsias
620 2824 805 2895 Sacerdotis,
830 2836 857 2886 et
878 2824 983 2905 papali
1004 2824 1141 2884 consten-

185 2906 224 2966 tr's
250 2909 348 2967 oenias
369 2924 443 2987 pene
470 2905 603 2986 effnpiat.
627 2906 713 2979 Quod
744 2907 876 2969 alienum
908 2924 975 2967 esse
1005 2923 1022 2965 a
1050 2904 1140 2981 Legi-

186 2986 251 3057 bus,
275 2986 436 3058 Rabricis,
461 2994 492 3049 et
513 2988 663 3050 Institutis
684 2986 858 3058 Ecclesiae,
881 2988 1064 3049 contrarium
1086 2986 1142 3048 Sa-

188 3086 257 3129 crae
279 3070 468 3148 antiquitati,
491 3078 527 3141 ,et
548 3070 684 3151 moribus
709 3071 912 3133 Ecclesiarum
937 3068 1139 3130 Orientalium

187 3152 306 3211 invictis
327 3151 513 3229 argumentis
534 3152 729 3213 demonstrat.
753 3148 912 3214 Praeterea
934 3148 1062 3213 Crucem
1080 3169 1140 3212 noa

185 3232 323 3305 nudam,
354 3233 405 3294 sed
436 3250 504 3292 cum
530 3234 738 3311 Redemptoris
766 3235 863 3313 effigie
889 3236 918 3293 in
934 3234 1029 3294 Altari
1045 3236 1138 3294 statui

184 3315 289 3376 deberi
312 3318 427 3378 asserit.
444 3313 521 3375 Nam
544 3316 614 3376 licet
636 3316 664 3376 in
687 3316 815 3377 Missalis
836 3316 966 3377 Robrica
980 3316 1041 3375 sola
1055 3315 1138 3377 Crux
1178 3347 1181 3354 ·

186 3406 468 3468 commemoretur3
492 3397 520 3456 id
543 3403 642 3459 tamen
669 3399 763 3476 magis
797 3400 825 3457 in
847 3397 1044 3459 Ceremoniali
1068 3397 1147 3475 Epi--

185 3496 348 3557 scoparum
370 3480 568 3557 dilucidatur,
593 3485 624 3540 et
645 3478 818 3541 Crucifixus
840 3479 921 3541 clare
943 3479 1142 3556 exprimitur..

184 3558 271 3632 Quod
293 3563 381 3623 etiam
405 3562 556 3623 communi
574 3562 664 3623 totius
680 3559 832 3624 Ecclesiae
847 3561 1054 3623 consuetudini
1069 3578 1143 3621 con·-

184 3646 362 3717 septaaeam
384 3644 532 3710 videmur.
557 3642 586 3712 Si
610 3660 684 3705 vero
707 3645 735 3706 ia
757 3646 869 3707 littaris
891 3643 993 3706 tabula
1013 3640 1145 3707 crucifi.
