2517 4059
505 182 730 253 mimim-

143 310 292 370 Auctores
314 310 436 385 insuper
458 314 549 378 sunt,
574 315 608 369 ut
641 310 712 369 dum
746 306 878 374 collum.
903 307 1047 377 burneri,
1071 314 1108 371 et.

141 399 245 469 pectus
268 392 388 451 Amictu
412 397 634 468 conteguntur,
658 390 882 450 consideremus
902 407 1008 449 vocem
1034 408 1107 451 esse

140 474 393 535 custodiendam,
423 479 453 531 et
480 474 595 533 divinas
621 472 777 533 dumtaxat
808 472 1003 548 cogitationes
1035 490 1101 533 essa

142 555 351 615 admittendas.
377 552 461 614 llaec
483 556 519 613 de
542 555 664 615 Amirtu
687 556 784 631 prima
807 562 912 618 veste,
937 572 1027 627 qrram
1052 553 1101 614 Sa·

140 638 246 697 cerdos
269 639 380 698 sumit.
405 637 545 696 adnotata
568 637 727 695 sulliciaut.
745 635 803 707 Qui
829 637 912 712 plura
936 636 1102 705 desiderat,

139 725 171 779 et
193 720 343 786 uberiora.
368 718 448 793 legat
468 737 547 793 (lirae
571 718 675 778 fusiori
692 718 807 775 calamo
829 718 967 776 exaravit
987 716 1100 794 loseph

141 799 319 860 vicecomes
340 801 378 860 de
401 800 507 859 Missae
525 803 682 879 Apparere
698 798 763 857 Lib.
782 796 809 857 ll
826 798 899 874 Cap.
924 798 943 857 3
965 805 997 859 et
1010 817 1100 877 seqq;

137 883 188 942 ubi
212 884 273 957 agit
294 884 331 940 de
355 883 526 941 nominibus
548 883 659 948 sartis,
683 880 792 957 mribus
824 880 900 940 baec
932 882 1024 939 vestis
1046 900 1102 958 ap·

139 964 249 1041 pellata
273 962 349 1030 luit.
374 965 445 1022 item
469 964 505 1022 de
528 964 676 1026 materia.
701 960 821 1025 inrum,
846 964 929 1021 vario
952 981 1024 1024 usu.
1044 981 1098 1025 uec

139 1064 197 1105 non
221 1048 257 1105 de
281 1046 375 1103 veleri
394 1062 479 1103 more
495 1046 650 1104 Amictum
668 1043 832 1103 adbibendi
857 1045 885 1102 in
903 1044 996 1103 sacris
1010 1041 1100 1104 Cirri-

139 1130 305 1187 stianorum
329 1127 522 1192 ministeriis:
548 1126 605 1202 legi
629 1129 699 1185 item
725 1131 864 1201 poterunt
885 1143 963 1201 quae
985 1126 1022 1183 de
1045 1146 1097 1186 eo·

139 1209 207 1269 dem
231 1208 353 1266 Amictu
388 1208 510 1266 tradidit
533 1207 671 1266 Andreas
700 1204 859 1284 Saussajos
892 1208 919 1266 in
949 1204 1100 1289 Panoptic

138 1287 327 1351 Sacerdotuii
348 1287 414 1348 Lib.
438 1288 453 1348 l
474 1306 543 1377 pag.
570 1290 598 1347 l.

521 1448 647 1510 CAPUT
670 1448 709 1509 ll.

333 1630 375 1673 DE
397 1630 480 1674 ALBA
502 1630 636 1673 cruento
658 1631 699 1673 ΕΤ
720 1629 896 1673 ΜΑΝΙΡῦῑΟ.

177 1776 203 1836 l.
229 1775 319 1835 linea
342 1777 442 1834 tunica
465 1777 567 1836 talaris
589 1780 655 1835 erat
671 1777 766 1852 prima
789 1776 879 1834 vestis
894 1774 1098 1837 sacerdotalis

136 1856 167 1915 in
182 1855 286 1916 Veteri
302 1856 507 1916 Testamenta.
524 1858 551 1917 A
568 1856 772 1931 Scriptoribus
788 1853 1004 1915 Ecclesiam-icis
1020 1854 1097 1918 Alba

136 1956 153 1996 a
176 1940 277 1998 colore
300 1947 510 2014 nuncupatur:
535 1938 622 2016 cujus
640 1940 767 1996 nominis
783 1940 895 1999 mentio
918 1937 951 1998 iit
973 1941 1001 1997 in
1017 1938 1099 1999 Con-

137 2020 206 2079 cilio
227 2021 456 2097 Carthaginensi
479 2020 535 2080 sub
559 2020 717 2079 Anastasio
739 2020 753 2079 l
774 2018 847 2079 Can.
873 2018 923 2079 bl.
950 2020 994 2080 De
1024 2039 1094 2079 can-

134 2100 202 2160 dida
224 2120 276 2161 seu
295 2101 384 2159 linea
407 2107 500 2167 vesle,
517 2120 576 2177 qua
593 2102 751 2159 universus
768 2098 995 2162 Ecclesiasticus
1009 2101 1096 2162 Ordo

135 2182 164 2240 in
186 2180 407 2243 Sacrificiorum
437 2182 639 2242 celebratione
667 2182 828 2252 utebatur,
853 2182 963 2243 diserte
987 2185 1096 2243 memi-

134 2263 178 2322 nit
200 2264 229 2324 S.
254 2262 462 2341 Hieronymus
484 2262 609 2339 Dialogo
633 2261 643 2321 l
668 2264 813 2322 adversus
835 2263 1021 2341 Pelagianos.
1040 2266 1094 2325 lte·

134 2345 215 2421 gitur
230 2363 350 2422 qnoque
374 2350 401 2403 iu
424 2343 537 2404 Ordine
554 2343 711 2413 Romana,
734 2350 764 2405 et
778 2346 808 2403 in
824 2344 966 2406 Tractatu
984 2346 1019 2405 de
1036 2345 1096 2407 Ri-

135 2428 214 2487 tibos
237 2425 470 2494 Ecclesiastiris,
486 2445 576 2503 quem
592 2426 647 2486 sub
664 2428 784 2485 nomine
799 2424 897 2486 Caroli
915 2427 1014 2506 Magni
1030 2430 1096 2491 edi·

133 2507 176 2566 dit
199 2509 378 2586 Wollangus
401 2506 521 2568 Larius.
547 2508 620 2569 item
645 2506 810 2584 Gregorius
824 2508 1007 2569 Turonensis
1025 2512 1093 2589 plu-

134 2589 219 2650 ribus
252 2592 281 2648 in
313 2592 407 2655 locis,
431 2595 495 2648 tum
526 2592 553 2649 in
582 2588 717 2649 Historia
746 2588 932 2651 Francorum
956 2590 1022 2653 Lib..
1048 2590 1093 2652 lv

133 2669 207 2748 Cap.
232 2669 273 2729 lb
295 2678 358 2731 turn
389 2672 417 2727 in
444 2669 512 2729 Vita
537 2670 568 2731 S.
593 2670 699 2730 Aradii
721 2671 845 2731 Abbatis
866 2670 940 2749 Cap.
966 2672 1036 2732 Vlll
1059 2679 1093 2735 et
1178 2724 1185 2738 ,

92 2796 99 2807 .
131 2750 200 2811 Lib.
224 2750 260 2810 dc
284 2752 393 2814 Gloria
417 2750 627 2829 confessorum
649 2750 722 2829 Cap.
740 2751 804 2811 XX
827 2752 921 2815 Albae
937 2756 1027 2814 vestis
1041 2752 1090 2817 Sa·

131 2834 310 2900 cordatum,
335 2840 366 2896 et
388 2832 590 2895 Diaconorum
607 2835 791 2895 mentionem
809 2833 890 2899 iacit.
909 2835 967 2894 Alii
987 2835 1092 2898 Cami-

130 2916 208 2975 tium
229 2924 359 2983 vocant.
388 2904 561 2975 Amalarius
583 2914 650 2975 Lib.
674 2913 701 2975 ll
725 2914 797 2991 Cap.
824 2915 880 2975 18:
905 2916 1009 2978 Postea
1034 2917 1095 2980 Ca·

129 2998 249 3055 misiam
274 2997 453 3064 induimus,
475 3016 567 3075 quom
584 2999 685 3057 Albam
706 3016 857 3059 nocemus.
871 2996 1005 3058 isidorus
1022 2998 1092 3060 lib.

129 3077 209 3139 XlX
230 3076 392 3156 Originum
414 3075 487 3154 Cap.
504 3079 556 3137 21:
574 3079 693 3160 Poderis
707 3090 747 3139 est
763 3082 867 3139 tunica
882 3078 1093 3143 Sacerdotatis

129 3160 213 3220 linea
235 3162 354 3239 corpori
375 3161 616 3238 astrictumque
638 3160 679 3219 od
693 3160 782 3239 pedes
803 3161 989 3222 descendens.
1007 3160 1091 3223 Haec

128 3244 217 3319 uulgo
244 3241 379 3303 Comisio
403 3251 535 3321 coeatur.
553 3243 729 3302 Anastasius
744 3242 772 3302 in
791 3241 859 3301 Vita
877 3242 1028 3303 Benedicti
1046 3242 1091 3307 ill

129 3322 209 3382 inter
236 3324 381 3388 donaria,
405 3340 482 3397 quae
505 3320 568 3399 lter
591 3322 743 3383 Saxonum
772 3325 854 3385 misit
876 3324 1031 3387 Ecclesiae
1054 3326 1086 3388 S.

130 3401 234 3470 Petri,
259 3408 420 3464 enumerat
445 3403 594 3467 Camisios
620 3400 709 3464 Albos
734 3405 883 3483 sigillatos
913 3406 1092 3469 holosericae

131 3504 199 3545 cum
220 3487 402 3565 crysocloeo.
425 3483 508 3544 Ordo
532 3485 703 3552 liemarus,
729 3487 779 3545 ubi
803 3486 935 3563 loquitur
957 3489 994 3548 de
1018 3486 1089 3565 Epi·

129 3566 214 3643 scopi
237 3568 481 3640 consecratione,
504 3566 615 3626 tineam
637 3567 701 3628 sine
723 3569 823 3629 addito
844 3572 934 3630 vocat
961 3571 1088 3649 dicens:
