2517 4059
501 211 562 274 w
581 200 644 262 272
664 208 723 268 dte

139 337 187 415 gio
218 332 435 413 pulcherrimo.
462 328 573 391 Extant
599 328 708 389 similia
738 327 876 404 exempla
906 330 984 407 apud
1012 330 1093 393 Lau-

37 476 43 481 .
139 416 271 478 rentium
295 413 439 482 Surium,
462 419 495 473 et
515 411 595 489 apud
616 412 750 472 eruditos
772 409 979 470 Bollandianos
994 411 1023 469 in
1038 414 1092 473 Vi-

139 500 177 561 tis
197 498 372 558 Sanctorum
390 492 627 572 Episcoporum‚
645 494 696 569 qui
712 493 830 553 circiter
852 510 963 551 annum
979 490 1091 557 Christi

139 581 334 642 millesimum
367 575 545 637 floruerunt.
577 573 688 635 Ornari
721 575 884 650 antiquitus
917 591 1011 640 auro,
1042 582 1092 641 ret

140 663 265 739 gemmis
287 660 476 720 consuevisse
497 657 717 724 Chirotbecas‚
742 674 779 717 ex
805 656 966 717 Monostico
988 654 1094 737 Anyti-

139 764 213 805 cano
234 743 387 803 addiscere
410 740 499 810 licet,
528 737 613 797 Tamo
634 737 687 798 111
703 757 774 818 pap.
797 737 864 797 514
891 739 941 799 ubi
965 738 1092 815 legimus

138 828 168 885 in
190 813 283 887 Sacro
310 822 522 885 cimeliarchio
551 817 705 881 Ecclesiae
728 819 758 881 S.
782 818 868 880 Pauli
896 819 1092 885 Londineusis

138 908 288 969 recenseri
310 906 483 967 Chirotecas
497 904 645 982 gemmis,
670 907 700 961 et
722 901 869 979 lapidibus
886 902 1024 979 pretiosis
1045 922 1093 965 or-

139 996 234 1051 natas.

180 1070 235 1131 ΙΙΙ.
259 1068 455 1143 Quandonam
479 1068 590 1127 institui
614 1067 768 1144 coeperit,
786 1071 820 1125 ut
833 1066 915 1125 color
930 1065 1093 1129 Chirotbe·

139 1172 245 1215 carum
267 1155 296 1211 in
319 1151 426 1209 divinis
449 1149 599 1228 mysteriis
620 1148 783 1209 conlormis
798 1153 878 1208 esset
898 1148 990 1208 colori
1012 1155 1092 1211 cete-

139 1253 243 1296 rorum
264 1231 481 1294 Pontificalium
511 1236 758 1291 ornamentorum
792 1230 1012 1305 incompertum
1033 1238 1091 1293 est.

139 1317 184 1376 Ac
205 1335 241 1376 ea
262 1316 299 1377 de
323 1333 354 1373 re
377 1315 485 1373 vetusti
500 1314 587 1374 silent
601 1312 744 1389 Liturgici
768 1310 946 1389 Scriptores.
963 1313 1031 1373 Albi
1047 1332 1094 1373 co·

58 1419 64 1429 ·
140 1400 213 1459 loris
234 1395 442 1458 tantummodo
464 1394 556 1455 luisse
577 1396 697 1455 seeculo
720 1392 796 1454 Xlll
818 1393 943 1454 innuere
971 1396 1093 1457 videtur

140 1479 323 1548 Bumodus,
346 1479 419 1537 dum
440 1478 565 1537 scribit:
583 1494 640 1555 par
661 1476 739 1555 ipsas
755 1493 823 1536 caro
842 1476 1035 1538 chirothecas
1050 1479 1096 1538 al·

141 1566 191 1624 bas
214 1562 333 1621 castitas
356 1570 382 1619 at
403 1557 556 1619 munditia
571 1558 738 1619 denotatae.
755 1557 916 1618 Praeterea
939 1566 970 1618 ut
993 1561 1096 1619 obser·

140 1648 194 1706 rat
214 1641 367 1703 Honorius
388 1641 668 1718 Augustodunensis
689 1641 718 1698 in
744 1638 867 1701 Gemma
892 1642 1026 1713 Animae,
1044 1660 1098 1703 sea

138 1728 179 1786 ¹de
201 1728 336 1803 antiquis
358 1723 478 1783 Ritibas
498 1723 604 1781 Missae
628 1722 693 1780 Lib.
718 1721 739 1781 1
760 1721 835 1801 Cap.
861 1721 926 1781 215
944 1724 1096 1785 Cbr'rotbe-

141 1828 193 1870 aaa
214 1817 283 1867 sunt
304 1805 500 1871 inconsutiles,
519 1806 591 1883 qaia
605 1804 735 1863 actiones
758 1800 907 1883 Pontifin's
930 1803 1034 1865 debent
1049 1825 1096 1867 re-

141 1900 207 1953 ctae
228 1886 315 1949 Fidei
337 1898 394 1948 etse
417 1885 587 1946 concordes.
611 1882 704 1944 Porro
729 1886 766 1945 de
788 1884 974 1945 Chirotbecis
995 1886 1097 1949 Ponti-

141 1972 299 2040 fioalibus,
330 1985 498 2043 earumque
527 1967 660 2046 mysticis
689 1965 953 2044 significationibus
976 1975 1097 2044 praeter

141 2056 293 2116 Andream
315 2049 498 2127 Saussajum,
516 2050 545 2110 in
567 2047 715 2127 Panoptia
733 2047 917 2128 Episcopati;
930 2047 1096 2127 losephum

139 2129 378 2203 chcomitem‚
405 2132 468 2193 Lib.
486 2136 532 2192 til
550 2130 584 2189 da
606 2131 711 2192 Missae
733 2140 908 2210 apparota;
932 2129 1097 2194 Antonium

141 2217 280 2286 Bellone,
310 2213 529 2274 Observationes
550 2206 591 2271 od
612 2212 691 2272 ritas
707 2211 855 2273 Ecclesiae
875 2209 1098 2287 Laadaaensisr

141 2299 275 2374 aliosque
296 2297 392 2355 videri
414 2301 511 2372 potest
533 2292 658 2355 loannes
679 2295 812 2371 baptista
828 2294 1025 2364 Pacicbellus‚
1042 2300 1096 2375 qui

141 2381 179 2442 de
200 2381 305 2440 iisdem
327 2375 518 2438 Chirotbecis
542 2374 728 2453 Opusculum
757 2377 848 2437 variis
880 2378 1097 2442 eruditionibus

141 2463 290 2524 relectum
310 2459 402 2520 edidit
423 2456 545 2536 Neapoli
571 2475 648 2519 auno
672 2455 761 2518 1683.

505 2650 633 2712 CAPUT
655 2650 728 2711 ΧΗ.

248 2862 292 2907 DE
314 2860 439 2915 suum,
463 2860 598 2914 EIUSQUE
620 2862 834 2915 custodium
856 2864 897 2907 ΕΤ
919 2863 987 2906 Usu.

182 3025 208 3086 1.
225 3003 344 3082 Adulas
358 2997 376 3080 a
390 3023 602 3082 vetustissimis
618 3040 714 3099 usque
729 3025 917 3101 temporibus
934 3024 1010 3085 inter
1027 3021 1096 3101 Epi-

143 3105 273 3182 scopalia
297 3108 472 3164 ornamenta
504 3110 689 3165 recensetur.
714 3106 902 3182 Argumenta
923 3110 990 3174 est,
1014 3106 1099 3183 qrrod

144 3187 177 3249 S.
200 3185 333 3247 Isidorus
353 3183 518 3264 Episcopus
540 3184 726 3263 Hispalensis
748 3186 868 3248 disertis
896 3188 996 3247 verbis
1018 3187 1099 3247 allir·
1190 3246 1194 3253 .

144 3275 208 3330 mat
230 3265 296 3327 Lib.
319 3267 406 3326 ilde
427 3265 640 3329 Ecclesiastieis
671 3265 783 3350 Officiis
810 3270 885 3347 cap.
913 3270 939 3330 V
958 3267 1102 3351 Episcopo

148 3352 220 3411 dam
240 3358 456 3417 consecrator,
480 3349 551 3409 dari
572 3351 698 3410 andam
715 3360 842 3427 propter
863 3352 981 3429 sipnam
1004 3356 1101 3413 Ponti·

147 3431 243 3513 ficatio
258 3433 387 3499 nonoris,
403 3432 450 3490 oei
464 3432 653 3509 eipnaeatam
667 3442 862 3492 secretorum.
878 3431 964 3493 Adde
979 3434 1009 3493 iu
1024 3428 1101 3495 Cou-

148 3512 215 3573 cilio
236 3512 382 3573 Toletano
403 3512 445 3573 tv
468 3514 581 3585 statui,
606 3519 641 3574 ut
662 3514 816 3593 Episcopis
838 3516 934 3592 gradu
956 3514 1100 3594 dejectis,

146 3596 171 3654 si
194 3594 231 3653 ad
253 3591 450 3672 Episcopatus
471 3594 617 3656 bonorem
640 3596 858 3666 restituantur,
875 3596 992 3669 anulus,
1009 3604 1040 3659 et
1053 3598 1102 3660 ba·
