2517 4059
598 190 802 265 &time

219 325 249 383 iu
260 324 394 385 Ecclesia
406 322 553 385 Romana.
568 322 736 401 Antiquum
757 340 876 401 quoque
892 322 984 383 luisse
1007 322 1036 382 in
1050 321 1178 385 Oriente

220 405 393 466 Palmarum
410 405 530 475 iestum,
548 407 704 467 deducitur
727 422 765 465 ex
780 405 850 465 Vita
872 404 904 465 S,
922 401 1069 464 Euthimii
1092 406 1180 485 aCy-

220 488 288 549 rillo
304 486 523 565 Scytopclitano
545 489 667 565 scripta,
684 489 786 563 inqua
808 488 928 566 legitur,
946 488 1026 563 quod
1042 485 1178 547 Solitarii

220 572 270 647 qui
294 569 492 629 indesertum
507 570 687 630 secedebant
708 575 774 647 post
789 567 998 648 Epiphaniam,
1024 574 1057 629 ut
1078 567 1114 628 ad
1137 570 1179 631 le

221 658 302 713 stum
316 648 468 712 Pascbatis
490 670 522 711 se
545 656 697 729 pararent,
721 651 758 712 ad
780 651 996 713 Monasterium
1018 668 1108 710 suum
1130 670 1180 713 re·

219 734 415 795 vertebantur
436 734 472 792 ad
495 731 619 795 Festum
641 732 815 795 Palmarum
837 732 1073 801 celebrandum,
1098 734 1178 809 quod

222 823 288 877 erat
312 818 341 874 in
364 815 469 891 Capite
496 815 727 882 hebdomadae,
757 834 816 892 qua
838 814 1011 874 Dominicae
1031 814 1181 879 Passionis

94 895 99 910 ‘
221 896 365 975 Mysteria
381 898 583 959 celebrantur.
597 898 624 957 A
640 895 727 957 Clero
743 897 846 973 procul
862 897 951 957 dubio
966 895 1108 956 Monachi
1129 899 1178 960 isti

222 980 387 1039 didicerant
408 980 465 1038 hoc
489 978 597 1040 iestum
621 978 786 1040 celebrare.

263 1060 302 1121 ΙΙ.
328 1060 481 1121 Processio
503 1063 532 1120 in
555 1061 734 1137 quibusdam
755 1058 898 1121 Ecclesiis
919 1059 977 1121 hac
998 1060 1046 1121 die
1068 1059 1179 1137 duplex

221 1138 285 1203 erat
299 1186 315 1218 ,x
331 1145 444 1204 scilicet
465 1140 638 1203 Palmarum
663 1150 693 1203 et
714 1143 907 1202 Dominicalis
929 1144 1027 1203 solita.
1058 1142 1104 1202 lta
1125 1143 1179 1203 do·

221 1230 270 1285 cet
285 1226 434 1301 hupertus
450 1224 478 1282 in
494 1222 584 1283 Libro
601 1224 673 1287 Vde
685 1224 805 1285 Dtoiais
825 1220 933 1307 Officiis
947 1225 1019 1301 Cap.
1033 1222 1064 1283 8.
1082 1220 1179 1285 Crux-

222 1324 282 1385 que
306 1306 454 1384 plerisque
477 1306 504 1363 in
522 1302 593 1366 locis
615 1325 669 1384 per
686 1312 777 1365 totam
799 1304 1066 1385 Quadragesimam
1083 1308 1177 1367 sacris

224 1388 253 1448 in
274 1386 518 1449 Processionibus
541 1407 597 1449 non
620 1388 836 1456 deferebatur,
862 1388 891 1446 in
913 1390 970 1448 ista
992 1388 1181 1465 discooperta

223 1471 387 1548 apparebat
408 1477 439 1529 et
460 1470 559 1544 aliquo
583 1470 671 1530 modo
693 1469 915 1546 triumphabat,
945 1470 987 1532 uti
1010 1471 1114 1531 videre
1135 1477 1182 1532 est

224 1553 253 1611 in
276 1554 367 1612 variis
389 1550 567 1611 Ordinariis.
594 1552 695 1628 Atque
718 1559 751 1613 ut
773 1552 964 1627 triumphalis
987 1552 1081 1630 gloria
1102 1550 1179 1613 Cru-

164 1655 170 1663 ·
224 1635 266 1694 cis
288 1634 417 1710 amplius
439 1634 688 1703 demonstretur,
715 1652 771 1692 non
795 1634 891 1694 solum
914 1634 943 1692 in
967 1634 1178 1712 processione,

224 1714 275 1777 sed
297 1732 350 1793 per
365 1720 459 1775 totum
482 1715 559 1773 diem
574 1722 625 1775 aut
641 1732 780 1791 magnam
806 1713 883 1775 illius
897 1719 1013 1792 partem
1029 1717 1181 1779 denudata

224 1798 386 1865 manebat:
422 1798 450 1855 id
473 1796 552 1872 quod
575 1794 759 1857 Carnotcnse
781 1794 975 1857 Ordinarium
1002 1798 1034 1858 S.
1059 1798 1180 1861 loannis

224 1881 313 1941 etiam
343 1880 379 1939 ad
401 1880 506 1939 altaria
529 1883 560 1937 et
588 1896 694 1957 capsas
716 1879 861 1939 extendit.
895 1877 1035 1939 Nonnulli
1058 1888 1181 1959 praeter

224 1960 376 2029 Crucem,
410 1963 501 2023 etiam
524 1978 643 2021 sacrum
677 1959 831 2037 Evangelii
853 1965 991 2028 textum,
1025 1964 1180 2040 taniquam

224 2042 336 2105 Christi
359 2062 514 2121 personam
537 2043 730 2104 exhibentem
753 2061 823 2103 cum
845 2042 970 2103 solemni
994 2062 1104 2123 pompa
1130 2046 1182 2107 de-

108 2190 110 2194 ,
224 2124 371 2185 terebant.
396 2126 532 2185 Meminit
547 2124 640 2202 hujus
663 2127 737 2185 ritus
758 2124 895 2203 vulgatus
917 2126 1063 2187 Alcuinus
1085 2128 1116 2187 in
1132 2128 1182 2189 Li·

226 2206 281 2266 bro
303 2205 337 2264 dc
362 2204 481 2266 Divinis
514 2203 634 2289 Officiis.
665 2207 700 2266 ln
723 2208 831 2285 Augila
859 2214 890 2268 et
911 2207 1087 2283 quibusdam
1117 2210 1182 2272 aliis

111 2336 119 2353 .
173 2330 180 2345 .
225 2288 395 2367 regionibus
418 2306 475 2347 uon
490 2288 588 2347 solum
611 2287 765 2365 infigura,
789 2289 841 2349 sed
863 2288 892 2348 in
908 2290 972 2365 ipsa
995 2292 1039 2351 rei
1054 2294 1182 2355 veritate

224 2368 343 2431 Christo
355 2369 473 2429 debitus
496 2369 592 2429 honor
608 2370 850 2447 impendebatur,
874 2371 971 2431 delata
987 2372 1045 2434 hac
1066 2374 1096 2433 in
1112 2394 1183 2451 pro·

224 2454 356 2514 cessione
371 2468 497 2515 summa
527 2468 596 2511 cum
619 2453 789 2514 reverentia
818 2460 1009 2514 sacrosancta
1030 2452 1181 2517 Euchari-

221 2536 291 2598 stia.
316 2532 361 2593 lta
383 2533 546 2593 decernunt
567 2538 679 2598 statuta
693 2533 851 2594 Laniranci
872 2532 1095 2598 Cantuariensis
1122 2536 1181 2598 Ar·

223 2616 419 2693 chiepiscopi,
443 2616 485 2675 ita
507 2616 683 2692 praescribit
703 2615 823 2676 blissale
846 2618 1003 2693 antiquum
1026 2615 1182 2683 Ecclesiae

224 2696 459 2761 sarisberiensis.
485 2694 640 2757 Processio
662 2697 849 2775 dirigebatur
871 2698 909 2757 ad
924 2697 1059 2776 aliquam
1076 2700 1184 2765 Eccle·
1249 2731 1250 2778 ι

225 2782 300 2841 siam
322 2784 372 2840 aut
395 2775 580 2848 locum,'ubi
596 2779 674 2841 lecto
690 2776 853 2859 Evangelio
875 2784 906 2840 et
927 2778 1006 2841 lacto
1028 2801 1181 2856 sermone,

225 2862 300 2922 ¹rami
323 2861 598 2930 benedicebantur,
623 2862 648 2921 si
670 2868 771 2924 tamen
807 2860 837 2921 id
859 2862 942 2939 prius
971 2860 1086 2925 iactum
1120 2886 1182 2927 non

225 2946 353 3007 luisset:
378 2949 430 3005 aut
452 2943 656 3021 indulgentiae
677 2945 836 3014 solemnes,
860 2961 913 3003 seu
937 2944 1104 3008 benedictio
1128 2950 1185 3011 im·
1248 2947 1249 2962 *

224 3025 434 3109 partiebatur:
468 3028 573 3087 saltem
606 3027 631 3085 is
653 3031 720 3089 erat
742 3025 942 3103 quarumdam
975 3026 1184 3093 Ecclesiarum

225 3127 310 3171 usus.
334 3107 467 3168 Tandem
490 3108 542 3184 qui
558 3108 737 3186 praecipuus
761 3108 882 3167 ridetur
902 3106 994 3169 luisse
1016 3115 1184 3185 processio·

227 3191 272 3254 nis
296 3188 537 3267 hujusscopus,
573 3189 601 3248 in
625 3189 752 3249 statione
775 3187 865 3248 fiebat
896 3186 1000 3251 Crucis
1021 3192 1181 3265 adoratio,
1247 3189 1248 3238 i

226 3272 340 3334 iteratis
356 3271 469 3331 crebris
485 3278 554 3330 ante
570 3270 666 3348 ipsam
689 3268 956 3348 genuflexionibus,
973 3274 1082 3348 quibus
1097 3277 1184 3353 pium

226 3351 444 3431 subjungebant
467 3350 616 3412 osculum.
651 3352 697 3413 lta
722 3351 786 3413 iero
810 3350 902 3413 habet
930 3355 1072 3432 antiquus
1099 3357 1199 3431 Ordo,

226 3433 390 3497 Romanus.
415 3434 587 3495 Benedictio
610 3439 642 3495 et
664 3434 831 3495 distributio
853 3431 1023 3497 Palmarum
1047 3437 1184 3513 pluribus
1246 3435 1247 3456 ³

227 3520 257 3579 in
280 3518 353 3579 locis
374 3514 466 3577 fiebat
487 3523 570 3577 extra
591 3512 731 3576 Urbem:
759 3522 942 3595 quapropter
963 3524 1050 3579 erant
1070 3518 1183 3584 Cruces

202 3604 321 3679 'prope
349 3600 431 3661 vicos
461 3604 493 3661 et
520 3596 616 3661 villas.
641 3596 739 3676 Atque
767 3602 802 3661 ut
829 3605 1073 3677 repraesentetur
1100 3605 1182 3681 quod
