2517 4059
468 194 673 267 θΒΒΩ·

90 323 154 387 lecit
180 322 329 388 Salvator,
354 322 388 383 ht
413 340 552 401 egressus
574 325 611 383 ab
635 322 726 391 Urbe,
752 332 782 387 et
797 326 949 403 ingressus
964 326 1041 390 sole·

92 408 159 467 nanis
180 424 214 465 ac
237 408 331 467 veluti
354 404 544 482 triumphalis
567 424 637 465 curn
662 407 752 466 ramis
767 408 920 469 arborum.
935 409 968 471 in
992 427 1042 471 ro-

90 488 146 547 ditu
167 488 366 564 processionis
389 488 424 546 ad
448 488 550 547 valvas
573 476 726 547 Ecclesiae
749 495 885 549 caulalur
908 490 1043 570 hymnus

92 566 187 631 Gloria
202 573 283 639 leus,
308 566 394 646 cujus
416 575 570 629 auctorem
594 568 708 630 iaciunt
722 567 958 649 Thcodulphum
977 573 1041 633 hu·

92 652 280 713 folianensem
305 652 501 729 Episcopum,
526 668 615 726 quem
639 668 708 710 cum
732 651 781 713 ille
802 659 882 713 esset
906 654 1042 731 lindege-

90 733 138 802 ris,
154 740 186 793 ul
202 732 300 810 ajunt,
319 734 437 792 rinctus
459 733 487 791 in
503 750 638 796 carcero.
655 736 821 793 transeunti
836 751 904 793 cum
922 752 1042 811 proces·

90 815 161 875 sionc
184 815 341 875 Ludovico
372 812 424 873 Pio
454 812 634 889 Imperatori
667 816 811 875 cecinisse
844 822 1040 893 supponunt,

89 895 166 973 cujus
189 898 358 957 modulatio
380 896 479 956 suavis
502 896 611 955 iratum
648 896 687 955 ita
709 896 852 955 demulsit
875 896 1041 972 imperato·

90 994 168 1046 rem,
204 984 237 1038 ul
262 979 388 1038 vinculis
410 976 578 1037 absolutum
603 978 740 1037 libertato
762 978 891 1037 donarit.
923 977 1042 1039 Verum

88 1057 136 1117 hoe
164 1061 355 1146 validissimis
385 1059 546 1119 rationibus
574 1057 684 1119 relutat
707 1062 870 1121 blenardns
892 1060 926 1118 ie
950 1058 1040 1120 Nolis

85 1139 120 1197 od
134 1140 163 1201 S.
184 1139 328 1220 Griporii
339 1140 627 1203 Sacramenterium.
647 1139 840 1202 lloctissimns
855 1141 887 1201 P.
903 1141 1039 1204 alarimo

88 1238 136 1279 non
159 1230 247 1299 negat
270 1232 370 1283 tamen
395 1223 475 1281 hunc
499 1222 645 1301 hymnum
677 1222 915 1299 aTheodnlpho
949 1222 1040 1284 inissa
1134 1268 1137 1274 ·

86 1308 277 1379 compositum
301 1306 475 1382 etquidem
499 1306 534 1363 ad
552 1322 640 1363 usum
664 1301 817 1364 Ecclesiae
839 1306 1037 1383 lludegaven·

87 1386 131 1450 sis,
154 1390 287 1448 marimo
308 1406 378 1448 cum
394 1386 479 1445 illum
502 1384 557 1445 sub
573 1386 654 1446 illius
677 1388 796 1447 nomine
808 1388 915 1447 citasse
938 1387 1040 1447 ridea-

88 1470 130 1524 tur
152 1466 254 1544 anns
272 1469 372 1529 hbbas
387 1466 589 1527 Ferrariensis
606 1465 738 1542 Epistola
762 1466 838 1527 XX.
862 1468 967 1547 liujus
984 1470 1040 1547 hy·

89 1548 150 1612 mni.
166 1552 216 1626 qui
242 1552 329 1628 louge
346 1550 488 1627 prolixior
504 1555 550 1608 est
566 1549 594 1605 in
612 1550 708 1609 veteri
726 1548 837 1609 hlissali
855 1550 987 1609 Albiensi
1010 1555 1042 1611 ci

88 1626 111 1685 in
125 1628 489 1699 PictaviensiPontihcali,
504 1631 638 1707 quinque
654 1637 707 1691 aul
722 1648 774 1689 sex
790 1632 949 1691 dumtaxat
964 1637 1040 1691 stro·

90 1709 154 1783 phas
182 1714 325 1776 dicimus.
355 1712 473 1773 Ostium
498 1710 650 1771 Ecclesiae
682 1714 819 1789 aperitur
840 1714 920 1788 qrrod
953 1719 1040 1773 antea
1156 1761 1163 1769 ,

89 1798 327 1865 eratccelnsum‚
352 1802 386 1856 ut
408 1795 476 1854 hinc
499 1794 702 1869 intelligamus
718 1793 856 1853 clausum
881 1793 971 1855 luisse
986 1796 1042 1855 ho·

89 1874 208 1935 minibus
230 1879 364 1944 coelum,
381 1877 500 1936 Adamo
524 1881 680 1951 peccante,
694 1880 724 1934 et
740 1875 855 1933 nonnisi
872 1874 938 1935 lesu
954 1873 1042 1935 Chri·

90 1954 119 2013 sti
134 1964 227 2019 morte
251 1961 343 2021 luisse
360 1964 539 2018 reseratum.
554 1954 656 2016 Verba
672 1962 743 2015 sunl
758 1955 859 2015 limati
877 1960 989 2035 Pougot
1011 1958 1052 2017 in-

89 2030 318 2103 !mtitulionibur
337 2041 498 2104 Catholicis
514 2036 629 2097 Tomi
654 2043 732 2116 part.
749 2036 770 2095 2
785 2043 860 2097 sect.
879 2036 987 2117 hCap.
1004 2039 1036 2099 2.

90 2112 146 2177 Hoc
167 2122 266 2198 ipsum
290 2122 431 2182 adfirmat
453 2117 589 2180 Eraillon
613 2121 641 2177 in
664 2137 718 2178 suo
742 2118 848 2179 Libro:
875 2119 1041 2201 deprecer·

90 2198 206 2263 donibus
232 2205 456 2270 &clarissimis
480 2200 552 2279 Cap.
578 2200 623 2261 lx
645 2201 697 2259 ubi
720 2200 797 2259 inter
818 2202 876 2262 alia
898 2204 959 2263 ait:
985 2203 1043 2264 Sa-

91 2282 271 2361 cordatiores
293 2284 410 2365 Templi,
434 2304 485 2345 scu
498 2292 602 2361 portes
621 2282 763 2345 Ciuitatis
783 2286 919 2359 pulsum,
943 2297 970 2345 et
984 2288 1043 2345 im·

88 2376 166 2433 pocta
183 2369 281 2431 Cruce
296 2368 430 2448 operiens
449 2363 600 2428 Christum
611 2364 760 2442 exprimit
772 2366 884 2425 virtulo
893 2368 1041 2445 passionis

90 2458 150 2505 succ
162 2462 268 2527 portes
287 2450 372 2513 Citati
387 2448 583 2531 aperientem,
602 2456 627 2505 et
644 2444 681 2503 de
697 2444 811 2506 diabolo
833 2448 995 2506 victorium
1008 2449 1042 2507 in

95 2520 178 2589 cren
199 2542 413 2613 reportantem.
687 2527 690 2533 ’
953 2530 957 2535 ’

125 2604 172 2669 lll.
197 2616 243 2675 hd
267 2614 437 2675 Passionem
460 2612 551 2689 igilur
574 2608 709 2669 nonnihil
734 2608 846 2669 veteris
865 2610 1041 2687 simplicita-

93 2684 122 2744 tis
141 2700 286 2757 retentum
304 2686 349 2757 cst
371 2694 400 2751 in
417 2692 540 2770 legendo
564 2686 763 2767 Evangollum
786 2691 850 2751 sine
867 2690 951 2758 lube,
975 2691 1041 2753 sine

92 2762 220 2838 Dominus
244 2781 403 2839 nobiscnm.
421 2774 486 2835 Non
510 2774 620 2851 potitur
638 2771 819 2842 benedictio,
837 2775 909 2850 quia
932 2780 1041 2835 auctor

93 2844 291 2921 benedictionis
306 2862 456 2921 extinctus
478 2856 604 2933 legitur3
630 2854 799 2930 eademque
822 2855 860 2912 de
876 2872 965 2914 caiisa
988 2872 1040 2914 ne·

94 2944 126 3001 ‘lu
163 2937 318 3003 luminaria
342 2938 547 3007 deteruntur,
572 2954 670 3012 neque
692 2936 763 2994 thus
786 2935 974 3005 adhibetur,
1001 2952 1040 2998 ex

99 2951 196 3080 Obice
209 3024 361 3085 Romano:
384 3023 452 3100 quia
477 3017 578 3079 [error
600 3018 767 3078 devotionis
783 3016 811 3074 in
830 3016 981 3093 Apostolis
997 3024 1041 3079 to·

96 3105 196 3165 lucrat.
219 3104 281 3167 Nee
304 3107 413 3165 dicitur
429 3102 578 3162 Dominus
591 3100 738 3160 uobiscum
762 3099 790 3156 in
806 3096 1039 3160 detestationem

97 3180 160 3241 lille
179 3188 333 3248 salutantis
349 3184 450 3247 ludaa.
478 3178 584 3242 Omnis
607 3186 696 3241 antea
712 3177 887 3240 solemnitas
909 3181 1040 3244 intanta

98 3267 225 3329 moestitia
242 3270 369 3330 tollitur.
394 3266 427 3328 ln
443 3262 715 3326 Consuetudinibns
731 3260 977 3324 cisterciensium
1000 3264 1041 3324 ad

99 3332 228 3411 illarerba
248 3349 355 3411 Emisit
377 3351 532 3426 spiritum,
550 3346 687 3420 signatur
704 3343 780 3402 ritus
802 3345 959 3407 osculandi
975 3352 1041 3408 ter·

97 3430 159 3487 lim.
180 3429 209 3491 ln
232 3431 393 3492 Ordinatio
415 3427 689 3490 Carthasianorum
712 3425 864 3497 traditur,
897 3427 977 3503 quod
995 3428 1041 3488 ad

96 3491 161 3565 huit
182 3512 277 3575 locum
299 3514 425 3573 dicitnr:
452 3509 615 3568 ederemus
631 3516 659 3567 tc
684 3505 816 3574 Christe,
842 3518 869 3569 et
890 3508 1039 3567 benedici·

99 3593 149 3645 'llll
175 3595 235 3664 tibi,
259 3596 332 3675 quia
347 3612 405 3674 per
437 3590 566 3655 Crucem
590 3598 675 3650 team
696 3586 844 3649 redimisti
874 3588 1032 3648 mundum.

219 3706 277 3759 Vol.
298 3710 332 3759 ll.
887 3699 904 3748 ³
