2517 4059
602 204 663 264 w
681 189 727 255 ‘92
748 200 823 262 mv

231 319 293 379 bris
308 316 483 381 Gentilium.
497 320 619 403 Factam
636 322 765 382 dicimus
786 340 856 382 cnm
872 292 1061 399 Hierohymo
1085 320 1115 377 in
1129 316 1191 377 Ca-

230 406 284 479 put
298 400 418 461 xxvtt
443 402 600 471 Matthaei,
625 406 688 465 soie
706 404 804 465 radios
826 422 896 465 suos
911 404 1100 464 retrahente.
1124 397 1190 460 Ne·
1248 413 1250 468 t

230 498 290 558 que
311 484 391 543 cuim
415 484 444 562 id
469 488 567 561 potuit
588 504 654 546 esse
676 486 747 546 sotis
768 486 936 563 detiquium
959 485 1024 544 sire
1043 482 1190 558 eottpsts,
1248 487 1249 538 ἒ

230 580 307 637 quae
323 562 412 626 certis
424 566 603 644 quibusdam
616 565 803 644 temporibus
814 566 891 627 soiet
901 566 1049 631 accidere,
1067 563 1190 639 quando
1248 585 1249 634 3

138 646 140 650 '
230 644 311 704 orbis
334 644 423 707 iuuae
444 648 596 725 oppositus
617 649 673 708 soti
696 647 773 725 parit
794 649 934 708 tenebras
955 647 1103 723 quasdam
1120 644 1190 705 bre-
1248 719 1249 726 ἵ

230 742 282 785 tes
303 745 338 787 ac
362 728 564 807 ferrugineas:
590 747 659 789 nam
685 729 714 789 id
730 728 898 790 secundum
931 728 1190 788 Astronomoruru
1248 747 1249 782 2

231 806 374 869 numeros
397 828 548 887 nunquam
572 812 696 889 contigit
718 813 746 870 in
763 809 938 888 pientiuuio,
963 826 1061 886 neque
1084 806 1192 867 adho-
1248 799 1249 818 ³

229 906 279 948 ras
308 896 368 950 tres
390 898 486 969 potest
509 892 654 970 protrahi.
686 890 785 952 Fuere
815 895 915 967 itaque
945 891 1013 951 ittae
1042 888 1191 949 tenebrae

230 976 314 1031 extra
337 990 496 1033 causarum
518 975 718 1034 secundarum
741 977 941 1040 cursum,‘ao
964 971 1069 1078 procui
1092 968 1189 1029 dubio

230 1058 355 1112 everrtus
379 1054 555 1129 prophetico
578 1054 804 1132 praenuntiatus
825 1054 966 1117 oraculo.
991 1054 1086 1111 Amos
1109 1050 1188 1127 Cap.

230 1129 326 1191 Vttt:
352 1132 393 1193 Et
416 1138 474 1195 erit
495 1138 529 1194 ie
550 1134 682 1205 ittarta,
707 1134 781 1194 dicit
797 1134 952 1203 Dominus,
975 1132 1088 1193 ocddet
1108 1132 1192 1191 trebir

227 1210 277 1273 sot
291 1214 325 1271 in
340 1214 475 1281 meridie,
493 1227 519 1276 et
534 1217 729 1276 tenebrescere
739 1217 854 1294 tectam
867 1225 980 1275 terram
992 1215 1027 1271 ie
1037 1212 1085 1271 δίο
1101 1213 1188 1271 tueri
1249 1227 1250 1258 1

120 1308 122 1313 ·
228 1293 286 1351 rtis.
304 1294 344 1354 At
365 1314 523 1374 quousque
544 1315 609 1357 sese
632 1297 774 1357 tenebrae
797 1296 865 1356 ittae
886 1296 1108 1357 extenderunt?
1132 1290 1190 1353 Su·
1249 1301 1250 1368 j

224 1392 281 1453 per
296 1377 465 1437 uniuersam
486 1388 598 1438 terram
612 1377 723 1440 iudeae
748 1384 853 1452 putant
874 1378 980 1454 aliqui,
1004 1394 1098 1452 super
1120 1375 1189 1433 nni·
1249 1397 1250 1458 3

228 1468 349 1527 tersum
373 1464 469 1519 terror
492 1478 521 1519 m
545 1459 650 1536 orbem
673 1461 723 1518 aiii
744 1460 924 1535 existimant,
942 1461 986 1518 Ac
1009 1457 1100 1535 primi
1123 1472 1190 1515 mo·

142 1558 145 1563 ·
177 1601 180 1606 ,
204 1543 208 1547 “
228 1533 339 1595 ¹rentur
367 1480 545 1605 auctorhate
573 1539 714 1619 Origenis
742 1540 824 1612 idem
840 1541 1002 1599 'scribentis
1025 1538 1065 1596 in
1086 1535 1189 1613 Caput

214 1616 354 1677 ..XXXV
366 1620 472 1681 Matth.
491 1619 647 1699 Humilia,
659 1620 736 1698 qnod
754 1639 841 1683 nemo
857 1621 1071 1688 barbarorum,
1095 1630 1188 1679 nemo

180 1720 183 1727 ’
209 1717 211 1721 ·
228 1696 441 1770 Graecorum,
454 1703 584 1763 maxime
604 1700 825 1779 qui'Chronica
847 1703 1007 1779 scripsere,
1025 1701 1088 1761 hoc.
1108 1700 1188 1768 titte-

226 1778 272 1851 ris
292 1780 514 1863 consignaverit
529 1782 535 1843 τ’
550 1784 676 1844 addunt
697 1784 841 1847 tenebras¹
866 1782 931 1843 ittae
959 1788 1085 1859 propter
1106 1778 1189 1856 soios

227 1856 379 1940 Iudaeos,
405 1866 574 1941 horumque
593 1864 721 1925 'sceleris
742 1865 964 1926 execrationem
981 1862 1076 1924 tuisse
1099 1862 1187 1922 indu·

221 1946 302 2003 ctas.
320 1944 435 2007 Verum
457 1946 552 2008 iutilia
576 1947 754 2024 haecsunt.
771 1942 934 2035 Euimrpro
956 1943 1099 2003 an'unins
1113 1941 1186 2003 0ὐί-

228 2026 513 2105 geuisauctoritate
529 2045 545 2086 a
561 2027 694 2092 litterali,
714 2027 881 2104 perspicua,
898 2032 928 2084 et
949 2027 1034 2085 obvia
1049 2024 1188 2103 Scriptu-
1250 2041 1252 2084 t

228 2122 281 2172 rae
305 2106 575 2185 intelligentiaerit
599 2107 828 2187 recedendum?
849 2110 889 2168 ,tt
911 2107 1011 2167 nutius
1033 2107 1185 2183 inquiunt.
1250 2109 1251 2162 i

227 2182 426 2247 Ethaicorum
444 2190 498 2249 hes
514 2190 655 2249 tenebras
672 2190 937 2261 commemoravit?
949 2188 1108 2248 [situatur.
1122 2185 1188 2246 Me·
1250 2233 1251 2246 2

227 2266 350 2326 minisse
364 2282 375 2337 ,'
396 2269 589 2347 retegentem
613 2270 760 2330 Hadriani
784 2272 925 2330 libertum
945 2312 953 2333 .
977 2270 1186 2345 eximiumque

227 2344 450 2428 Chronoiogum
464 2352 607 2411 scribunt
628 2350 843 2415 Tertuiiianus,
868 2353 898 2409 in
919 2348 1107 2432 Apolopete‘eo
1133 2346 1187 2407 ori·

225 2448 328 2493 cerrus
342 2441 442 2508 pentes
460 2430 536 2511 Cap.
555 2432 609 2501 et·
620 2430 718 2491 Jntius
735 2431 906 2500 Africanus,
923 2435 1000 2510 apud
1015 2429 1183 2509 Georgium

209 2510 412 2586 *Syncettuna
436 2512 594 2582 Eusebius,
617 2514 647 2571 in
669 2511 831 2582 Chronicm
854 2513 1011 2581 Orosius,
1031 2512 1096 2573 Lib.
1126 2508 1185 2570 Vll

120 2592 123 2596 ’
228 2588 438 2654 Historiarum
459 2592 531 2673 Cap.
557 2594 587 2653 h.
612 2594 750 2655 Meminit
771 2601 801 2656 et
821 2594 950 2656 Thaitus
972 2595 1106 2671 quitiam,
1131 2593 1186 2668 qui

227 2675 265 2733 rie
288 2672 435 2735 fateretur
458 2676 598 2737 tenebras
621 2676 687 2735 ilias
709 2676 854 2737 miraculo
877 2678 1060 2753 contigisse,
1083 2672 1188 2753 ajebat

228 2748 322 2815 fuisse
346 2758 511 2817 naturalem
534 2757 604 2817 sotis
622 2756 769 2834 eclipsim,
792 2758 870 2818 unde
892 2759 921 2816 in
938 2758 1021 2817 ilium
1046 2757 1187 2834 praetan-

228 2834 315 2897 tiatus
338 2837 431 2908 lutius
448 2839 605 2899 Africanus
628 2838 788 2907 invehitur.
813 2840 857 2899 De
873 2839 976 2899 iisdem
994 2832 1127 2899 tenebris
1146 2834 1185 2895 sd

227 2914 360 2979 Gentiles
381 2919 423 2978 ait
443 2916 593 2981 Lucienus
616 2918 745 2996 Martyr:
771 2902 939 3000 Perptiirr'te
960 2919 994 2979 iu
1012 2914 1185 2996 ‘Annalibus

225 3002 338 3070 nestris,
357 3010 383 3061 et
398 2999 556 3062 inuenietis
571 3002 748 3079 temporibus
765 2999 868 3070 Pilati,
884 3001 988 3079 [up‘ato
1002 3002 1071 3061 sote.
1088 3003 1184 3060 iuter-

122 3066 137 3093 *
226 3092 349 3159 ruptum
366 3082 594 3143 tenebritatem.
621 3081 653 3141 in
669 3084 795 3142 vetustis
811 3100 930 3160 quoque
944 3082 1113 3143 sinensium
1130 3077 1183 3140 tlt·

117 3175 119 3180 ·
228 3163 328 3241 storiis
349 3162 509 3238 contigisse
524 3162 636 3229 Tiberii
653 3162 789 3223 Caesaris
811 3171 920 3233 aetate,
944 3171 975 3223 ct
995 3163 1074 3241 a'pud
1095 3160 1183 3221 Sinas

228 3240 395 3315 imperante
417 3240 600 3315 Quamuutio
621 3245 718 3304 solare
733 3243 899 3325 deliquium
913 3254 1036 3324 praeter
1045 3242 1182 3304 ordinem

225 3332 356 3384 naturae
378 3333 404 3383 et
417 3324 492 3403 iopes
506 3327 666 3386 curriculis
680 3336 831 3388 astrorum
848 3326 1016 3407 praefixus,
1035 3326 1129 3386 refert
1142 3340 1180 3383 ex

226 3399 361 3465 Historia
383 3402 528 3465 Hadriani
550 3404 686 3467 Gessonii
710 3408 738 3465 iu
762 3408 1025 3468 Demonstratione
1047 3405 1181 3483 Erram-

227 3484 288 3543 b'ea
309 3485 358 3547 ct.
384 3486 487 3547 Daniel
513 3486 653 3548 Hostius.
685 3487 774 3548 Fines
797 3490 897 3548 varios
920 3489 1050 3548 iudicant
1080 3484 1179 3549 §anet

225 3559 330 3625 Patres
356 3572 387 3628 et
408 3565 581 3647 Scripturas
603 3568 799 3646 interpretes,
815 3569 846 3630 S.
860 3568 922 3631 Leo
940 3567 1079 3630 &moes
1101 3566 1134 3627 X
1144 3566 1179 3624 tir
