2517 4059
571 190 783 274 *stiffi

198 318 471 398 quadragenarium
489 319 677 398 complerent
687 340 860 394 numerum,
877 321 1027 397 talemque
1040 318 1163 379 hebdo-

195 402 315 463 madam
328 404 518 481 appellabant
527 401 825 483 Quinquapcsimam.
836 404 1090 481 Septuagesimae,
1099 397 1163 461 Se·

196 486 375 562 ragesimae,
399 493 430 547 ct
450 485 724 564 Quinquagcsimaa
744 488 850 547 diebus
872 502 1041 546 moerorem
1063 500 1160 561 prae-

196 566 258 628 fert
278 564 425 626 Ecclesia.
456 566 489 626 ln
512 566 628 629 Divinis
650 568 764 628 Olliciis
786 566 920 648 Alleluia
942 586 999 627 non
1021 565 1161 642 amplius

195 648 302 715 untur,
326 648 413 727 cujus
435 649 512 720 loco,
539 647 615 712 Laus
644 652 698 711 tibi
726 650 853 710 Domina
873 657 933 711 etc.
956 649 1155 726 subrogatur,

196 730 278 808 quad
302 731 462 792 humilitati
485 738 603 793 nostrae
635 741 666 794 et
696 734 878 795 calamitati,
908 750 986 807 quae
1015 748 1032 789 a
1054 730 1164 805 primo

195 818 320 889 parente
344 816 371 872 in
395 831 447 874 nos
469 814 604 874 derivata
627 822 697 882 est,
732 816 887 893 aptissima
909 814 1072 878 convenit.
1109 810 1159 871 uti

196 892 335 956 Mariana
357 902 386 955 ei
408 895 560 956 Gavaatus
584 905 666 957 recte
691 897 888 974 perpendunt.
913 895 946 955 ln
977 892 1159 955 dimittendo

197 981 298 1037 autam
315 973 447 1059 Allelujc
464 996 519 1037 non
536 996 614 1039 unus
627 979 686 1041 luit
700 980 835 1039 omnium
847 977 1053 1039 Ecclesiarum
1067 991 1156 1035 usus.

198 1054 290 1129 Nam,
316 1066 350 1119 ut
371 1062 413 1120 ait
429 1060 587 1120 Durandus
610 1060 675 1121 Lib.
693 1060 736 1122 Vl
751 1060 823 1137 Cap.
840 1059 881 1121 Db
903 1060 1026 1139 quidam
1040 1058 1165 1135 inipso
1227 1126 1230 1129 y

201 1135 326 1199 Sabbata
342 1140 497 1203 dimittunt
518 1139 649 1224 Alleluia
671 1143 711 1203 ad
734 1143 867 1208 Sectam,
883 1142 1007 1222 puidam
1026 1139 1068 1199 ad
1090 1136 1158 1200 No-

198 1238 282 1292 nam,
307 1222 429 1299 puidam
445 1224 486 1282 ad
504 1226 654 1303 thapsam,
679 1225 803 1304 quidam
817 1244 886 1285 acro
907 1224 948 1283 ad
964 1221 1162 1283 Nocturnum

198 1302 289 1382 hujus
301 1302 371 1363 dici.
387 1303 507 1366 Rectius
520 1316 618 1367 tamen
629 1307 794 1368 dimittitur
803 1306 837 1365 in
851 1308 993 1386 Vesperis,
1007 1304 1079 1383 quia
1091 1313 1161 1362 tum

199 1382 261 1443 dics
275 1386 384 1465 incipit
404 1388 502 1465 quoad
524 1388 637 1448 diurna
658 1387 777 1471 officia,
803 1392 875 1466 quia
890 1407 953 1447 noa
973 1386 1162 1464 praecessit,

199 1464 260 1524 diss
283 1476 381 1527 autam
405 1471 669 1549 appropinquavit.
695 1471 820 1547 insuper
841 1488 896 1546 per
918 1487 970 1531 eos
991 1469 1056 1529 dies
1071 1464 1161 1525 Psal-

151 1582 155 1593 ·
199 1547 242 1607 mi
265 1549 412 1610 Dominus
438 1554 596 1630 aequauit,
631 1551 667 1626 cll
688 1552 817 1613 Iubilata
840 1562 918 1619 ata,
946 1551 996 1627 qui
1026 1548 1162 1627 plurima

200 1627 334 1694 laetitiae
355 1632 437 1709 signa
460 1633 645 1699 continent,
670 1636 793 1694 minime
815 1636 1005 1703 recitantur,
1030 1630 1081 1692 scd
1104 1628 1158 1689 alii

200 1710 320 1777 Psalmi,
345 1711 497 1786 Miseram,
515 1715 546 1775 ct
563 1715 755 1795 confitemini
769 1716 960 1783 adhibentur,
976 1715 1028 1792 qui
1050 1711 1085 1772 ad
1102 1709 1163 1770 tri·

200 1796 310 1855 stitiam
344 1802 375 1856 et
403 1797 587 1861 moerorcml
608 1798 819 1858 concitantium
849 1816 941 1875 prope
964 1796 1033 1856 lacti
1054 1794 1161 1855 viden-

201 1880 263 1948 tur,
281 1878 358 1937 sicul
380 1877 543 1941 Sarnellius
560 1878 699 1961 Epistola
720 1892 825 1940 octaua
838 1878 921 1939 Libri
936 1878 980 1938 Vl
994 1878 1111 1955 primus
1125 1891 1160 1933 o·

201 1960 318 2019 mnium
346 1960 486 2025 advertit.
512 1959 578 2022 Non
601 1962 710 2024 dicitur
733 1963 861 2040 amplius
880 1959 916 2020 Ta
939 1961 1060 2030 Deum,
1083 1956 1159 2034 quia

201 2045 320 2116 tempus
337 2042 474 2104 tristitiae
491 2050 547 2110 est.
562 2062 621 2121 quo
637 2044 834 2106 solemnitatis
847 2051 878 2103 et
893 2044 1024 2105 laetitiae
1040 2039 1159 2101 cantica

201 2122 443 2199 supprimuntur.
466 2124 499 2185 ln
523 2123 657 2187 Ecclesia
680 2127 848 2188 Turonensi
871 2126 901 2187 S.
918 2124 1041 2186 Martini
1057 2138 1158 2183 serva·

202 2206 250 2261 tus
265 2207 310 2262 est
325 2222 395 2264 usus
410 2206 526 2268 dicendi
553 2204 589 2267 Ta
604 2208 700 2268 Deum
717 2228 811 2285 usqrrs
833 2209 870 2267 ad
886 2207 1071 2267 Dominicam
1086 2202 1161 2264 Pas·

203 2283 303 2343 sionis.
322 2283 456 2349 Ecclesia
477 2290 581 2367 incipit
596 2290 624 2347 in
640 2290 865 2368 septuagesima
884 2288 987 2367 legere
1003 2287 1161 2355 Genesim,
1250 2283 1251 2286 ’

204 2369 239 2456 ut
250 2365 334 2425 nobis
346 2370 383 2428 ob
396 2372 499 2432 oculos
511 2378 602 2449 ponat
614 2371 743 2432 hominis
754 2375 869 2449 lapsum
881 2373 910 2432 in
923 2389 1051 2448 persona
1062 2368 1158 2436 Adae,

204 2464 271 2523 cJus
293 2450 415 2510 exilium
439 2452 672 2514 eParadisoubi
695 2455 779 2514 illum
803 2452 885 2514 Deus
907 2454 1161 2528 collocarat,poc·

204 2528 359 2591 nllenliam
384 2532 424 2592 illi
448 2536 616 2611 impositam
633 2535 675 2595 'ad
690 2536 867 2612 expiandam
891 2536 1022 2613 culpam,
1039 2537 1070 2592 et
1091 2550 1162 2607 prm

204 2610 376 2674 missionem
399 2615 572 2679 Mediatoris
593 2623 624 2677 et
646 2620 839 2697 Reparatoris
853 2616 919 2695 ejus
935 2616 1061 2695 peccati.
1078 2612 1158 2673 Olim

204 2710 260 2769 per
282 2693 373 2755 hasce
389 2704 449 2759 tres
464 2698 678 2761 Hebdomadas
699 2700 823 2777 singulis
844 2699 950 2761 diebus
971 2698 1160 2759 habebantur

204 2775 396 2855 Antiphatae
419 2784 558 2859 propriae
581 2782 618 2841 ad
640 2780 841 2847 Benedictus,
871 2787 902 2843 et
922 2781 959 2840 ad
982 2776 1161 2858 Mapnificat
1248 2849 1249 2852 Ἴ

204 2854 377 2936 desumptae
400 2864 437 2923 ab
453 2862 613 2937 Evangelio
628 2863 776 2943 cujusque
792 2864 976 2930 Dominicac3
1001 2862 1090 2922 hcdie
1104 2858 1160 2919 ha·
1248 2881 1249 2884 ¹

205 2938 314 3001 bantur
327 2948 441 3006 tantum
458 2947 494 3005 ad
511 2944 700 3026 Mapnificat.
715 2939 760 3005 Ex
775 2947 868 3004 sacris
880 2945 1042 3006 Annalibus
1057 2943 1159 3019 explo-

205 3026 305 3083 ratum
314 3024 466 3108 habemus
488 3030 568 3106 piam
592 3028 836 3089 consuetudinem
853 3028 1047 3105 quadraginta
1061 3023 1158 3086 Hora·
1247 3077 1248 3104 p

206 3118 275 3166 rum
300 3117 431 3184 perires
453 3112 516 3171 dics
541 3129 557 3169 a
580 3108 833 3187 Quinquagesima
856 3127 950 3185 usque
981 3108 1017 3169 ad
1040 3106 1157 3167 Feriam
1247 3115 1248 3118 ’

207 3196 344 3265 quartam
357 3191 499 3253 Cinaram
516 3194 635 3253 saeculo
646 3190 764 3251 decimo
775 3196 859 3252 sexto
869 3192 1001 3270 primum
1013 3189 1156 3265 coepisse,

207 3276 243 3331 ul
257 3268 375 3335 Fideles
391 3273 448 3334 hoc
471 3278 569 3351 pacta,
587 3273 728 3352 neglectis
744 3273 847 3334 mundi
870 3273 1029 3342 illecebris,
1042 3272 1079 3331 ad
1094 3283 1159 3330 san·
1246 3349 1247 3356 ἵ

208 3354 256 3415 ata
273 3362 365 3431 opera
381 3356 622 3426 incenderentur,
637 3357 794 3431 Deumque
809 3355 1041 3416 Bacchanalium
1061 3353 1158 3413 crimi·

209 3434 297 3495 nibus
320 3440 441 3514 gravius
464 3440 575 3497 iratum
593 3439 774 3513 mitigarent:
789 3443 905 3499 constat
925 3437 1018 3500 etiam
1039 3452 1077 3496 ex
1091 3434 1156 3495 Bac

209 3518 267 3584 oio,
292 3518 320 3578 in
347 3522 416 3582 Vita
439 3520 469 3583 S.
489 3518 623 3598 Philippi
644 3517 735 3581 Nccii
755 3517 822 3578 Lib.
845 3518 859 3577 l
882 3518 956 3598 Cap.
975 3516 1012 3577 lt
1034 3516 1158 3578 numi

208 3590 240 3661 S.
257 3596 430 3685 Philippum
453 3603 612 3681 postremis
627 3599 859 3663 Bacchanalium
875 3601 981 3663 diebus
997 3602 1156 3663 solemnem
1245 3599 1246 3652 i
