2517 4059
599 216 826 292 ‘militu-

242 345 346 412 tiiicali
368 347 448 412 edito
470 348 526 410 suh
549 348 650 410 Leone
673 347 718 408 X.
742 348 855 410 Eorum
878 347 1014 409 meminit
1034 345 1121 422 Ordo
1140 345 1198 408 lio-

241 448 347 492 manus
372 433 401 490 in
423 431 521 510 prima
542 431 651 492 Missae
672 427 882 506 descriptione.
907 429 952 488 lie
975 429 1020 490 his
1042 448 1136 506 porro
1151 430 1198 492 be·

241 513 461 574 nedictionibos
483 511 711 590 Episcopalibus
733 512 806 572 haec
825 511 916 570 habet
930 508 1021 588 lingo
1034 511 1199 573 Mennrdns

243 596 273 656 in
295 594 379 656 Notis
401 594 438 656 ad
459 593 743 658 Sacramentoriam
766 590 908 671 Grcporii
923 591 1030 670 Mopsi
1053 611 1125 672 pag.
1148 591 1198 654 27:

243 675 379 755 Antiqua
402 678 593 752 eliminent,
616 678 679 756 [uit
700 673 893 743 cousuetudo,
914 686 950 736 rst
963 674 1132 755 Episcopus
1147 694 1198 736 ou·

239 766 360 838 tequam
384 753 608 822 Eucharistiam
625 761 816 838 perciperet,
848 757 991 836 populum
1016 756 1199 818 benediceret

242 839 420 920 quibusdem
443 843 589 922 conceptis
600 838 826 919 precationibus
847 849 881 900 ut
893 840 928 897 tu
943 846 1002 899 toto
1015 840 1072 900 hoc
1091 836 1199 900 Secre-

242 931 413 982 mentorum
435 920 523 982 Libro
544 922 645 984 oidsrs
665 932 728 991 est,
753 938 806 979 sse
826 938 886 980 sou
906 921 941 981 in
964 921 1126 986 codicibus
1145 919 1199 982 Ro·

238 1001 353 1074 drudi,
378 1002 529 1088 homiui,
553 1002 699 1071 liutoldi,
723 1012 751 1064 ct
777 999 910 1070 litent,
936 995 1031 1082 hspes
1052 1003 1147 1063 etium
1167 1005 1198 1061 is

243 1081 359 1146 Ordine
382 1083 534 1156 Romano,
558 1089 635 1148 sicut
657 1096 684 1147 st
698 1089 732 1147 r's
753 1086 848 1144 ceteri
870 1084 1038 1165 Pontifieoti
1060 1083 1197 1146 Romuse

239 1165 376 1227 dedicato
399 1167 492 1228 Leoni
515 1166 545 1233 X
567 1165 703 1228 Pontifici
724 1164 869 1227 Maximo.
893 1162 1078 1244 Huiusmodi
1100 1165 1196 1226 Ponti·

238 1245 340 1308 ficales
364 1249 588 1312 Borredictiones
610 1267 664 1324 per
687 1255 784 1310 totum
806 1249 875 1307 anni
898 1249 1047 1308 circulum
1070 1250 1113 1310 ab
1128 1246 1194 1322 Epi·

238 1347 332 1408 scopo
356 1332 524 1394 recitandas
546 1332 684 1392 exhibuit
697 1329 848 1390 Pamelius
863 1326 1090 1406 Liturpicorum
1105 1329 1141 1390 Τ.
1154 1330 1194 1391 ll.

237 1409 380 1474 Nicotaus
392 1411 432 1475 lll
446 1415 481 1474 ad
494 1413 713 1491 impetrandam
728 1428 830 1488 pacem
844 1412 921 1472 inter
936 1411 1096 1490 Principes
1111 1410 1195 1472 Chri-

239 1495 349 1555 stianos
372 1498 475 1558 statuit
497 1497 526 1554 in
543 1495 633 1556 Missa
656 1492 791 1562 solemni,
815 1501 972 1570 postquam
988 1492 1140 1554 Sacerdos
1154 1493 1196 1552 di-

236 1576 303 1640 xit:
329 1575 393 1636 Pon:
415 1579 537 1638 Domini
557 1579 596 1638 sit
616 1594 731 1655 semper
751 1576 912 1640 nobiscnm,
936 1582 1005 1636 ante
1020 1573 1194 1654 Apnusllei

236 1661 351 1718 cantari
374 1659 523 1722 Psalmum
546 1657 685 1720 mustus
705 1676 781 1725 scm,
804 1674 874 1718 cum
896 1658 1012 1734 aliquot
1032 1657 1193 1718 versiculis

235 1744 267 1800 et
286 1737 415 1801 Collecta
433 1761 485 1818 pro
501 1758 584 1818 pace.
610 1739 755 1815 idemque
776 1740 933 1800 constitnit
955 1737 1081 1800 loannes
1098 1735 1193 1800 XXll

235 1838 293 1899 pro
315 1822 444 1884 tollendo
465 1825 648 1892 schismate,
680 1828 714 1880 ut
735 1827 862 1882 testatur
882 1819 1015 1897 Angelus
1037 1819 1141 1882 Rocca
1162 1823 1190 1881 in

235 1901 469 1984 Paralipomcns's
488 1903 708 1970 Commentarii
717 1901 753 1961 de
766 1901 940 1979 Componis.
955 1903 1041 1964 Idem
1058 1903 1191 1981 psalmus

235 1998 305 2044 cum
322 1988 460 2062 precibus
482 1993 565 2048 extat
581 1988 609 2046 in
625 1984 740 2046 ltlissali
755 1983 943 2046 Cistercieosi
959 1985 1107 2047 dicendus
1123 1988 1188 2062 post

234 2063 324 2126 Peter
345 2079 446 2130 noster
468 2087 522 2148 pro
545 2087 617 2148 pace
641 2065 852 2128 Ecclesiastico
875 2075 906 2127 et
927 2069 1100 2144 temporali.
1123 2067 1187 2129 llos

234 2155 298 2208 erat
319 2152 410 2211 etiam
433 2153 461 2210 in
484 2152 540 2212 hac
556 2150 667 2212 Missae
691 2156 774 2224 parte
796 2149 943 2210 indicendi
964 2148 1092 2228 jejunia,
1115 2164 1188 2227 qnae

234 2245 289 2306 pro
313 2229 369 2292 hoc
392 2235 438 2294 vol
462 2233 510 2294 illo
533 2231 599 2294 sieri
622 2231 791 2299 debebant,
816 2230 893 2292 testa
914 2249 992 2307 qnae
1012 2237 1102 2291 crant
1116 2230 1188 2290 cele-

233 2309 369 2451 grando,
393 2316 534 2378 scrnnnta
557 2330 636 2392 quae
657 2317 744 2372 erant
765 2310 919 2381 iacienda,
945 2320 976 2374 ut
996 2313 1106 2391 prohat
1119 2310 1186 2375 Car-

255 2393 340 2454 inalis
364 2395 456 2457 Beria.

566 2555 692 2619 ennon
715 2493 854 2616 xxxin.
925 2512 934 2531 ’

375 2739 419 2784 on
440 2738 515 2782 nrru
537 2737 668 2784 nissum
690 2735 792 2780 nouus
812 2735 870 2780 nst
892 2736 1043 2792 eunuco,

539 2820 580 2864 nr
602 2818 665 2873 Quo
687 2817 884 2878 nusrmprus,

272 2959 296 3024 l.
320 2961 481 3034 Contracta
499 2963 606 3027 Hostia
628 2971 660 3026 et
675 2963 807 3026 immissa
826 2964 855 3024 in
871 2961 1003 3026 Calicem
1025 2961 1178 3042 particula.

230 3047 367 3121 sequitur
388 3048 559 3127 deprecatio
580 3047 617 3108 ad
634 3046 735 3108 lesum
751 3043 908 3106 Christum
925 3046 1045 3126 rignum
1061 3043 1116 3108 liei
1132 3038 1181 3102 tol·

229 3126 340 3188 lentem
364 3138 488 3207 peccata
510 3130 626 3197 mundi,
652 3129 808 3190 incruente
830 3147 846 3187 s
866 3127 1027 3190 Sacerdote
1049 3125 1179 3188 immola·

228 3214 305 3278 tum,
327 3211 364 3271 de
379 3231 439 3290 quo
454 3212 489 3274 ad
505 3229 537 3272 se
553 3211 693 3275 veniente
709 3208 914 3272 testimonium
931 3210 1086 3290 perhibuit
1099 3208 1178 3278 loan-

227 3309 282 3354 nes
297 3291 427 3372 Baptista
442 3294 554 3356 dieens:
580 3291 657 3354 Ecce
672 3296 772 3370 Aenus
787 3291 856 3364 Dei,
882 3294 1013 3372 eccequi
1028 3291 1107 3352 tollit
1115 3305 1177 3369 pse·

229 3380 297 3434 ceto
319 3375 437 3434 muudi.
461 3373 505 3434 Ex
521 3393 581 3452 quo
596 3374 807 3436 Praecursoris
830 3376 926 3451 elogio
949 3392 1016 3435 mos
1032 3368 1175 3435 eurenavit
1235 3412 1236 3415 ,

251 3454 367 3530 'egendi
390 3456 545 3518 Christum
572 3458 602 3516 in
625 3454 722 3516 torma
745 3454 833 3533 Agni.
857 3455 980 3534 Sergius
1003 3454 1015 3514 l
1036 3455 1174 3523 Summus

253 3536 377 3604 cottion,
396 3543 471 3598 teste
486 3537 654 3604 Anastasio,
670 3537 776 3598 statuit
791 3547 824 3598 ut
835 3531 1174 3616 temporscossroctionis
1234 3596 1235 3599 ,

229 3613 383 3678 Dominici
408 3618 548 3699 Corporis
570 3620 675 3698 Agnus
689 3617 746 3680 Dei
768 3620 818 3696 qui
834 3621 913 3684 tellis
935 3624 1057 3698 peccata
1075 3613 1172 3678 mundi
1234 3652 1235 3683 n
