2517 4059
551 210 757 283 ⁴218st-

177 338 258 401 uerit
273 358 317 402 eos
330 343 460 401 intrasse
475 340 605 410 domam,
619 342 706 422 quasi
718 360 786 402 cero
796 358 858 399 non
872 338 910 397 sit
921 336 1042 397 diuinae
1054 334 1135 397 Seri·

176 430 286 503 pturee
300 423 373 482 satis
386 424 527 502 frequens
544 420 686 505 phrasis,
709 428 808 485 loram
823 420 980 497 quemlibet
995 417 1034 479 ad
1049 418 1133 478 babi-

178 503 306 564 eandam
327 515 425 565 tomen
450 506 712 576 accommodatum,
736 503 954 585 quantamlibet
976 500 1130 578 exiguam,

178 585 298 645 domum
326 588 485 666 appellare.
516 586 581 649 Non
604 590 652 650 his
674 596 774 650 tamen
799 584 881 645 flecti
906 602 938 643 se
959 584 1059 642 sinunt
1079 582 1133 641 alii

177 667 384 728 litteratissimi
415 668 582 749 theologi,
614 677 646 733 et
672 670 897 744 scripturarum
931 665 1128 740 Interpretes.

174 748 377 818 malesuasus,
401 748 507 812 Petrus
528 754 700 823 deitates,
723 750 934 817 Florentinins,
958 745 1132 808 Tarniellus

177 831 359 910 probabilius
381 838 506 909 putant,
530 836 737 896 beatissimam
759 831 916 909 Virginem
937 828 999 907 jam
1022 846 1054 887 se
1075 826 1130 886 do-

170 931 262 972 mum
285 914 416 989 aliquam
439 921 525 977 antro
548 919 677 977 vicinam
719 916 880 992 recepisse.

218 994 259 1054 X.
283 994 359 1056 Cum
380 997 459 1057 inter
492 1000 677 1078 praecipua,
712 999 822 1076 quibus
853 994 967 1056 Christi
988 992 1130 1051 divinitas

176 1074 408 1145 demonstratur,
434 1087 608 1156 argumenta
630 1081 703 1143 illud
724 1081 816 1142 etiam
838 1094 903 1137 esse
918 1076 1022 1146 soleat,
1046 1075 1129 1151 quod

177 1160 215 1218 ab
237 1159 369 1220 adhibita
392 1158 511 1222 Christo
534 1180 628 1239 puero
659 1182 676 1223 a
698 1162 795 1240 Magis
816 1158 988 1225 adoratione
1017 1158 1132 1233 repeti·

176 1246 249 1311 tur,
278 1258 398 1300 omnem
431 1244 607 1319 impendunt
638 1262 761 1322 operam
789 1246 907 1302 veteres
937 1238 1065 1315 novique
1087 1236 1132 1297 A·

177 1321 274 1393 riani,
300 1329 332 1385 ut
354 1322 426 1384 illud
448 1331 607 1396 evertant,
630 1326 844 1400 ostendantque
866 1323 923 1382 hoe
945 1326 1060 1380 tantum
1083 1322 1131 1378 in-

177 1405 308 1466 tendisse
337 1404 462 1481 Magos‚
489 1425 583 1482 quum
604 1410 753 1470 intrantes
775 1406 913 1470 domam,
950 1405 1131 1462 inuenerant

173 1502 305 1565 pueram
330 1505 396 1545 sam
410 1486 516 1548 Maria
541 1499 639 1549 matre
656 1493 718 1571 ejus
740 1500 766 1549 et
777 1485 964 1568 procidentes
985 1484 1134 1545 adoraue-

177 1564 254 1629 r'unt
269 1578 346 1635 eam,
362 1577 389 1627 et
403 1572 514 1648 apertis
529 1572 675 1632 thesauris
689 1571 751 1631 suis
765 1576 837 1634 eto,
854 1574 889 1628 ut
900 1566 987 1627 civile
1003 1568 1029 1625 ei
1046 1566 1132 1626 obse

177 1650 284 1725 quium
301 1649 463 1729 deferrent.
477 1653 518 1711 At
532 1670 616 1723 vero,
635 1671 743 1722 nonne,
759 1653 831 1712 dum
847 1648 1037 1725 Evangelista
1053 1648 1131 1709 Mat·

177 1730 284 1792 lhaeus
300 1750 353 1793 nos
364 1732 451 1792 docet
466 1734 622 1797 adoratum
639 1732 845 1795 tantummodo
860 1731 949 1791 inisse
960 1727 1128 1799 Christum,

178 1832 274 1891 neque
296 1815 386 1875 ullam
409 1814 522 1875 Mariae
549 1822 580 1877 et
600 1816 708 1893 loseph
730 1815 913 1876 mentionem
936 1811 1030 1881 iacit,
1056 1813 1130 1873 satis

177 1896 313 1967 indicat,
339 1899 551 1974 praestantiam
579 1897 710 1976 aliquam
732 1900 826 1958 multo
859 1895 1064 1955 sublimiorem
1091 1911 1131 1955 ea

175 1996 253 2055 quae
274 1979 304 2037 in
327 1978 422 2039 Maria
445 1984 476 2039 et
496 1978 604 2059 loseph
629 1981 790 2049 resideret,
813 1978 961 2038 detectam
985 1976 1073 2036 luisse
1095 1975 1128 2036 in
1180 2031 1184 2037 .

175 2075 271 2135 puero
294 2060 374 2130 lesu,
397 2078 523 2138 eamque
539 2065 576 2123 ob
591 2076 713 2124 oausam
730 2063 770 2122 illi
787 2068 905 2122 tantum·
923 2058 1129 2119 adorationem

117 2182 121 2190 -
176 2142 361 2211 adhibuisse,
386 2147 417 2201 et
437 2147 562 2205 munera
586 2145 682 2205 delata
698 2144 865 2205 obtulisset
889 2138 926 2200 Et
940 2139 1131 2222 procidentes

175 2223 381 2303 adorauerunt
398 2242 484 2293 eam,
504 2238 530 2286 et
544 2229 655 2307 opertis
671 2229 815 2287 thesauris
829 2225 890 2285 sais
906 2223 1079 2282 obtulerant
1100 2223 1132 2286 ei

174 2323 321 2373 munero,
349 2324 479 2375 aarum,
506 2308 588 2379 thas,
613 2318 640 2367 et
655 2310 822 2388 myrrham.
845 2306 1015 2379 Quaeerat
1036 2321 1131 2380 porro

174 2388 355 2466 praestantia
377 2389 643 2457 haec-sublimior,
669 2391 721 2449 uisi
743 2408 801 2456 ea,
825 2407 902 2465 quae
924 2386 1024 2448 lesum
1039 2384 1146 2446 Chri·⁴⁴

175 2475 255 2530 stum
278 2487 370 2551 supra
390 2476 560 2532 creaturam
578 2474 744 2550 quamlibet
758 2469 914 2537 efferebat,
933 2470 1060 2545 ideoque
1076 2465 1131 2528 Di-

173 2552 295 2621 vinitas,
318 2568 407 2627 quam
430 2571 500 2613 casm
518 2555 546 2613 in
562 2552 681 2616 Christo
704 2552 908 2615 tantummodo
923 2552 1125 2630 agnovissent,

81 2666 84 2673 ·
173 2632 244 2703 huie
266 2634 557 2703 collaborationem,
582 2642 612 2699 et
635 2640 760 2715 mystica
783 2653 909 2696 munera
932 2635 1130 2707 tribuerunt?

173 2712 230 2775 Sed
252 2717 322 2790 quid
345 2716 445 2777 multis
467 2722 512 2777 est
532 2722 625 2797 opus,
649 2716 887 2796 quandoquidem
910 2716 1045 2778 unanimi
1058 2725 1135 2776 oon-'

168 2797 322 2872 etantique
345 2801 538 2860 consensione
571 2820 624 2863 nos
653 2800 761 2862 docent
782 2798 908 2867 Patres,
926 2798 1130 2858 Divinitatem

171 2878 238 2942 lesu
261 2876 373 2958 Christi
394 2888 426 2943 et
446 2882 579 2959 agnitam
601 2884 693 2945 luisse
715 2902 733 2943 a
753 2882 861 2958 Magis,
886 2887 917 2942 et
936 2878 1125 2950 muneribus,

173 2978 250 3040 quae
279 2981 350 3033 ¹eam
379 2966 590 3103 'testarputur,
625 2966 795 3026 adeotamt
826 2960 866 3023 Et
892 2982 963 3024 sane
995 2961 1128 3027 lustihus

172 3044 202 3103 in
225 3044 349 3122 Dialopo
375 3064 443 3105 eam
493 3048 614 3123 riphaea
637 3046 748 3107 Iudaea
768 3044 882 3123 Ephesi
907 3040 1033 3110 habito,
1056 3048 1129 3102 con-

171 3125 266 3201 ceptis
287 3127 388 3209 uerbis
410 3127 548 3193 affirmat.
574 3134 608 3190 ut
628 3129 733 3189 scribit
754 3126 925 3188 Honoratus
941 3146 957 3186 a
973 3126 1003 3187 S.
1015 3124 1125 3191 Maria.

171 3204 277 3284 Magos
299 3208 340 3287 ad
360 3227 500 3288 praesepe
522 3209 692 3272 aecedentes
721 3228 736 3269 e
757 3212 880 3272 tenebris
901 3208 1068 3271 idolatriae
1088 3207 1126 3266 in

171 3292 237 3350 ueri
258 3289 316 3349 Dei
340 3290 435 3349 lucem
457 3300 572 3352 uocatos
592 3293 696 3371 faisse.
723 3292 837 3369 Dignus
865 3298 912 3354 est
939 3298 1041 3352 autem
1072 3290 1125 3365 qui

172 3370 313 3433 audiatur
334 3368 498 3439 Eusebius,
522 3375 602 3450 apud
625 3388 715 3451 ¹quem
738 3376 830 3451 Magi,
853 3375 883 3433 in
905 3375 1002 3451 primo
1022 3368 1127 3432 Histo-

173 3454 238 3513 riae
259 3452 361 3524 Libro,
379 3452 493 3515 Herodi
515 3458 580 3535 regi
603 3454 779 3533 significant,
796 3456 959 3517 incredibili
977 3473 1010 3515 se
1023 3452 1125 3514 efferri

171 3535 270 3597 studio
291 3542 393 3597 natum
416 3555 556 3614 puerum,
579 3546 682 3618 utpote
698 3538 805 3608 Deum,
824 3538 985 3598 adorandi.
1011 3535 1124 3613 Dignus

169 3615 335 3699 Gregorius
357 3615 563 3683 Nazianzenus
590 3617 735 3682 mertone
757 3619 814 3694 38,
838 3638 898 3700 qua
920 3638 974 3683 nos
997 3618 1035 3680 ad
1056 3616 1125 3677 imi·
