2517 4059
487 206 709 280 spernes

118 342 212 403 rentii
235 344 318 401 extra
342 355 453 399 muros.
478 336 579 397 Prisco
601 337 662 396 ritu
686 338 714 396 in
738 336 840 399 stultis
855 334 997 399 Ecclesiis
1017 337 1074 399 Le·

119 424 213 485 etioui
236 421 412 499 Epistulae,
434 418 537 480 Lectio
559 417 657 495 alique
679 437 716 479 ex
739 417 898 496 Prophetis
925 422 1074 499 praemitti

119 507 250 568 solebat.
268 504 373 563 diebus
396 503 572 578 praesertim
589 501 830 571 solemnioribus,
846 502 953 578 quibus
974 505 1003 561 in
1019 502 1075 564 Co·

117 589 196 648 mite
217 586 248 646 S.
266 583 443 662 Hieronymi
466 586 612 661 assignate
635 590 701 643 est:
725 590 756 642 et
769 590 852 643 extat
871 585 963 645 etiam
984 585 1075 645 hodie

118 671 151 729 in
175 668 353 746 quibusrlarn
372 665 541 726 illieselibus
564 683 617 741 pro
637 664 742 741 Vigilia
758 664 927 727 Natiuitatis
942 666 1073 734 Domini,

118 758 153 812 et
175 769 229 829 pro
253 750 349 809 tribus
364 746 464 807 Missis
486 746 620 825 ejusdem
646 747 830 817 festivitatis3
853 748 960 825 quibus
982 750 1073 809 etiarn

118 833 227 895 diebus
251 831 321 891 olirn
344 829 460 890 eratin
483 828 594 889 Missali
619 827 767 898 Romano,
791 835 824 889 ut
838 828 1013 907 ltadulpbus
1033 836 1075 891 le·

44 942 46 947 ·
118 920 217 975 stetur
232 910 436 990 propositione
449 909 500 971 23.
519 909 576 970 llio
599 918 699 972 autern
723 928 787 970 uros
808 911 846 970 ab
862 907 995 973 Ecclesia
1010 912 1075 973 Me·

118 996 284 1056 dioleuensi
307 992 438 1070 quotidie
459 993 761 1069 servitutemque
784 992 1014 1066 aMozarabiea,
1039 996 1074 1055 ut

117 1080 150 1137 in
173 1095 279 1137 eorum
303 1074 474 1137 Missalibus
496 1079 586 1151 patet.
610 1074 758 1135 Eunrdern
781 1076 870 1137 ritum
893 1077 1022 1153 riguisse
1044 1077 1073 1135 in

116 1158 227 1225 Gallia,
252 1160 423 1236 priusquam
439 1156 581 1216 Romanis
602 1157 706 1216 usibus
728 1164 893 1223 uterentur,
910 1157 1074 1235 Gregorius

117 1241 303 1303 Turonensis
326 1241 409 1299 tostis
431 1245 477 1299 est
498 1238 589 1299 Libro
612 1237 624 1297 Ι
647 1236 682 1297 ‹le
704 1227 861 1300 Mirocnlis
885 1237 917 1299 S.
941 1238 1072 1301 Morts'ns'

125 1323 202 1403 Cap.
219 1323 250 1380 5:
273 1320 398 1382 Factum
421 1330 473 1386 est,
497 1322 602 1397 inquit,
625 1329 661 1379 ot
682 1321 738 1380 illo
752 1320 1072 1401 Dominioo,1’roplte·
1200 1358 1204 1364 -

121 1409 184 1467 tica
208 1403 338 1463 lectione
356 1405 421 1481 jorn
444 1405 528 1469 tecta,
552 1410 621 1461 onte
643 1399 799 1463 Alteriom
820 1414 923 1474 staret,
948 1404 999 1482 qui
1022 1399 1073 1461 La·

122 1490 250 1547 ctionem
279 1485 316 1545 B.
341 1484 432 1544 Ponit
458 1485 623 1562 proferret.
646 1483 730 1543 ldens
753 1490 867 1544 consini
892 1486 1074 1560 errantique

121 1569 312 1629 Lectiouerio
335 1566 524 1639 luxoviensi,
548 1566 629 1641 quod
651 1566 743 1625 edidit
764 1566 953 1627 blabillonius
974 1565 1073 1626 Litor-

117 1652 185 1730 pioe
210 1649 383 1712 Gallicanae
416 1645 504 1707 Libro
526 1646 576 1715 ΙΙ,
600 1666 637 1708 ex
671 1648 909 1708 Sacramentario
930 1648 1072 1709 llobiensi

117 1735 149 1794 in
173 1732 281 1809 quibus
304 1730 459 1791 Lectiones
488 1730 631 1808 perenni
659 1729 805 1790 circulum
829 1731 952 1807 singulis
973 1729 1074 1790 Missis

118 1814 263 1893 legendae
279 1813 495 1873 distribuuntur
510 1830 546 1872 ex
563 1816 691 1887 utroque
707 1812 910 1873 Testamento.
926 1812 991 1872 Una
1006 1818 1072 1872 tan·

119 1903 184 1959 turn
208 1896 308 1956 Lectio
332 1896 507 1972 plerumque
531 1893 641 1970 legitur
661 1892 746 1970 juxta
774 1902 961 1971 praesentem
984 1894 1073 1954 disei-

118 1979 250 2057 plinani,
275 1976 452 2056 quibusdam
475 1976 579 2036 diebus
601 1976 757 2053 exceptis,
780 1976 886 2053 quibus
908 1978 1008 2055 plures
1030 1974 1072 2036 le·.

123 2066 244 2139 guntur.

479 2218 605 2283 CAPUT
626 2219 711 2281 Xlll.

269 2402 312 2445 ne
333 2400 493 2446 ernnust!
515 2401 636 2446 russru
658 2402 699 2445 er
722 2400 918 2455 sponsurus.

160 2549 184 2609 l.
207 2546 287 2609 Duru
312 2548 441 2625 perlecta
464 2544 598 2625 Epistola
621 2553 778 2625 praeparat
806 2566 838 2608 se
857 2548 1009 2608 Dinoonus
1030 2546 1069 2608 ad

121 2631 280 2709 legendum
304 2630 510 2708 Evangelinur,
534 2629 650 2691 Chorus
672 2629 903 2705 Respousoriunr
925 2629 1065 2698 concinit,

64 2766 70 2775 .
118 2712 197 2790 quod
224 2710 589 2788 Grodnoisrrunoupatur
612 2710 746 2786 eoquod
770 2716 942 2772 cantaretur
968 2709 997 2769 in
1023 2711 1068 2771 in-
1142 2784 1152 2796 .

19 2854 21 2859 .
117 2794 219 2857 leniori
242 2794 335 2870 gradu
357 2812 393 2853 ex
408 2791 519 2852 Ordine
534 2791 680 2858 Romano,
698 2793 745 2851 vel
766 2793 850 2870 juxta
870 2791 981 2868 gradus
995 2791 1068 2852 Arn-

116 2877 211 2943 bouis,
236 2894 288 2936 seu
304 2876 425 2951 Pulpiti,
451 2876 555 2950 inquo
571 2873 725 2947 legebatur
741 2871 936 2952 Evangeliurn
959 2892 998 2933 en
1013 2874 1069 2933 llo·

118 2958 194 3019 beno
215 2957 289 3018 Lib·
306 2958 321 3019 l
341 2956 413 3035 Cap.
431 2956 470 3017 33
491 2956 537 3016 rel
560 2956 630 3031 quia
653 2955 841 3021 cantabatur.
865 2956 936 3013 durn
963 2952 1069 3015 Diaco-
1103 2994 1107 3003 ·

119 3058 174 3101 nus
195 3039 370 3101 ascenderet
395 3038 503 3116 gradus
526 3037 697 3114 Evangelici
718 3035 826 3115 Pulpiti
855 3056 892 3096 ex
914 3034 1068 3097 Velalrido

117 3121 261 3183 Strabone
284 3118 356 3198 Cap.
380 3120 421 3179 2⁶2
443 3120 491 3181 oui
515 3120 705 3180 consentiunt
726 3120 913 3186 Rhenanus,
938 3119 974 3178 ad
996 3118 1070 3179 Ter·

116 3201 229 3265 tulliani
245 3201 368 3264 Librum
392 3201 427 3261 de
445 3202 569 3265 Corona·
584 3202 704 3269 niteris·
726 3209 759 3264 et
771 3201 980 3268 Bellarrninus,
997 3200 1064 3260 Lib.

118 3282 145 3344 11
160 3284 196 3343 rle
210 3283 304 3347 Missa
325 3282 398 3360 Cep.
413 3281 462 3343 16.
481 3282 582 3343 Verba
605 3282 759 3343 Strabonis
781 3285 854 3344 haee
874 3288 963 3343 sunt:
991 3278 1068 3344 Gro-

118 3365 222 3427 clnolio
242 3366 482 3434 sustinebantur,
509 3364 628 3445 quando
651 3362 793 3426 Minister
813 3362 948 3426 ascendit
968 3366 1003 3423 in
1022 3364 1069 3423 lo-

117 3466 181 3508 rum
194 3447 351 3507 editiorem
362 3447 403 3505 at
413 3445 676 3524 pronunciandum
690 3444 897 3525 Eoonpsliorn.
911 3447 958 3505 rel
974 3445 1065 3507 etiam

118 3531 145 3589 in
167 3530 306 3605 gradibus
327 3527 461 3595 biteris,
493 3530 535 3589 uli
559 3525 720 3587 Durendus
741 3529 784 3588 ait
805 3529 868 3587 lib.
894 3525 935 3590 lV
958 3526 1069 3587 Retio·

117 3611 192 3673 nolis
214 3610 393 3675 Divinororn
416 3606 586 3692 officiorum
608 3608 750 3688 Capiti.
774 3610 819 3673 Ex
841 3608 888 3669 bis
909 3610 1010 3669 variae
1024 3610 1071 3681 oe,
