2517 4059
467 217 692 291 ΜΒΝ·

101 344 231 405 Animae
246 344 380 420 exponit.
397 343 522 421 insuper
536 346 737 409 adnotandum
752 356 816 417 est,
833 348 911 424 quod
927 349 1056 409 Archio-

102 427 217 503 piscopi
238 426 331 485 Pallio
354 427 447 485 indnti
462 428 581 504 sepeliri
592 430 700 496 solent,
714 431 783 505 quia
799 431 901 489 ovium
916 430 971 489 sibi
985 430 1055 491 snb-

100 507 237 567 ditarum
260 508 374 566 animas
395 525 495 567 coram
515 507 577 569 lieo
592 517 819 585 repraesentare
834 510 955 571 debent.
972 511 1057 571 Adeo

102 595 205 649 antem
222 586 348 648 Pallinm
364 605 520 664 personam
538 592 660 667 respicit
671 592 906 669 Acciriepiscopi,
917 597 1058 668 tanquam

103 668 327 746 metropolitani
350 670 428 730 illins
451 671 627 741 Ecclesiae,
651 673 700 733 cui
724 681 865 749 praeest,
890 680 922 733 ut
943 674 966 731 si
994 676 1057 749 ipse

106 754 136 810 in
158 750 247 811 aliam
269 748 434 812 Ecclesiam
457 753 592 813 similiter
613 754 910 831 Arcbiepiscopalem
936 754 1060 815 transle-

105 839 213 899 ratur,
236 832 336 892 adhuc
359 852 469 893 novum
493 833 619 893 Pallinm
642 853 660 894 a
682 836 816 895 llomano
843 831 986 895 Pontilice
1009 853 1060 911 pe·

103 920 170 973 lere
193 919 359 975 teneretur.
378 913 453 975 Cum
475 912 602 975 Pallinm
624 918 664 977 sit
686 919 862 993 personale,
887 916 953 973 ideo
974 915 1060 975 altori

105 995 292 1055 commodari
315 998 441 1070 nequit,
459 1013 555 1072 neque
578 996 606 1055 in
631 1004 727 1058 morte
743 999 830 1058 alicui
848 997 988 1071 relinqni;
1004 996 1056 1057 sed

104 1075 302 1142 Patriarcba,
326 1077 371 1135 rol
393 1075 647 1153 archiepiscopus
669 1098 736 1139 cunr
760 1097 797 1137 eo
812 1078 931 1153 sepeliri
954 1076 1053 1137 debet.

105 1156 298 1231 Sepeiinntur
320 1164 421 1239 autem
445 1158 673 1235 archiepiscopi
696 1178 763 1221 cum
780 1160 883 1228 Pallio,
900 1176 990 1235 super
1007 1159 1059 1219 hu·

105 1255 207 1297 meros
230 1239 389 1315 imposito,
412 1240 437 1298 si
460 1240 489 1299 in
512 1240 632 1316 propria
654 1239 822 1309 Provincia,
840 1241 895 1301 snb
916 1246 1007 1317 capnt
1030 1241 1058 1299 in

105 1320 214 1391 aliena.

148 1400 203 1461 Vi.
228 1400 310 1461 inter
332 1402 478 1477 speciales
500 1403 705 1479 prerogativae
727 1402 871 1463 anilicae
893 1401 991 1463 Sancti
1006 1402 1062 1463 Pe·

106 1484 145 1543 tri
168 1485 198 1541 in
221 1481 388 1547 Vaticano,
410 1500 538 1557 quarum
567 1484 705 1545 meminit
731 1482 835 1543 Petrus
858 1482 976 1547 Mallius
997 1481 1063 1559 eju·

106 1564 190 1624 sdem
214 1562 357 1623 Basilicas
378 1562 545 1626 Canonicns
569 1570 704 1641 tompore
719 1564 881 1625 Alexandri
905 1563 960 1625 ill.
985 1565 1060 1625 baec

107 1653 303 1711 recensetur,
328 1644 406 1720 qnod
429 1646 463 1704 in
484 1664 519 1705 eo
541 1656 657 1706 tontum
672 1645 839 1721 cipituntur
855 1643 1062 1739 Polliobqnae

107 1744 126 1785 a
144 1724 270 1787 Summo
292 1723 434 1787 Pontifice
447 1766 456 1794 ,
471 1726 655 1787 Patrinrcbis
669 1769 677 1793 ,
693 1732 723 1787 et
740 1726 981 1802 brebiepiscoprs
997 1728 1063 1785 mit·

108 1814 235 1868 tnnlur:
260 1806 427 1882 blapbaens
448 1814 547 1867 erstem
567 1807 680 1882 Vegius
701 1807 776 1866 alter
799 1805 897 1867 Sancti
913 1806 994 1867 Petri
1010 1804 1064 1867 Ca·

109 1891 235 1948 nonicus
258 1887 324 1946 Lib.
341 1884 369 1949 ll
392 1884 507 1948 Rarum
528 1887 769 1949 Memorabilium
791 1885 939 1947 Basilicus
961 1886 1065 1948 Sancti

109 1966 214 2039 Petri,
239 1970 318 2044 piam
341 1969 586 2045 supplicationem
620 1968 786 2035 describit,
809 1986 887 2043 <puae
909 1968 947 2027 ab
970 1969 1062 2043 ipsius

109 2050 253 2111 Basilicas
268 2048 356 2109 Claro
370 2090 377 2115 ,
393 2066 462 2109 com
479 2055 566 2110 carrtu
582 2050 772 2111 Psalmorum
787 2050 1060 2119 Poenitentialium,

108 2130 317 2198 Licaniacum,
340 2132 529 2206 aliarumque
552 2148 676 2207 precum
701 2127 811 2195 fiebat,
829 2132 899 2191 dnm
916 2130 953 2188 ad
970 2128 1062 2193 Pallia

109 2212 312 2273 benedicenda
335 2211 575 2288 procedebalcr;
600 2221 690 2288 atque
713 2211 796 2271 addit
818 2217 977 2271 nocturnas
994 2214 1062 2290 vigi·

110 2294 161 2355 lias
183 2312 220 2355 ca
242 2294 396 2353 occasione
418 2295 459 2350 ita
480 2292 627 2353 celebrari
644 2294 810 2353 consuevit.
830 2292 872 2351 lle
889 2290 1063 2369 hujusmodi

112 2372 226 2455 Vigiliis
247 2373 384 2435 similiter
408 2375 518 2435 mentio
540 2377 637 2435 estin
662 2374 757 2435 Libris
780 2372 938 2434 Sacrarum
955 2371 1063 2437 Caere·

111 2458 280 2517 moniarum
303 2452 456 2515 Ecclesiae
471 2453 645 2520 Romanae,
669 2456 721 2531 qui
744 2456 918 2514 tribuuntur
933 2452 1063 2517 Christo·

110 2538 205 2611 phono
227 2536 370 2599 Marcello
393 2534 628 2613 archiepiscopo
644 2536 834 2613 Corcyrcnsi.
850 2534 963 2602 Pallia,
987 2554 1064 2613 quae

110 2618 309 2679 benedicenda
331 2623 438 2685 erant,
461 2622 584 2678 arrralae
612 2619 691 2694 pelvi
725 2618 861 2695 imposita
880 2660 887 2684 ,
911 2617 949 2677 ab
971 2618 1064 2696 ipsius

112 2699 275 2761 Vaticanae
298 2697 443 2759 Basilicas
464 2696 612 2757 Canonico
635 2699 776 2757 Altarista
801 2704 991 2773 nuncupato,
1015 2716 1064 2759 co-

111 2782 284 2842 mitantibus
306 2780 462 2839 duodecim
484 2778 620 2857 ejusdem
651 2778 794 2841 Basilicas
816 2777 1006 2841 Berrolrciatis
1028 2781 1065 2841 ad

110 2862 331 2925 Confessionen:
348 2860 383 2920 B.
398 2858 479 2921 Petri
501 2860 726 2921 deferebantur.
743 2860 910 2938 Episcopus
926 2878 998 2921 vero
1014 2863 1066 2937 qui

112 2944 265 3005 Matutinis
286 2941 399 3002 Officiis
414 2943 571 3003 adstiterat
586 2984 594 3011 ,
611 2944 679 3017 post
693 2941 833 3001 (locantes
849 2941 976 3007 Laudes,
994 2940 1066 3001 Pon·

112 3023 268 3086 tilicalibns
289 3025 390 3084 adbuc
412 3023 552 3092 indutas,
578 3042 637 3084 nna
660 3039 729 3082 cnm
752 3022 959 3083 assistentibus
982 3022 1066 3083 illini·

112 3109 178 3167 stris
195 3107 327 3183 paratis,
345 3110 375 3165 ct
389 3100 478 3165 Clero
493 3104 638 3165 Basilicae
654 3147 662 3173 ,
679 3103 717 3163 ad
731 3100 954 3164 Confessionem
971 3104 1066 3180 ipsam

112 3186 331 3252 descendebat,
354 3185 447 3245 Pallia
463 3188 642 3264 aspergebat
656 3203 732 3261 aqua
750 3184 926 3258 benedicta,
945 3193 1008 3244 lum
1024 3188 1067 3245 in-

111 3288 199 3330 censo
221 3268 382 3333 adolebat,
405 3285 440 3329 ac
463 3267 586 3328 demum
609 3266 752 3327 sole'mnis
767 3266 983 3327 Benedictionis
999 3284 1066 3342 pre·

61 3388 64 3394 ‚
112 3369 160 3411 ces
182 3368 273 3426 super
295 3350 345 3409 illa
369 3348 524 3409 recitabat.
548 3347 647 3408 Hodie
671 3363 743 3409 vero
764 3348 889 3423 expletis
910 3346 1065 3422 Vespasia,

112 3432 273 3504 descendat
292 3430 329 3491 ad
351 3429 574 3493 Conlessionem
597 3446 674 3489 ursus
688 3446 724 3488 ex
741 3427 935 3488 Anditoribns
956 3426 1068 3490 Causa·

113 3531 182 3574 rum
204 3513 310 3577 Palatii
333 3510 507 3588 apostolici,
531 3513 626 3573 sacris
648 3508 908 3571 subdiaconalibus
937 3510 1069 3573 vestibus

113 3596 255 3666 indutus,
271 3600 302 3655 et
317 3592 567 3668 subseqnentibus
582 3588 755 3653 Pontificiae
769 3590 989 3653 consistorialis
1005 3592 1067 3653 Au-
