2517 4059
469 203 693 276 ‹wbssffl‘

106 333 325 413 siquiticautur
347 350 454 412 opera,
477 351 573 392 uuum
594 331 731 409 idemque
755 343 808 402 est,
827 351 933 392 monus
949 334 1063 399 tooure,

107 426 202 494 atque
225 432 314 494 opera
336 426 436 474 uestro
455 432 603 493 purpure.
637 411 710 472 Rem
736 413 812 472 bauo
840 420 931 473 totam
962 415 1065 490 paucis

107 497 344 559 Constitutioues
358 496 549 572 Apostolirac
565 494 621 553 Lib
651 493 708 554 vll
724 493 797 572 Cap.
817 493 844 553 ll
860 495 1062 573 complectun-

107 585 174 639 tur.
203 582 285 655 Aqua
307 595 381 655 quoe
403 578 455 636 boc
478 586 608 654 tempore
636 577 670 635 iu
694 572 866 635 Sacerdotis
894 594 1001 636 manus
1023 579 1065 657 es-

105 657 271 736 suuditur‚
295 667 329 717 ut
351 675 380 716 se
402 659 526 724 obluat,
546 660 713 736 puritatem
736 658 870 735 desiqmat
907 677 982 735 quoe
1004 657 1066 718 Deo

106 759 232 801 socrum
248 740 383 800 uuimum
399 739 488 800 decet.
515 739 638 799 Ablutio
655 742 683 798 iu
700 739 938 799 extremitatibus
953 735 1002 808 fit,
1027 741 1065 800 ad

107 818 336 899 significantiam
360 823 604 881 emundationem
628 823 719 880 etiam
737 840 753 880 a
770 821 901 880 minimis
924 823 1063 898 pcccatis,

107 910 145 964 ut
168 903 310 964 observat
333 901 458 962 Sanctus
480 901 624 962 Thomas.
649 901 682 961 lu
699 903 759 979 ipsa
777 919 920 962 manuum
937 903 1065 964 ablutio-

108 1003 149 1045 ne
173 986 319 1044 recitatur
342 981 476 1044 Psalmus
491 981 622 1050 leuabo,
647 984 835 1060 quiquidem
854 984 883 1041 in
900 983 976 1043 banc
1000 1003 1064 1044 rem

108 1066 245 1144 perbelle
261 1065 351 1125 cadit.
367 1064 397 1123 lu
414 1063 564 1142 aliquibus
581 1061 723 1126 Ecclesiis
738 1069 853 1124 tautum
869 1067 985 1142 aliquot
998 1063 1064 1143 ejus

109 1147 257 1208 versiculi
280 1146 478 1219 dicebantur,
503 1155 532 1208 at
555 1144 676 1206 Missale
698 1145 865 1208 Romanum
887 1146 966 1222 qarod
993 1165 1063 1208 eum

109 1237 210 1290 totum
235 1229 424 1305 praescribit,
447 1247 518 1290 cum
540 1227 683 1305 Liturgiis
705 1232 862 1298 consentit,
886 1228 1064 1290 Sanctorum

108 1311 233 1372 scilicet
254 1309 476 1388 Chrysostomi,
501 1316 532 1372 et
547 1309 661 1379 Basilii,
685 1311 844 1385 inquibus
868 1313 1062 1389 praecipitur,

109 1399 146 1454 ut
169 1393 193 1451 is
217 1395 331 1469 integer
354 1394 497 1452 recitetur
520 1393 649 1468 aprimo
672 1392 822 1451 versiculo
841 1393 956 1451 tucubo
978 1393 1014 1451 ad
1030 1392 1065 1452 ts-

110 1493 184 1534 nem
201 1490 308 1551 usque.
333 1471 451 1533 Psalmo
468 1473 556 1533 latrem
574 1473 699 1551 imponit
714 1473 864 1533 versiculo
881 1472 989 1535 Gloria
1007 1472 1065 1534 Pa·

110 1557 158 1616 tri
179 1557 258 1633 quod
284 1557 312 1614 iu
335 1556 442 1632 utrovis
464 1556 523 1614 alio
545 1553 664 1614 Psalmo
685 1553 744 1622 tus
772 1556 823 1631 qui
848 1560 947 1614 tamen
970 1557 1064 1616 versi·

111 1637 203 1698 culus
225 1639 255 1696 in
278 1635 378 1696 Missis
400 1654 454 1714 pro
477 1634 653 1704 Deiuuctis,
671 1642 711 1705 ‚et
732 1637 769 1696 dc
793 1635 929 1694 Passiouo
953 1636 1064 1696 omitti·

110 1727 177 1789 tum
202 1718 367 1779 cumcuim
385 1717 526 1796 hymnus,
550 1724 716 1793 cautusque
731 1719 770 1777 sit
784 1718 819 1776 ad
836 1717 961 1794 gloriam
978 1717 1064 1777 exbi-

110 1799 255 1865 bundam,
272 1800 476 1876 laetitiamque
493 1798 716 1876 significandam
732 1799 896 1866 institutus,
913 1798 948 1856 ad
965 1798 1063 1860 luctus

107 1887 290 1960 argumenta
314 1899 371 1940 uou
394 1882 543 1958 corsgruit.
567 1879 695 1955 Quaerit
717 1878 758 1940 Le
780 1880 887 1950 Brun,
911 1880 1062 1956 quomodo

106 1963 256 2026 Sacerdos
278 1963 357 2021 dicat
378 1960 442 2039 Epo
465 1972 561 2034 cutem
584 1965 618 2021 iu
633 1961 806 2022 innocentia
826 1979 894 2021 mcc
914 1963 1062 2039 impressus

108 2065 198 2113 sum,
222 2045 369 2119 siquidem
394 2044 450 2103 hoo
473 2041 673 2104 aChristiaua
698 2043 869 2103 bumilitate
892 2043 1010 2102 videtur
1031 2061 1059 2102 a·

107 2130 236 2188 lienum.
261 2123 374 2186 Verum
404 2127 505 2185 statim
528 2126 583 2184 sibi
606 2126 662 2202 ipsi
694 2125 876 2202 respondeus
897 2121 1060 2203 subjungit.

107 2206 304 2270 Sacerdotem
328 2207 417 2267 simul
440 2207 549 2272 lateri,
580 2207 634 2266 sibi
657 2226 732 2285 opus
760 2225 825 2266 esse
852 2205 1061 2283 Redemptoris

107 2296 200 2350 mauu
215 2295 277 2355 {ct
299 2289 501 2348 misericordia
524 2287 638 2348 redime
660 2309 732 2358 me,
766 2296 793 2346 ct
815 2288 956 2346 miserere
978 2291 1058 2357 mci,

107 2389 206 2448 neque
231 2371 338 2432 timore
361 2371 502 2447 peccandi
525 2388 652 2435 carere,
678 2370 732 2428 uisi
757 2369 837 2429 Deus
859 2375 977 2446 praesto
999 2372 1058 2430 sit:

106 2451 154 2514 Ne
165 2451 276 2531 perdas
292 2452 473 2530 cumimpiis
495 2454 604 2529 quibus
625 2452 794 2513 Christiana
818 2452 988 2510 continetur
1003 2451 1059 2512 hu-

106 2535 230 2594 militas.

151 2613 207 2675 lll.
231 2615 314 2676 Lotis
336 2616 485 2686 manibus,
509 2613 653 2676 Sacerdos
675 2615 713 2674 ad
737 2613 866 2673 medium
883 2611 987 2671 Altare
1003 2631 1061 2673 ma·

108 2697 198 2757 nibus
219 2695 330 2776 junctis
354 2697 454 2764 redit,
483 2697 533 2758 ubi
558 2697 724 2770 paullulum
747 2695 907 2755 inclinatus
928 2694 999 2754 dicit
1019 2694 1061 2756 Ο-

107 2779 255 2840 rationem
279 2776 400 2858 Suscipe
422 2778 534 2840 Saucia
561 2774 705 2838 Triuitus.
740 2777 834 2836 Porro
863 2792 969 2835 mantis
992 2774 1058 2853 juu-

107 2867 197 2926 ctae,
227 2867 258 2920 et
280 2856 420 2936 Corporis
443 2860 641 2919 inclinationis
663 2856 834 2920 Sacerdotis
856 2856 1059 2918 humilitatem

105 2941 194 3018 juxta
214 2940 246 3002 S.
262 2940 411 3000 Thomam
434 2943 623 3017 exprimunt,
636 2948 678 3000 ot
700 2940 767 3001 lesu
783 2937 895 2999 Christi
918 2939 1061 2999 obedieu-

107 3025 182 3082 tiam
205 3022 290 3083 nobis
312 3027 558 3082 commemorant.
583 3020 681 3095 Quam
698 3028 785 3083 vel-us
799 3022 837 3084 sit
851 3020 927 3080 haec
942 3020 1058 3090 Oratio,

107 3101 232 3165 definire
255 3121 314 3163 nou
337 3121 504 3180 possumus.
530 3103 728 3178 lllicrologus,
751 3104 801 3178 qui
819 3101 865 3162 Xl
880 3103 1001 3162 saeculo
1016 3103 1061 3161 vi-

108 3193 216 3251 xerat,
241 3185 345 3244 scribit
372 3203 440 3244 eam
462 3186 709 3245 consuetudinem
733 3185 932 3244 introductam
955 3183 1058 3246 luisse.

106 3265 224 3327 Verum
246 3283 316 3327 cum
339 3283 457 3332 seusus,
481 3272 512 3326 et
532 3266 662 3327 medulla
685 3267 766 3326 illius
788 3266 929 3326 orationis
950 3263 1059 3344 jamin

105 3347 229 3410 Graecis
250 3347 416 3424 liturgiis,
440 3353 471 3408 et
492 3348 521 3406 iu
546 3345 728 3418 Missalibus,
752 3365 787 3407 ac
801 3346 1059 3413 ,sacramentariis

106 3427 272 3506 Micrologo
287 3429 507 3505 antiquioribus
523 3431 701 3504 reperiatur,
719 3428 899 3491 censermum
915 3433 972 3494 cst,
990 3447 1059 3490 eam

105 3509 151 3571 xt
166 3509 290 3572 Saeculo
313 3509 401 3572 luisse
424 3512 633 3571 vetustiorem.
657 3509 746 3588 Apud
763 3508 884 3571 Fratres
900 3508 1061 3572 Praedica-

106 3597 185 3653 tores
208 3593 389 3654 contractior
412 3591 601 3672 paullulum,
625 3600 657 3654 et
677 3593 756 3672 apud
777 3591 996 3654 Carthusiauos
1011 3612 1060 3673 pe-
