2517 4059
547 157 605 217 assy
628 146 687 205 376
710 156 770 215 teas·

183 277 248 354 ejus
276 277 395 350 generis
417 275 551 351 Epistola
573 276 765 352 Smyrnensis
787 273 940 335 Ecclesiae
967 274 1004 333 ad
1026 292 1132 335 annues

180 358 394 425 orthodoxos,
423 375 482 433 qua
504 356 535 416 S
559 356 716 435 Polycarpi
740 356 919 437 Martyrium
940 356 1129 417 describitur

120 495 126 507 ,
180 444 280 518 Atque
312 441 382 499 hinc
404 446 469 499 orta
491 440 666 516 perhibetur
693 441 876 499 consuetudo
903 437 1019 515 legendi
1041 440 1134 499 etiarn

181 526 210 583 in
233 522 380 598 aliquibus
402 521 545 580 Ecclesiis
567 522 745 581 Sanctorum
768 520 936 601 Martyrum
960 520 1129 597 passiones,

181 612 212 666 et
232 603 444 663 Ceniessarunr
478 602 793 679 gesra.1nlttrieana
822 604 969 679 siquidem
999 599 1135 661 Ecclesia

181 688 327 747 miracula
349 684 380 744 S
398 685 539 761 Stephani
563 684 797 762 Protomartyris
821 686 913 745 recita
934 684 1026 745 luisse
1049 683 1134 741 disei-

182 788 250 830 mus
272 786 308 828 ιιι
325 769 408 827 Actis
423 765 636 827 Translatiouis
656 764 822 842 ejusdem'
815 785 843 825 ro
864 766 1050 827 Praetutiane
1064 764 1137 824 tib.

180 852 240 911 let
254 850 323 910 Lib
334 848 361 908 ll
384 849 457 925 Cap.
476 848 501 907 l.
523 847 556 907 ln
572 846 707 908 Ecclesia
722 848 854 925 Hispana
877 847 908 907 S.
925 847 1044 907 Braulio
1058 845 1133 907 Cae

183 937 418 1009 sanaugustanus
439 929 603 1026 Episcopus
626 929 758 991 libellum
780 930 898 1008 scripsit
929 931 966 991 de
989 926 1139 1007 gestisS

181 1014 356 1080 Aemiliani,
380 1024 413 1073 nt
432 1024 529 1107 posset
550 1014 585 1071 in
605 1010 716 1072 Missae
739 1016 802 1092 ejus
824 1014 1016 1072 celebratione
1037 1028 1137 1089 qnan-

181 1098 273 1157 torius
295 1096 376 1172 lapi:
399 1098 440 1154 uti
464 1096 528 1171 ipse
550 1095 685 1154 asserit
678 1113 706 1152 ιιι
729 1094 917 1153 Praelatione
939 1094 976 1153 ad
997 1091 1063 1169 ejus
1082 1091 1136 1151 Vi

184 1184 257 1245 tam,
279 1176 357 1253 apud
374 1175 579 1236 Mabrllonmm
604 1176 671 1234 Sec.
690 1176 705 1234 1
730 1176 968 1236 Benedictinum.
985 1173 1135 1234 Eamdem

181 1260 299 1337 praxim
322 1258 514 1317 obtinuisse
507 1277 535 1315 ιιι
558 1256 691 1317 Ecclesia
706 1257 857 1317 Gallicana
880 1263 1006 1319 testatur
1020 1255 1137 1330 Grego:

181 1342 245 1402 rius
266 1340 449 1400 Turonensis
478 1338 544 1399 Lib
574 1338 602 1398 ll
625 1340 669 1398 De
690 1338 850 1399 Prliraculir
877 1339 979 1401 Sancti
1000 1337 1141 1399 Martini
1219 1359 1222 1361 ’

181 1421 255 1500 Cap.
280 1420 319 1481 au
341 1427 371 1483 et
392 1421 458 1481 Lib.
482 1420 553 1480 lde
578 1420 684 1483 Gloria
705 1419 880 1500 Martyrum
902 1419 976 1495 Cap
999 1418 1057 1488 86,
1080 1419 1141 1479 ubi

182 1504 295 1567 habel:
318 1502 405 1564 Lecta
424 1505 559 1581 passione
581 1503 689 1563 Sancti
709 1500 895 1582 Polycarpi,
918 1505 1003 1583 cujus
1024 1502 1138 1579 [ertum

185 1588 397 1655 celebrabatur,
412 1605 477 1646 cnm
494 1585 618 1663 reliquis
633 1582 831 1645 lectionibus.
848 1584 980 1661 Legendi
1002 1586 1039 1643 od
1054 1584 1139 1643 banc

184 1688 249 1731 rem
271 1670 439 1733 Baronius,
463 1668 498 1727 in
520 1664 712 1744 Praefatione
739 1666 779 1725 ad
800 1664 1051 1745 Martyralopium
1074 1663 1136 1724 Ra-

181 1770 304 1811 manum
326 1748 398 1827 Cap
414 1749 451 1818 n;
474 1748 614 1819 Ruinam,
639 1750 673 1807 in
688 1746 879 1826 Praetutium
900 1745 1139 1809 addetaMar·

182 1844 284 1913 tyrum
305 1832 581 1893 satectaetsincera
602 1849 670 1907 pag.
688 1830 749 1902 lV;
773 1830 938 1909 Aringlrus,
957 1828 1142 1890 Romumb-

183 1927 326 1975 terranea
341 1914 408 1974 Lib
425 1912 526 2009 lCap.
542 1911 592 1973 30.
610 1910 732 1973 Publice
754 1918 854 1973 autem
866 1911 1041 1989 hujusmodi
1056 1910 1136 1971 Acta

182 1996 374 2084 Martyrum,
399 1996 457 2056 et
450 1995 608 2072 insignium
631 1994 841 2055 Coniessornm
863 1993 968 2061 Vitae,
991 2012 1026 2054 ae
1049 1999 1136 2072 gesta

182 2072 386 2155 legebantur
378 2096 407 2136 in
423 2075 595 2137 Ecclesiis'
587 2096 617 2135 ιιι
640 2078 769 2154 ipsorum
791 2075 1014 2147 festivitatibus,
1037 2081 1073 2136 ut
1091 2075 1138 2135 ita

184 2160 291 2221 auditis
314 2158 433 2219 illorum
455 2158 637 2225 virtutibus,
662 2158 764 2218 fideles
786 2157 883 2237 populi
906 2175 1011 2218 eornm
1032 2174 1139 2219 exem-

187 2244 237 2318 plo
253 2240 288 2299 ad
304 2241 411 2301 similia
430 2240 492 2301 lleo
507 2240 670 2300 auxiliante
685 2238 863 2316 perficienda
885 2240 1136 2301 accenderentur.

185 2321 326 2385 Solebant
347 2328 448 2383 autem
471 2322 631 2399 antiquitus
659 2328 719 2382 tam
743 2319 897 2399 Epistola,
922 2340 1012 2398 quam
1035 2318 1140 2381 Eran-

188 2405 299 2485 gelium
316 2404 373 2483 legi
396 2406 425 2464 in
441 2404 589 2469 Ambone,
606 2420 659 2462 seu
675 2402 804 2481 Pulpito,
822 2422 934 2481 exque
956 2406 1046 2465 etiam
1065 2403 1147 2480 Epi·—

185 2505 296 2583 scopus·
313 2488 469 2548 conciones
492 2486 630 2553 habebat,
654 2491 685 2545 et
706 2492 826 2561 praeter
848 2485 1016 2562 praedictas
1032 2486 1137 2548 lectio-

185 2586 237 2629 nes
258 2569 347 2629 etiam
371 2567 519 2647 lliptycba
543 2567 689 2635 recitari,
713 2572 745 2626 et
765 2585 916 2628 sermones
938 2568 1041 2629 haberi
1063 2584 1144 2627 con--

185 2657 355 2713 sueverant.
373 2648 418 2709 Ex
440 2651 545 2711 eodem
568 2649 631 2708 loeo
653 2612 721 2708 fidei
738 2649 953 2726 professionem
975 2650 1072 2710 emitti
1086 2667 1137 2709 se-

185 2732 270 2792 litam
294 2732 330 2791 ab
353 2732 424 2802 his,
448 2733 499 2808 qui
532 2732 568 2790 ad
604 2729 694 2791 tidem
717 2731 996 2799 convertebantur,
1020 2735 1138 2792 constat
1198 2762 1201 2765 ⁴

185 2833 222 2875 ex
245 2815 413 2891 Augustino
435 2814 500 2873 Lib.
524 2811 593 2873 Vlll
620 2812 855 2889 confessionum.
880 2812 913 2871 ln
946 2832 982 2874 eo
1013 2829 1134 2889 quoque

185 2897 301 2957 stabant
322 2894 463 2956 Carteres
485 2894 658 2963 Graduale,
688 2898 718 2954 et
740 2895 854 2971 reliqua
876 2897 1035 2956 cantaturi.
1059 2892 1137 2957 Erat

184 2983 287 3039 autem
309 2980 467 3039 discrimen
490 2980 567 3037 inter
588 2974 765 3055 Epistulam,
789 2982 819 3037 et
834 2974 1039 3053 Evangelium
1064 2994 1133 3036 nam

186 3060 237 3119 illa
258 3060 287 3118 io
309 3061 465 3129 interiori,
489 3059 565 3120 istud
590 3059 788 3135 insuperiori
812 3057 877 3119 loeo
898 3060 1065 3137 legebatur.
1088 3058 1137 3121 lta

185 3140 268 3202 Ordo
290 3141 453 3202 Romanus.
477 3141 510 3202 ln
534 3140 711 3217 quibusdam
734 3138 875 3201 Ecclesiis
896 3141 957 3202 duo
978 3144 1050 3201 sunt
1069 3158 1133 3219 gra

185 3224 278 3287 duum
300 3225 440 3289 ordines,
465 3241 540 3283 nnus
562 3240 579 3280 a
601 3223 727 3283 sinistris
746 3240 853 3284 versus
873 3221 1050 3289 Orientem,
1073 3240 1141 3299 quo

185 3307 394 3375 ascendebant,
419 3307 494 3367 alter
515 3324 532 3364 a
555 3303 667 3363 dextris
688 3304 881 3366 Occidentem
904 3311 1051 3381 spectans,
1073 3321 1137 3379 quo

186 3389 414 3449 descendebant.
442 3387 473 3446 ln
496 3388 562 3446 aliis
582 3384 787 3447 Subdiacoous
809 3386 855 3446 via
878 3404 962 3454 nna,
986 3386 1141 3448 Diaconus

186 3470 280 3530 altera
302 3471 372 3530 ibat.
397 3468 505 3529 Adbuc
529 3466 641 3527 Romae
662 3476 746 3530 extat
766 3466 885 3530 Veteris
908 3428 1051 3530 ambonis
1072 3465 1138 3527 iar·

186 3568 235 3611 ma
259 3552 287 3611 in
309 3551 451 3611 Ecclesiis
472 3548 502 3609 S.
528 3548 689 3612 Clementis
712 3550 743 3611 S.
761 3548 925 3618 l'ancratii,
947 3556 979 3612 et
999 3548 1029 3609 S.
1053 3548 1135 3611 Lau·
