2517 4059
560 178 785 267 mseras

190 322 298 388 dicitur
313 321 503 383 Hebdomada
518 324 599 389 olba,
617 332 670 383 se'u
684 322 790 383 Feriaa
804 324 839 383 ira
853 322 937 387 arbe.
961 321 1041 381 sicut
1055 318 1149 379 etiam

191 405 467 466 inSaoramentario
479 403 661 481 samgari,
675 411 832 481 propterea
846 403 924 483 quod
939 401 1083 479 Baptizati
1096 416 1151 477 per

190 488 347 553 combles,
364 487 473 561 qulbus
495 504 599 552 eorum
614 485 757 563 baptismi
774 483 931 547 Festivitas
954 482 1149 565 perdurabat,

191 574 305 628 uestem
326 568 424 627 albam
440 568 623 629 deferebant.
642 568 726 629 Duae
741 567 851 629 Missae
869 565 997 627 antebac
1012 564 1151 641 qualibet

191 649 241 712 dio
262 650 459 715 dicebantur,
483 652 534 726 qui
558 651 633 712 ritus
655 648 818 709 Mediolani
840 652 978 710 serratus
1000 652 1072 713 est,-
1096 643 1148 711 ubi

194 732 291 808 prima
315 731 405 790 Missa
428 732 538 791 dicitur
560 732 659 807 primo
682 747 769 791 mane
791 748 846 809 pro
868 729 952 789 noris
974 726 1148 805 baptizatis.

191 813 321 879 secunda
343 812 380 869 ad
402 809 558 877 Tertiam,
582 812 612 871 in
635 810 781 873 honorem
804 811 979 873 Dominicae
1000 808 1154 867 Resurre-

191 894 309 955 anonis.
333 892 448 953 Romae
469 900 609 956 curatum
626 899 682 961 est,
708 901 740 954 ut
762 892 872 969 duplex
895 889 1066 969 hujusmodi
1084 904 1150 947 sco-

193 994 248 1055 pus
269 980 301 1036 et
323 976 350 1035 in
372 974 492 1043 Officio,
515 974 596 1035 etin
619 973 711 1035 Missa
732 970 895 1051 cujuslibet
915 972 973 1033 diei
999 967 1150 1039 immisce

192 1064 286 1118 retur.
310 1055 499 1133 Quapropter
521 1052 685 1133 Evangelia
706 1057 796 1115 etiam
825 1060 856 1114 et
877 1054 985 1114 Missae
1009 1051 1154 1129 propriae

192 1143 309 1214 septem
327 1137 451 1196 dierum·
468 1138 578 1213 cuique
593 1137 760 1213 assignatae
782 1142 861 1202 srrnt.
889 1142 922 1203 ut
943 1134 1066 1213 singulis
1088 1132 1152 1191 d're·

192 1219 247 1278 bus
275 1219 380 1276 concio
403 1217 506 1278 haberi
530 1214 633 1297 possit.
668 1218 779 1279 Extant
801 1218 891 1277 etiam
926 1214 1152 1296 Mystagogicae

191 1296 371 1359 Catecbeses
391 1296 422 1357 S.
440 1298 546 1376 cyrilli
566 1295 845 1377 Hierosolymitani‚
870 1296 978 1375 quibus
1001 1314 1053 1373 per
1077 1294 1150 1357 heb·
1251 1338 1252 1379 3

191 1379 349 1440 domadam
372 1377 525 1439 Pascbatis
546 1380 708 1441 exercebat
728 1399 791 1449 eos.
815 1398 889 1456 quos
911 1396 965 1459 per
987 1384 1080 1439 totam
1103 1377 1152 1435 in·
1251 1380 1252 1421 ἲ

191 1466 343 1521 struxerat
363 1460 645 1537 Quadragesimam,
670 1466 704 1521 ut
724 1462 760 1522 ad
777 1460 964 1538 baptismum
988 1474 1150 1536 praepara·

191 1548 254 1613 ret.
266 1540 297 1601 S.
315 1540 440 1601 loannes
453 1541 689 1620 chrysostomus
703 1548 818 1620 septem
836 1544 928 1605 hosce
943 1542 1006 1601 dies
1027 1543 1069 1601 ait
1082 1540 1153 1601 esse

191 1622 276 1685 velut
296 1621 474 1700 Nuptiarum
498 1623 717 1694 celebritatem,
734 1627 781 1685 cui
798 1624 854 1693 boc
870 1624 949 1685 idern
966 1620 1149 1703 Myslerium
1252 1612 1253 1635 ³

191 1710 307 1783 ⁸⁰P²⁰ffl
330 1706 466 1765 ⁰0¹¹cedll
488 1706 563 1766 dies.
587 1704 621 1765 ln
643 1705 750 1767 Officio
773 1708 941 1767 laetabatur
953 1702 1086 1765 Ecclesia
1110 1701 1162 1765 de.

190 1803 297 1847 eorum
321 1805 397 1847 nova
421 1788 673 1863 regeneration03
696 1788 877 1865 respiciebat
898 1804 967 1853 eos,
992 1792 1149 1863 tamquam

190 1865 332 1929 lluctibus
347 1868 395 1930 diu
413 1867 602 1945 multumque
624 1869 761 1945 agitatos,
779 1868 905 1929 leliciter
929 1871 1048 1943 portum
1064 1872 1153 1945 tenef
1253 1876 1254 1895 ³

191 1965 235 2018 re,
259 1955 290 2009 et
311 1951 396 2022 aquis
410 1948 554 2027 Baptismi
575 1948 695 2010 ablutos
718 1950 849 2023 primum
872 1947 1058 2026 praeseferre
1080 1964 1150 2007 can

191 2028 308 2090 dorem.
322 2028 464 2091 Vestibus
487 2029 562 2091 albis
582 2048 637 2106 per
659 2031 751 2091 hosce
773 2033 847 2099 dies,
872 2034 906 2091 ut
922 2048 1015 2105 nuper
1031 2028 1149 2091 notari·

190 2127 260 2171 mus
280 2111 492 2179 induebantur,
509 2128 564 2187 pro
585 2111 621 2171 iis
643 2110 754 2172 fiebant
775 2112 977 2190 processiones
991 2109 1147 2179 Fortium,
1254 2152 1255 2157 κ

192 2193 305 2267 prolis
328 2190 519 2251 breviabatnr
541 2190 701 2262 Officium3
727 2193 854 2269 ideoque
877 2196 938 2253 tota
962 2190 1153 2256 hebdomada

192 2273 284 2332 breve
306 2280 369 2344 est3
393 2272 464 2349 quia
479 2270 585 2332 Ollioio
600 2273 744 2351 Baptizati
767 2276 900 2335 aderant:
918 2279 1007 2353 atque
1029 2281 1063 2335 ut
1084 2290 1149 2335 me-

192 2353 250 2415 lius
264 2352 387 2419 Festum
403 2352 554 2413 Pascbatis
569 2356 784 2422 celebraretur,
798 2355 882 2433 jussa
897 2363 943 2417 est
959 2362 1018 2435 tota
1035 2354 1149 2417 bebdo-

191 2436 279 2497 meda
300 2435 366 2495 beri
382 2437 499 2496 festiva.
516 2433 681 2497 Concilium
705 2436 731 2497 ll
754 2436 970 2499 Matisconense
992 2456 1070 2497 anno
1085 2434 1149 2503 585

190 2512 264 2576 Can.
278 2517 308 2577 2:
322 2515 432 2577 Nullus
444 2519 488 2576 lie
502 2506 696 2578 sanctissimis
710 2536 764 2581 seor
776 2518 875 2578 dicbus
889 2520 995 2579 servile
1011 2536 1083 2599 opas
1094 2536 1146 2579 arr·

192 2594 259 2656 deal
271 2599 387 2676 secere·
410 2598 618 2675 bloguntinum
643 2618 720 2659 anno
734 2598 806 2659 813:
826 2598 928 2661 Simili
942 2600 1030 2661 modo
1053 2610 1148 2661 totam

191 2677 277 2740 illam
292 2677 506 2739 hebdomadam
520 2680 674 2741 observari
685 2679 879 2743 decrevimus.
904 2680 1056 2743 llleldense
1069 2698 1149 2741 anno

189 2754 252 2821 8b5
274 2758 347 2822 Can.
364 2760 405 2819 77
426 2760 657 2821 anathematizat
672 2779 734 2835 eos,
760 2764 811 2838 qui
827 2768 894 2823 octo
910 2763 973 2823 dies
994 2760 1151 2826 Paschatis

192 2858 250 2904 non
261 2840 496 2905 celebraverint:
515 2842 585 2902 Dies
595 2850 656 2901 octo
670 2845 769 2905 eoacti
786 2844 935 2904 l'osclrotia
948 2845 1074 2922 feriator
1089 2863 1150 2903 erse
1174 2840 1177 2847 ’

191 2920 383 2985 decernimos.
408 2919 574 2982 Concilium
609 2926 638 2982 in
660 2922 763 2985 Trullo
792 2927 820 2985 in
843 2923 990 2993 Oriente,
1013 2944 1080 2985 can.
1106 2922 1148 2986 se

191 3003 322 3083 idipsum
340 3005 538 3081 praescribit:
559 3000 629 3067 Tota
644 3007 813 3082 septimana
831 3009 864 3067 iu
881 3004 1021 3067 Ecclesir'r
1036 3024 1148 3077 occare

190 3083 291 3164 fideles
300 3087 417 3167 jupiter
432 3094 558 3164 oportet.
582 3082 768 3165 llujusmodi
791 3089 852 3149 dies
874 3092 1029 3167 tamquam
1054 3088 1148 3151 conti·

191 3169 292 3228 nuatio
315 3166 473 3227 Festorum
491 3164 645 3226 Pascbalis
669 3167 866 3233 habebantur.
889 3168 1054 3231 Undecimo
1082 3188 1149 3234 sae·

192 3248 260 3312 culo
275 3246 363 3308 Festa
378 3248 453 3308 baec
468 3247 504 3306 ad
521 3248 578 3306 tria
595 3248 688 3327 redigi
706 3256 811 3326 coepta
827 3256 914 3319 sante
938 3251 1146 3315 decimotertio

188 3330 310 3394 saeculo
332 3329 396 3389 lore
418 3329 497 3405 apud
520 3347 624 3388 omnes
648 3329 773 3392 invaluit
795 3350 878 3397 usus,
895 3332 1024 3409 denique
1047 3332 1083 3393 ad
1098 3351 1147 3395 se·

190 3412 318 3473 eundern
340 3415 371 3470 et
394 3411 513 3470 tertiam
536 3409 655 3471 Feriam
679 3412 791 3489 ubique
813 3412 933 3475 redacta
956 3421 1034 3475 sunt.
1068 3414 1146 3480 cou-

191 3493 292 3554 cilium
308 3488 534 3553 constantiense
556 3493 612 3553 tria
628 3497 743 3555 tantum
766 3489 854 3555 Festa
870 3493 1015 3575 designat.
1039 3497 1067 3558 in
1079 3496 1146 3569 Sta-

190 3575 262 3642 tutis
282 3571 434 3634 Collemiri
456 3574 683 3653 Rotomagensis
709 3573 937 3657 Arcbicpiscopi
965 3595 1041 3638 anno
1065 3576 1147 3639 lats
