2517 4059
509 192 734 264 omitit&

137 322 178 381 in
198 338 254 381 sua
276 317 416 400 Liturgio
437 320 571 383 Romani
592 321 743 402 Pontificio
765 319 829 381 Lib.
853 321 871 381 1
897 322 971 399 Cap.
996 320 1051 390 29;
1073 326 1104 383 et

141 403 254 479 Ioseph
281 400 463 472 Catatenus,
489 400 705 482 Protcgomenn
733 402 772 462 ud
797 400 966 483 Pontifirutc
988 400 1101 462 Rome·

141 502 217 544 num
241 484 318 563 Cap.
343 483 398 543 20.

512 645 640 707 CAPUT
663 645 732 706 XV.

491 824 544 868 ΒΕ
576 824 755 870 PALLIO·

182 967 208 1027 l.
231 965 423 1030 Postremum
446 968 619 1031 Pontificate
642 975 851 1031 ornamentum
878 972 924 1027 est
946 964 1096 1038 Pettium,

139 1051 220 1127 quod
241 1050 314 1109 sotis
336 1049 540 1118 Putriarchis,
563 1058 595 1112 et
616 1050 858 1129 Archiepiscopis
873 1051 1028 1125 competit.
1046 1048 1099 1113 Est

140 1137 244 1191 autem
265 1130 393 1192 Pettium
416 1131 470 1213 (1),
495 1133 588 1193 inscia
609 1134 694 1193 tanea
723 1132 872 1200 caudida,
896 1138 955 1191 tros
977 1132 1098 1191 circiter

142 1212 253 1290 digitos
276 1214 359 1282 tate,
383 1217 412 1273 in
436 1216 560 1274 modum
583 1212 688 1275 circuli
710 1220 869 1282 corrtexta,
894 1230 970 1289 quae
994 1212 1100 1277 hume·

142 1312 194 1353 ros
216 1295 317 1370 cingit.
342 1296 491 1371 habetque
517 1296 555 1355 ab
571 1303 696 1373 utraque
712 1301 796 1373 parte
813 1297 905 1353 tineas
928 1296 956 1353 in
980 1300 1096 1371 pectus,

140 1382 174 1436 et
195 1375 338 1435 humeros
371 1378 599 1454 impendentes,
623 1376 693 1439 crim
726 1395 778 1438 sex
811 1377 923 1435 sericis·
947 1377 1098 1453 nigrisque

144 1456 288 1516 crucibus
310 1458 451 1524 intextis,
474 1460 633 1536 tribusque
655 1459 779 1519 aciculis
802 1457 902 1518 aureis
924 1460 1092 1531 consuitur,

139 1543 173 1598 et
194 1539 348 1613 attigatur.
374 1538 483 1599 Primis
504 1541 656 1602 Ecctesiae
672 1540 798 1601 saeculis
819 1536 902 1599 Paitii
926 1540 1020 1599 tineae
1035 1541 1098 1599 ton·

139 1636 196 1696 gae
220 1624 306 1679 erant
326 1638 421 1697 usque
443 1620 481 1680 ad
504 1624 603 1690 talos,
627 1622 669 1683 uti
691 1624 788 1683 cosiat
819 1638 856 1679 ex
890 1620 1025 1694 pturibus
1046 1638 1095 1683 ee·

141 1701 316 1761 ctesiastiois
338 1704 549 1763 monumentis.
567 1703 646 1764 Otim
662 1704 783 1779 quidem
799 1718 905 1761 cruces
927 1718 1098 1778 purpureae

140 1778 250 1851 incre,
274 1781 364 1858 idque
379 1801 416 1842 ex
432 1785 631 1845 remotissima
647 1786 823 1860 antiquitate
838 1782 1011 1847 arcessitur.
1029 1798 1098 1845 raro

108 1859 115 1873 ’
142 1864 267 1939 nigrae,
291 1863 342 1922 sed
365 1865 554 1939 postmodum
583 1866 659 1941 nigri
692 1864 797 1925 coieris
829 1879 935 1923 eruces
957 1870 1096 1940 receptae

139 1951 219 2004 sunt.
246 1942 278 2003 ln
301 1946 419 2004 musivo
441 1944 568 2007 Sanctae
589 1947 704 2011 Mariae
727 1944 963 2023 transtyberim,
987 1945 1096 2007 visitur

140 2023 181 2084 ibi
205 2027 304 2101 imago
327 2025 359 2085 S.
380 2024 512 2087 Cornelii
541 2026 640 2104 Papae
671 2026 764 2104 cujus
785 2022 936 2096 Pettium,
960 2028 1095 2103 quinque

137 2122 248 2167 cruces
263 2124 429 2183 purpureas
445 2107 546 2169 hebet.
563 2106 663 2169 Hodie
686 2108 783 2169 nullae
799 2110 950 2169 orationes
966 2107 994 2165 in
1011 2105 1096 2169 Paitii

139 2188 331 2263 impositione
351 2188 495 2249 dicendae
517 2188 748 2266 praefiniuntur.
771 2183 851 2248 Olim
874 2194 940 2249 erat
962 2190 1095 2265 precatio

139 2268 175 2327 ad
199 2268 337 2329 Pettium.
361 2266 409 2328 Fit
429 2288 468 2329 ex
491 2273 556 2331 iana
570 2288 715 2348 agnorum
739 2271 935 2331 candidorum
952 2271 1015 2337 sine
1030 2288 1094 2331 ma·

135 2349 228 2417 outa,
251 2351 301 2424 qui
325 2351 353 2407 iu
375 2350 424 2409 die
446 2349 571 2414 Sanctae
593 2352 717 2430 Agnetis
739 2353 767 2411 in
798 2351 934 2431 ejusdem
959 2349 1094 2413 Ecctesia

140 2431 188 2490 ria
210 2429 396 2491 Nomentana
418 2433 542 2509 singuiis
563 2435 647 2495 annis
669 2434 773 2495 otierri
789 2435 825 2493 ad
842 2431 972 2492 Missam*
986 2434 1094 2494 sotem·

50 2567 52 2571 ,
139 2528 230 2578 nem,
252 2518 284 2572 ct
316 2512 450 2573 benedici
483 2515 603 2582 soient,
627 2533 661 2575 ao
690 2514 885 2574 subdiaconis
914 2514 1093 2589 Apostolicis

137 2594 318 2669 consignari,
335 2600 375 2654 et.
392 2595 420 2652 in
435 2594 535 2672 atiquo
549 2598 732 2657 monasterio
747 2593 1021 2657 Sanctirirouiaiium
1038 2614 1092 2657 nu·

137 2675 225 2745 triri,
248 2675 343 2735 donee
366 2676 466 2735 veniat
487 2683 607 2755 tempus
630 2678 709 2754 ipsos
725 2676 874 2737 tondendi.
892 2672 936 2733 Eri
958 2692 1091 2750 querum

138 2754 205 2815 iana
228 2762 371 2816 texuntur
393 2754 483 2816 Peitia
498 2802 506 2825 ,
523 2775 601 2833 quae
622 2759 653 2818 in
675 2758 833 2819 Basitioarn
850 2754 1025 2817 Vaticanum
1041 2759 1092 2819 de·

137 2834 197 2897 iata
218 2855 309 2914 super
331 2836 462 2914 Corpora
485 2838 663 2899 Sanctorum
684 2838 787 2909 Petri,
810 2845 841 2897 et
861 2837 947 2897 Pauli
977 2857 1090 2914 ponun-

137 2922 188 2977 tur
208 2919 237 2977 iu
260 2918 360 2994 vigitia
381 2918 494 2980 Natalis
515 2922 670 2996 ipsorum,
693 2920 794 2995 ibique
811 2924 871 2979 tota
889 2924 974 2979 nocte
991 2920 1091 2981 dimit-

137 3002 251 3067 tuntur,
268 3017 303 3058 ac
318 3000 366 3059 die
387 3003 523 3076 sequenti
546 3002 696 3077 deputatis
708 2998 901 3061 custodienda
917 3000 1088 3061 traduntur.

178 3078 219 3140 11.
244 3077 318 3155 Eius
339 3082 486 3159 originem
508 3090 718 3150 controversa,
743 3089 830 3157 atque
853 3082 931 3141 inter
953 3082 1090 3163 doctissif

136 3177 202 3220 mos
225 3161 311 3237 piena
333 3162 521 3223 dissensionis
543 3169 599 3223 est.
624 3162 699 3224 Sunt
719 3164 771 3238 qui
794 3163 866 3222 ittud
902 3164 1034 3239 primum
1059 3166 1089 3224 in

134 3239 277 3311 Oriente,
302 3242 442 3321 deinceps
457 3262 531 3305 vero
544 3243 608 3322 ejus
622 3245 762 3320 exempto
778 3246 807 3303 in
822 3241 985 3303 Occidente
1000 3262 1091 3305 usur-

135 3323 201 3400 pari
222 3325 356 3399 coepisse
377 3326 580 3398 contendunt,
604 3331 674 3386 sunt
694 3326 745 3402 qui
767 3342 785 3385 a
807 3323 909 3385 Marco
930 3324 1089 3396 Pontifiuo,

169 3517 205 3576 (t)
223 3514 348 3579 Bration,
368 3518 407 3568 Dc
425 3517 523 3581 Pellio,
543 3518 628 3583 Caput
646 3518 657 3567 1
674 3524 701 3568 et
718 3529 792 3581 seqq;
811 3514 956 3579 catelano,
978 3516 1090 3585 mnne

133 3582 191 3635 oute
202 3585 358 3636 nemaeum
368 3585 576 3637 commentariis
589 3585 774 3647 iliustrarent,
783 3588 855 3635 Pure.
864 3587 890 3635 1.
900 3583 1008 3640 Titulos
1018 3590 1093 3643 xit.
