2517 4059
474 220 698 295 *dietim-

116 355 219 423 tione‚
243 366 322 428 quae
344 350 373 409 in
396 351 561 429 appendice
575 351 721 429 postremi
741 350 868 413 Romani
883 351 1004 422 Consilii
1019 370 1068 414 ex·

114 454 187 497 cusa
209 433 279 495 luit.
303 432 398 511 lgitur
420 433 503 509 parvi
525 432 653 494 laeieudi
675 440 745 495 sunt
763 436 854 511 inepti
869 435 1067 512 quorumdam

114 528 291 581 sermones,
315 514 366 591 qni
388 512 468 575 nulla
491 512 602 594 pie'tate
623 517 748 593 praediti
769 534 893 595 pravam
908 523 1067 578 consuetu·

113 598 214 660 dinem
238 596 315 657 tueri
338 594 545 665 contendunt,
572 598 611 658 ob
633 616 723 674 quam
746 600 827 659 nulla
850 598 949 661 hahita
975 599 1067 659 hono·

112 683 158 743 ris
174 681 290 740 ratione
313 694 378 738 rcrn
402 677 532 739 divinam
555 677 725 749 conficiunt.
739 691 770 742 et
791 681 944 759 praecipiti
967 681 1067 760 lingua

113 763 214 825 omnia
238 759 425 839 perturbant.
450 758 564 823 lactent
586 763 677 839 igitar
707 764 736 821 in
764 762 932 841 populum,
956 762 1063 822 Missas

113 844 245 925 prolixas
260 841 413 903 fastidium
429 841 563 920 gignere3
580 843 698 921 Agnum
714 844 900 916 Paschalem,
917 845 966 922 qui
982 842 1067 903 Chri-

113 933 194 989 stum
217 923 375 984 Dominum
398 926 596 1002 exprimebat,
613 942 648 989 es
671 926 737 1005 lege
758 927 849 988 inisse
864 926 982 987 ludaeis
997 942 1067 1002 pro-

112 1009 245 1089 positum
267 1011 302 1065 ut
322 1005 515 1068 comederent
537 1008 732 1078 testinanterr
755 1007 894 1069 Sanctum
917 1007 1065 1069 Thomam

113 1089 400 1154 Cantuarianenseru
423 1088 691 1168 Archiepiscopum
723 1091 752 1150 in
774 1089 865 1151 Sacro
897 1089 1066 1168 peragendo

111 1172 201 1233 valde
223 1169 413 1247 expeditumr
438 1176 590 1246 postremo
612 1174 684 1233 satis
705 1190 781 1241 esse,
805 1173 830 1232 si
852 1174 951 1233 omnia
968 1175 1069 1250 lopan-

112 1260 175 1319 tur,
199 1260 230 1313 et
252 1252 324 1312 nihil
347 1268 474 1318 eorum,
498 1270 575 1330 quae
595 1256 780 1332 praescripta
803 1259 873 1314 sunt
892 1256 1061 1322 omittatur3

112 1338 195 1397 nullo
217 1340 318 1395 autem
341 1338 428 1409 paeto
444 1335 581 1397 constitui
603 1336 713 1397 dehere
735 1342 861 1413 tempus,
876 1338 956 1417 prrod
972 1336 1065 1397 Sacro

111 1416 292 1479 absolvendo
314 1415 496 1475 insumatur.
513 1415 657 1479 Praterea
678 1418 752 1477 nihil
774 1418 925 1478 ducendae
941 1424 1011 1478 suut
1026 1418 1065 1476 in·

109 1498 209 1577 justae
231 1497 350 1557 illorum
373 1498 598 1572 querimoniae,
623 1518 659 1559 ac
680 1499 831 1559 fastidium
846 1542 853 1568 ,
866 1501 928 1575 ¹qui
955 1500 1064 1561 Missae

111 1577 298 1643 Sacrlhmum
322 1577 479 1640 celerrime
500 1580 668 1642 absolutum
691 1587 877 1657 expeterent.
891 1581 1014 1641 Plurimi
1037 1598 1065 1639 e-

111 1665 173 1725 nim
196 1666 405 1725 numerantur,
418 1662 469 1738 qui
493 1664 601 1739 pietate
623 1665 752 1742 insignes
773 1663 811 1722 oh
833 1659 979 1740 ejusmodi
996 1662 1065 1723 bre-

110 1747 235 1805 vitatem
259 1741 391 1819 graviter
412 1743 512 1803 animo
528 1752 768 1813 commoventur,
786 1761 898 1820 eosque
919 1743 1067 1803 Sacerdo-

110 1832 158 1889 tes
180 1839 372 1901 summopere
395 1826 617 1897 commendant,
641 1829 692 1904 qui
714 1828 786 1905 pie.
810 1830 841 1885 et
863 1844 899 1888 eo
921 1826 1066 1904 temporis

111 1910 229 1987 spatio,
255 1905 332 1985 quod
354 1922 445 1985 supra
467 1907 624 1970 delinitum
647 1911 720 1973 luit.
744 1906 868 1967 Sacrum
891 1906 1062 1969 conficiunt.

109 1990 187 2051 Prae
211 1988 341 2050 caeteris
364 1989 454 2050 tradit
468 1990 630 2051 Cardinalis
645 1990 791 2050 Baronius
805 1990 843 2050 ad
858 2007 968 2050 annum
984 1986 1065 2051 Chri·

112 2074 149 2134 sti
173 2070 234 2132 tiu
257 2070 313 2130 sub
335 2067 424 2130 finem
448 2090 531 2132 uum.
557 2070 606 2143 35,
631 2071 662 2133 S.
685 2071 885 2149 Augustinum
909 2074 987 2133 inter
1007 2070 1067 2132 alia

110 2157 201 2222 mala,
226 2170 303 2231 quae
326 2152 525 2215 vehementer
546 2172 673 2232 arguere
695 2153 819 2224 solebat,
837 2154 910 2213 illud
931 2170 1066 2230 praeser-

110 2239 165 2298 tim
188 2232 389 2313 qnorumdanr
413 2226 557 2302 extitisse,
572 2236 625 2314 pai
646 2246 818 2315 perorantur
840 2234 876 2295 de
888 2237 1066 2315 prolixitate

111 2318 288 2381 Missurum.
311 2312 397 2387 Quod
420 2323 521 2377 autem
553 2318 590 2377 ad
621 2318 702 2378 illam
725 2315 821 2377 Exodi
854 2319 1063 2379 auctoritatem

111 2407 227 2478 spectat
260 2397 385 2474 pulchre
417 2416 483 2459 eam
516 2398 704 2477 Theophilus
724 2398 909 2477 llaynaudus
934 2398 1063 2477 explicat

110 2482 200 2543 Tom.
224 2478 298 2540 XVl
322 2497 387 2559 pag.
414 2480 464 2541 10:
488 2479 568 2542 Nam
591 2481 689 2561 quood
715 2481 958 2562 clarificationem
979 2490 1064 2540 traa-

109 2566 185 2625 sr‘tus
206 2579 295 2643 quam
320 2563 479 2629 celerrimi.
503 2562 655 2644 depypta'r‘s
675 2564 871 2641 serpentibus.
896 2562 1063 2623 brevissime

110 2646 248 2725 consecti,
270 2645 437 2704 necemors'a
460 2654 526 2705 erat
548 2664 581 2704 ea
595 2646 750 2723 seminatio
762 2646 797 2703 r'n
814 2641 966 2724 Sacrificio
982 2640 1063 2723 Aproi

112 2725 332 2794 scamander
353 2744 428 2805 puae
460 2728 542 2786 ratio
561 2725 749 2806 properandi
770 2736 863 2786 cessat
883 2728 918 2785 r'a
940 2726 992 2785 hoe
1012 2742 1062 2785 ce·

112 2812 204 2890 potio.
229 2805 408 2885 Exemplum
430 2812 531 2867 autam
554 2809 585 2869 S.
609 2807 745 2867 Thomas
760 2806 981 2868 Canthariensis
1001 2807 1061 2868 illis

109 2887 214 2969 procul
237 2889 329 2949 dubio
351 2889 537 2950 adversatur.
553 2886 685 2959 lltinam,
709 2894 740 2949 et
762 2888 804 2949 illi
826 2893 906 2949 tanta
929 2888 1061 2949 devotio·

109 2992 148 3049 ne
171 2978 251 3033 tanta
274 2970 371 3030 cordis
393 2973 581 3038 contritione,
595 2975 677 3031 tanto
699 2971 802 3031 dolore
824 2978 923 3031 sancta
939 2985 1063 3049 perage·

108 3062 178 3117 rent
200 3053 353 3133 mysteria.
380 3051 557 3114 comedebat
579 3054 669 3119 enim.
693 3059 726 3112 nt
747 3054 781 3111 in
800 3051 874 3114 vita·
891 3053 971 3113 illius
991 3051 1063 3111 scri·

109 3138 155 3199 hit
184 3134 347 3213 Gregorius
368 3132 436 3205 XI,
460 3134 640 3211 [estinanter
667 3145 792 3215 propter
820 3135 985 3195 emissiones
1004 3150 1064 3212 per

108 3216 234 3297 Angelos
253 3217 367 3285 matos,
385 3218 587 3295 perniciosam
608 3217 721 3278 scilieet
740 3233 889 3277 canaram
911 3216 1064 3294 capitatio·

107 3320 181 3361 aem
202 3310 410 3379 superventum
441 3301 475 3359 irs
503 3299 725 3361 Sacramentalr'
747 3298 897 3360 nominor·
921 3297 1064 3378 Corporis

102 3381 287 3461 perceptione
308 3396 370 3439 nou
391 3379 520 3454 tardior,
537 3398 599 3439 rroa
620 3397 764 3448 morasus,
788 3398 849 3441 mre
870 3397 959 3451 noea,
970 3396 1062 3459 prae·

108 3462 269 3543 terrerem,
292 3478 369 3541 psas
388 3461 423 3521 irs
447 3461 568 3524 Cerere
590 3462 751 3522 constituta
771 3470 850 3531 sest,
873 3460 1060 3539 adiungens:

109 3546 220 3609 Verum
248 3562 283 3605 ea
298 3544 480 3625 praesertim
512 3544 586 3604 hora
602 3541 881 3626 profundissimas,
906 3552 1062 3622 tamquam

106 3644 144 3689 sm
174 3627 289 3688 intimis
317 3624 438 3707 pietatis
469 3623 629 3687 marmiae
659 3624 827 3706 lachrymas
844 3622 1058 3707 profundebat.
