2517 4059
485 186 689 259 ⁴313&-

114 332 173 396 pot,
198 315 253 395 qni
267 312 366 375 lorum
388 312 549 377 adoraturi
563 324 720 379 acuerunt.
741 313 880 378 Nonnulli
895 318 999 380 Patres
1019 334 1067 379 as·

112 402 228 466 serunt,
253 395 376 457 Stellam
398 396 476 467 hanc
492 415 548 457 nou
571 398 663 459 luisse
685 416 847 477 exgenere
862 418 978 476 earum,
1001 400 1066 476 qui·

112 481 166 541 hus
188 477 294 540 Caelos
308 478 446 539 ridemus
461 484 594 548 ornatos,
618 479 670 541 sed
686 478 816 542 divinam
831 484 991 558 qnamdam
1008 482 1068 541 vir-

113 568 228 629 mrem‚·
248 578 325 638 quae
346 577 404 621 non
420 564 536 623 tantum
559 562 766 639 aspicientium
780 564 884 625 oculos
903 567 949 625 sui
971 562 1068 641 lulgo·

116 646 157 705 ris
194 642 287 703 radiis
315 641 502 711 illustraret,
531 642 583 703 sed
613 650 647 705 et
675 652 792 706 mentes
821 644 941 707 illorum
970 645 1069 707 divina

111 722 177 787 luce
195 722 402 803 perfunderet,
426 730 515 803 atque
537 724 575 785 ad
590 722 692 787 lesum
713 723 865 790 Christum
881 734 985 789 natum
1003 745 1067 804 per·

112 806 295 885 quirendum
317 807 479 875 excitaret,
503 808 546 869 uti
569 807 657 884 plene
678 808 807 871 hahetur
829 812 908 888 apud
929 809 1066 885 Cardine·

111 890 170 951 lem
186 888 352 949 Baronium
375 886 416 949 od
431 907 546 951 uncum
556 889 825 971 primomClnrirti
838 889 983 953 nnm3h.
1006 892 1066 955 De-

110 972 202 1050 nique
224 970 359 1031 nonnulli
375 974 487 1041 tenent,
497 988 572 1033 ‚eam
587 976 642 1031 aut
656 971 749 1035 luisse
762 973 883 1051 aliquod
899 979 1066 1033 meteorum

110 1054 146 1115 ah
169 1052 288 1130 Angelo
321 1051 514 1115 efformatum
542 1056 572 1115 in
595 1054 719 1115 modum
742 1062 773 1117 et
792 1056 925 1134 speciem
944 1054 1064 1125 stellae.

110 1134 224 1215 ingenti
239 1133 353 1195 lumine
375 1133 541 1211 pertusum,
565 1137 629 1212 ipso
649 1135 689 1197 ab
702 1136 817 1215 Angelo
836 1156 876 1201 ex
888 1134 1015 1199 Oriente
1036 1138 1066 1197 in

109 1214 306 1279 Occidentem
328 1220 444 1277 molum
472 1218 503 1277 in
525 1214 625 1281 modia
647 1220 725 1280 aeris
746 1220 893 1297 regione,
917 1227 951 1281 ut
971 1217 1067 1296 Magis

112 1302 246 1379 signaret
277 1300 361 1369 iter,
394 1298 431 1358 ad
464 1299 557 1361 instar
578 1297 742 1365 Columnae
774 1303 852 1380 ignis
880 1320 959 1379 quae
989 1298 1067 1365 lilios
1119 1362 1124 1370 ,

112 1380 206 1445 lsrael
223 1398 277 1459 per
294 1380 455 1441 Desertum
469 1380 616 1453 deduxit;
633 1381 681 1443 rel
696 1383 787 1444 luisse
802 1384 920 1447 stellam
937 1384 974 1443 de
990 1402 1067 1447 nono

112 1468 258 1533 creatam,
281 1481 340 1522 non
356 1461 386 1519 in
401 1461 499 1532 coelo.
521 1463 626 1525 sedin
641 1482 712 1525 aere
732 1466 831 1527 ricino
852 1471 965 1536 terrae,
987 1483 1066 1541 queo

112 1544 278 1607 secundum
300 1544 432 1604 divinam
455 1544 641 1607 volunlatem
662 1546 862 1615 movebatur.
886 1548 929 1609 uti
952 1549 1068 1627 perspi·
1156 1557 1159 1561 ‘

110 1644 164 1691 oue
195 1626 284 1686 docet
313 1622 407 1686 Divus
428 1624 560 1689 Thomas
596 1624 622 1685 3
640 1637 725 1709 port.
748 1638 861 1708 quaest
887 1626 933 1688 56
965 1630 1067 1699 ΜΗ

113 1711 161 1771 cui
178 1708 326 1769 adhaeret
346 1712 461 1775 auctor,
478 1708 548 1770 licet
569 1709 782 1778 heterodoxus,
805 1706 978 1773 Fridericus
992 1710 1067 1792 Spa·

112 1791 253 1853 nhemius
267 1788 302 1850 in
316 1787 423 1851 Dubiis
438 1787 720 1870 occupationum.
736 1792 776 1851 27
791 1790 930 1870 ΜΝ
946 1792 1064 1855 num.8.

113 1868 275 1951 Keplerus‚
300 1869 406 1951 Tycho
427 1872 539 1945 etalii,
564 1874 614 1951 qui
636 1872 698 1934 solo
720 1872 815 1935 ductu
836 1874 960 1936 nationis
982 1878 1067 1936 natu·

112 1957 184 2018 ralis
212 1955 251 2015 de
271 1954 422 2033 praedicta
450 1954 537 2015 stella
568 1955 661 2017 locuti
682 1958 777 2020 sunt.
805 1954 975 2019 docuerunt
998 1973 1068 2019 eam

111 2055 171 2099 non
192 2036 284 2097 luisse
300 2052 344 2095 ex
364 2036 494 2113 antiquis
522 2034 615 2097 stellis
646 2036 984 2115 aprincipiocreatis.
1013 2038 1067 2100 sed

110 2119 228 2181 stellam
248 2115 450 2177 aDeomodo
472 2116 694 2196 supernaturali
714 2118 888 2181 formatam.
911 2116 1065 2195 Ennerba

110 2198 262 2282 Tychonls
282 2197 370 2261 Tum.
393 2196 409 2258 1
429 2196 701 2279 Proppmrrostuus:
723 2200 817 2262 Stella
845 2201 911 2271 illo,
937 2220 1012 2281 ptrue
1030 2204 1066 2266 tr

110 2281 237 2345 Oriente
253 2279 352 2358 Mapis
377 2298 396 2339 o
415 2283 536 2359 paruit,
559 2300 625 2344 non·
640 2292 704 2343 oret
725 2280 948 2345 dormientium
975 2291 1067 2344 ostro

110 2385 181 2425 rum
197 2381 304 2441 penore
315 2372 369 2423 etc.
404 2364 450 2423 uit
461 2363 560 2445 potins
569 2366 735 2443 peculiare,
748 2373 838 2445 otono
850 2364 1067 2439 admirandum

111 2446 167 2507 Doc'
194 2463 278 2524 opat.
312 2443 399 2516 Quod
428 2450 530 2505 aulem
563 2464 622 2505 uon
644 2463 773 2517 omnes,
806 2446 859 2524 qui
891 2450 920 2508 iu
941 2446 1066 2509 Oriente

15 2524 17 2547 ³
110 2528 231 2591 stellam
256 2526 336 2585 illam
359 2525 507 2601 viderant,
532 2526 567 2586 ad
584 2524 861 2607 lesumChristum
882 2530 1066 2592 adorandum

112 2628 178 2671 curn
202 2608 298 2685 Magis
313 2606 446 2683 ¹*proiecti
464 2610 533 2676 sint,
557 2608 623 2669 idco
644 2610 777 2688 contigit,
800 2612 872 2689 quia
889 2612 936 2686 vel
954 2616 1067 2691 myste·

112 2692 189 2755 rium
214 2708 273 2753 uon
296 2688 479 2766 capiebant,
509 2688 557 2751 vel
579 2690 645 2752 aliis
666 2691 786 2755 distenti
808 2694 886 2756 curis
919 2696 963 2757 iro
985 2694 1067 2755 nole·

112 2774 207 2845 hant,
241 2772 403 2833 ueletiam
435 2770 592 2848 Magorum
628 2775 759 2835 reditum
794 2776 1064 2853 praestolabantur.

111 2854 191 2933 Magi
213 2858 411 2916 vernonium
434 2852 596 2915 Salvatoris
627 2874 665 2915 cx
686 2858 769 2933 signo
792 2856 871 2917 illius
891 2859 995 2919 stellae
1017 2875 1067 2919 co·

113 2940 280 3015 gnovernnt
294 2952 332 2995 ex
353 2936 494 2996 vaticinio
510 2935 631 2997 Balaam
646 2936 747 2998 Num..
757 2932 831 3015 Cap.
847 2936 956 3002 XXIV
977 2957 1009 2999 v.
1027 2938 1068 2999 ta

119 3018 242 3083 Oriotnu
258 3017 342 3078 stello
359 3015 509 3087 ruissoli,
533 3016 621 3096 cujus
642 3018 776 3081 Balaami
799 3020 911 3093 posteri
933 3020 989 3097 ipsi
1004 3018 1069 3082 iue-

113 3118 156 3163 re.
180 3098 318 3161 Accessit
339 3100 490 3169 continua
503 3100 655 3179 majorum
677 3101 808 3168 traditio,
827 3105 863 3160 et
884 3100 955 3161 huic
975 3102 1067 3174 etiam

113 3182 271 3246 illustratio
285 3198 434 3259 superna3
458 3187 548 3259 prout
568 3200 640 3243 cum
653 3180 719 3243 aliis
732 3180 881 3260 Patribus,
903 3201 981 3262 quos
994 3182 1066 3243 Sua·

111 3283 159 3326 roz
180 3267 216 3325 ia
237 3264 260 3325 2
279 3272 365 3339 port.
388 3260 498 3343 disput,
521 3260 561 3325 ΙΙ
578 3264 655 3346 Stet.
680 3265 701 3325 5
720 3262 792 3332 etti
812 3265 899 3327 citat.
921 3263 1065 3339 Ceterum
1129 3269 1152 3305 '⁶

113 3346 185 3411 haec
200 3410 203 3417 ,
218 3344 305 3407 stella
327 3363 421 3421 prope
448 3342 694 3423 Hierosolymam
726 3364 758 3407 se
779 3348 874 3407 oculis
906 3347 1067 3425 Magorum

113 3428 263 3491 subtraxit
277 3446 284 3485 :
301 3426 431 3487 dimissis
445 3432 556 3489 aulem·
569 3428 606 3487 ah
622 3426 744 3490 Herode
758 3428 797 3488 ad
807 3426 958 3489 Christum
973 3446 1065 3505 quae·

114 3512 238 3573 rendum
262 3511 372 3573 iterum
393 3504 541 3587 apparuit,
560 3527 672 3587 eosque
693 3505 817 3571 adduxit
835 3511 873 3573 in.
888 3510 1062 3585 Bethleem

115 3594 235 3658 minime
258 3598 331 3655 vero
353 3590 476 3655 eosdem
506 3590 624 3671 reduxit
656 3594 686 3653 in
706 3590 875 3655 Orientem.
890 3591 997 3662 ..Plura
1027 3594 1064 3659 de
1108 3649 1117 3662 .
