2517 4059
562 187 767 260 *effimi-

182 338 243 397 quo
265 338 353 378 nemo
375 338 413 379 ex
427 309 563 378 Patribus
579 316 749 379 Hebraieae
765 318 884 396 linguae
907 318 1042 394 peritior.
1068 317 1141 398 Epi·

182 401 256 461 stole
281 399 339 459 tle
361 402 396 459 ad
424 400 582 459 llamasum
607 406 700 468 notat,
724 400 802 477 quod
827 417 883 457 vox
905 398 1061 469 Horonon,
1085 419 1142 462 seu

185 482 345 543 Hesionen
369 484 448 542 idem
471 487 573 541 33133
595 482 699 548 Salen,
723 500 839 561 3333333,
863 499 915 541 333
931 484 1059 541 3133333.
1082 482 1143 557 Qui

181 564 309 625 subinde
333 569 429 629 notat,
455 564 533 640 quod
557 564 633 623 haec
648 564 799 638 'precandi
821 563 951 623 iormula
973 562 1139 633 1133333333,

181 664 234 706 333
250 645 343 707 Soloe
356 664 473 724 quaeso,
494 664 602 722 graece
622 642 799 714 0113333133,
817 645 1047 706 familiarissima
1076 652 1143 706 3331

182 726 342 795 Hebraeis,
366 728 596 787 elereberrime
620 729 648 785 in
673 726 838 805 synagogis
865 728 1031 804 legebatur,
1048 733 1082 787 ut
1108 729 1140 787 13

181 806 302 871 Psalmo
318 810 388 868 117.
411 807 583 870 0113331333
605 811 722 869 sulcum
744 828 789 868 me
810 810 869 887 fac,
893 809 1140 869 oDorninebene

177 909 384 972 prosperare,
409 891 578 951 benedictus
612 892 666 969 qni
685 892 768 950 uenit
799 893 834 949 in
859 891 979 949 nemine
1001 891 1138 951 Domini.

180 972 259 1046 Quia
281 975 361 1035 enim
378 973 540 1033 credebant
557 974 647 1032 verba
665 972 739 1030 haec
757 974 863 1031 relcrri
879 974 916 1031 ad
934 974 1074 1032 Messiam
1091 990 1141 1032 re-

182 1056 374 1149 promissum,
399 1055 465 1114 ideo
487 1053 624 1113 omnibus
641 1054 687 1113 rel
710 1055 799 1113 etiam
823 1053 925 1128 pueris
948 1061 1136 1124 331333331,

181 1142 211 1197 31
233 1138 299 1196 ab'
293 1138 363 1211 ipsis
386 1136 664 1211 frequentabantur.
690 1133 772 1195 Unde
804 1132 837 1193 fii
861 1141 915 1199 ut,
944 1133 1101 1197 Christo‘
1094 1156 1139 1196 m·

181 1218 336 1295 gradiente
352 1216 622 1295 Hierosolymam,
647 1221 776 1282 333333ζ
799 1218 891 1275 eliam
915 1220 999 1295 pueri
1024 1226 1057 1277 ut
1086 1235 1141 1277 no-

180 1305 223 1360 131
245 1300 416 1360 Matthaeus
436 1297 510 1375 Cap.
533 1298 628 1360 XXI
635 1318 663 1357 v.
679 1296 728 1366 16,
752 1299 974 1359 conclamarent
988 1297 1139 1361 11333333

180 1380 240 1461 filio
264 1380 380 1450 David,
404 1399 475 1440 eum
498 1381 596 1440 divino
620 1380 760 1439 instinctu
782 1379 921 1439 Messiam
953 1383 1138 1457 promissum

181 1463 396 1539 praedicantes.
420 1461 508 1521 Notat
523 1464 613 1522 etiem
636 1460 800 1528 lansenius,
824 1462 903 1537 quod
925 1462 976 1521 illa
1001 1460 1137 1521 333113-

179 1562 276 1604 senno
301 1563 355 1604 seu
381 1544 464 1603 33133
486 1562 614 1621 333333,
641 1551 822 1621 333333133
846 1545 971 1621 populo.
995 1552 1062 1603 313
1084 1544 1138 1603 ln-

180 1626 313 1701 scipulis,
333 1624 388 1687 iuit
411 1644 467 1684 nox
484 1626 681 1684 exultantium
705 1632 735 1685 et
751 1627 827 1686 bene
844 1628 1031 1701 precantium
1045 1624 1139 1689 Chri·

181 1715 238 1771 sto,
262 1710 347 1783 nursi
370 1707 512 1765 dicerent:
535 1705 636 1773 Solea,
662 1725 778 1785 qneeso,
797 1708 934 1775 Domine,
952 1706 1062 1783 11333333
1083 1726 1140 1767 no·
1164 1756 1169 1763 .

180 1800 286 1853 313333,
302 1808 358 1849 seu
381 1790 451 1848 bene
472 1791 499 1848 ri
509 1807 699 1869 prosperare,
713 1790 832 1848 velut'
810 1807 834 1847 sr
851 1788 932 1868 Rege
947 1790 1137 1858 adveniente,

179 1868 1136 1967 11331333313331333111333Ρ3333333,333333,0333133113·

178 1973 253 2031 33333.
287 1949 371 2012 Unde
394 1953 558 2011 addebant:
581 1951 762 2011 Benedictus
784 1953 836 2029 qni
848 1943 936 2013 eenit
957 1952 993 2011 in
1014 1954 1136 2013 nornine

178 2034 312 2101 Domini,
331 2035 416 2101 idest,
431 2036 481 2108 qui
499 2035 579 2094 veuit
602 2034 710 2093 missus
725 2051 782 2092 nou
799 2050 815 2090 a
831 2052 873 2101 sc,
891 2035 941 2096 sed
959 2053 973 2091 a
993 2034 1134 2092 Domino.

177 2114 268 2175 Hisce
292 2116 382 2189 igitur
406 2116 559 2190 plausibus
582 2117 743 2176 comitatus
758 2113 896 2174 Christus
920 2134 1004 2175 more
1026 2116 1133 2175 trium-

176 2197 296 2273 phautis
311 2194 404 2255 Hiero
407 2196 577 2274 solymam
571 2214 721 2273 ingressus
735 2202 792 2265 cst,
804 2196 893 2275 cujus
909 2196 1061 2273 triumphi
1071 2198 1135 2257 exi·

177 2286 240 2338 tum
257 2279 296 2337 ita
314 2276 484 2337 Matthaeus
500 2283 619 2337 enarrat
633 2274 705 2354 Cap.
725 2276 802 2337 xxi
826 2296 855 2335 v
870 2280 921 2339 lb.
940 2276 979 2337 Et
994 2297 1062 2337 enm
1082 2280 1133 2338 in·

177 2367 284 2419 1333331
298 2358 537 2438 Hierosolymam
554 2371 700 2419 commotu
723 2368 765 2418 est
779 2359 921 2419 33133333
942 2360 1070 2425 Ciuitas,
1084 2359 1136 2419 di·
1123 2386 1149 2425 ··.

174 2459 250 2501 cens:
279 2439 355 2517 Quis
378 2451 419 2503 est
442 2442 519 2502 bic?
541 2439 649 2519 Populi
671 2450 771 2500 331333
793 2442 926 2534 3331333313
931 2439 1000 2499 Hie
1022 2449 1063 2500 331
1088 2436 1135 2501 le·

175 2543 223 2583 333
240 2520 392 2600 Propheta
415 2522 602 2583 eNezeretlr
628 2519 774 2583 Gelileue.
794 2520 833 2581 m
856 2523 981 2583 intrauit
1003 2521 1136 2582 1333313

179 2602 328 2681 Templum
350 2604 429 2675 Dei,
455 2614 481 2664 31
504 2604 638 2685 ejiciebat
660 2620 760 2663 omnes
782 2604 935 2664 uendentes
958 2614 986 2663 31
1008 2614 1134 2663 ementes

172 2690 207 2747 in
233 2684 356 2765 Templo.
381 2684 450 2745 Huc
473 2687 596 2763 plausus
618 2693 649 2745 et
680 2686 909 2745 acclamationes
931 2688 1058 2745 desiere.
1082 2684 1133 2748 ln-

173 2786 293 2847 gressus
315 2786 388 2845 ergo
411 2766 494 2828 lesus
517 2768 762 2845 'Hierosolymam
797 2768 973 2843 triumphali
996 2784 1105 2845 pompa
1119 2814 1130 2839 ‚,

173 2851 273 2912 statim
297 2852 442 2926 perrexit,
468 2868 524 2909 uon
548 2851 576 2907 13
593 2867 695 2909 arcem
718 2849 804 2915 Sion,
828 2852 910 2923 quasi
934 2851 1045 2927 Regem
1068 2866 1137 2909 eac·

173 2934 232 2997 culi
254 2937 381 3009 ageret,
406 2932 457 2993 sed
482 2934 510 2991 in
531 2930 796 3009 TemplumDei,
832 2932 868 2988 ad
880 2931 979 3009 ouius
1001 2934 1133 3007 gloriam

174 3022 300 3075 1333331
322 3014 571 3109 promovendam,
594 3028 725 3089 eumque
748 3010 819 3071 illud
842 3012 965 3072 vidisset
987 3012 1137 3075 humanis

173 3098 363 3156 commerciis
392 3096 569 3173 profanari,
604 3095 668 3156 zelo
693 3092 745 3153 bei
776 3109 921 3154 accensus
948 3093 1136 3179 1313333311

174 3177 390 3257 profanatores.
562 3220 565 3222 -
616 3232 619 3237 .
663 3241 687 3283 4
