2517 4059
537 188 680 263 muti
702 196 761 259 i&-

171 334 270 377 omen.
295 315 397 379 Codex
418 317 573 387 Titianus,
595 319 632 378 ab
648 319 758 378 Zonam
774 336 781 375 t
799 316 945 384 Domine,
962 315 1080 393 ucmnpe
1093 317 1128 374 in

170 417 218 457 me
239 398 404 482 custodiam
425 402 535 460 mentis
556 418 660 468 mene,
685 420 737 459 nec
760 399 825 479 ipsa
846 417 927 458 mcrts
955 398 1128 479 inflectatur

170 480 283 558 spiritu
304 482 450 541 clationis.
473 483 507 542 ln
530 482 677 543 hodierna
701 484 928 559 praeparatione
951 480 987 539 ad
1010 474 1128 538 Pontifi-

172 562 268 621 oaiom
290 561 414 623 Missam
437 565 582 624 retinetur
599 566 674 625 iraec
689 564 804 623 oratio:
825 562 981 638 i’roccinpe
995 578 1050 627 mc,
1069 560 1130 620 Do-

172 642 252 701 mine
277 643 407 722 Cinpuio
419 645 586 723 puritatis,
611 657 638 706 et
661 645 802 721 tacitoque
817 643 851 703 in
865 645 972 703 tumbis
987 643 1057 700 meis
1072 642 1127 699 bu·

171 741 283 784 morem
305 726 463 795 libidinis,
485 738 520 787 ut
543 740 663 788 moneat
685 728 719 787 in
741 744 785 785 me
808 726 903 785 isicius
926 724 1128 782 continentiae

173 816 199 865 tt
221 809 378 869 castitatis.
402 808 579 869 Communis
601 816 646 869 cst
669 810 742 868 traco
765 806 870 867 Oratio
892 806 1000 865 ceteris
1023 803 1128 863 Sacer·
1170 876 1173 881 Ι

172 886 313 1025 dapibus,
337 895 368 949 et
390 892 510 965 ponitur
532 891 570 950 ab
592 891 718 951 ,biberto
740 888 907 949 Casiciiauo
923 888 951 945 iu
971 882 1056 944 Libro
1072 884 1127 946 So·

172 986 220 1029 cer
242 969 327 1029 otoii.

214 1048 269 1110 itt.
293 1050 464 1129 iiauipuius
494 1054 670 1130 posterioris
702 1051 766 1111 aevi
800 1049 1035 1110 additamentum
1059 1050 1125 1113 ast,

173 1149 269 1207 usqua
293 1135 321 1190 iu
343 1135 473 1211 antiquis
487 1134 656 1194 Rituaiibus
672 1137 947 1194 commemoratur.
966 1146 1019 1189 uec
1035 1146 1050 1187 a
1067 1127 1127 1205 pri·

172 1212 227 1272 scis
243 1210 381 1274 Patribus
403 1217 480 1275 iuter
501 1234 601 1275 sacras
617 1223 715 1275 vestas
732 1220 914 1274 recensetur.
934 1210 1008 1271 Erat
1022 1217 1124 1271 autam

173 1292 262 1353 iintea
285 1297 411 1366 sindon,
435 1298 499 1358 sive
523 1298 665 1374 mappula
688 1294 812 1355 brachio
840 1297 958 1353 sinistro
980 1293 1120 1369 aiiigata‚

172 1393 230 1451 qua
253 1378 344 1435 sudor
366 1385 398 1437 ct
418 1380 521 1439 sordes
544 1379 814 1456 abstergebauiur,
839 1384 871 1435 ut
893 1376 933 1434 iiii
950 1375 1058 1451 passim
1082 1379 1126 1431 ta-

171 1463 300 1526 stautur,
314 1460 363 1533 qui
379 1459 416 1517 de
426 1457 541 1519 Divinis
552 1459 666 1519 Officiis
690 1464 831 1519 tractatus
846 1458 1012 1518 adiiciunt.
1031 1454 1124 1513 ,ima-

172 1539 266 1598 iarius
289 1541 352 1599 itt.
379 1540 407 1601 ii
428 1538 499 1616 Cap.
517 1542 567 1601 ab:
586 1542 754 1614 sudarium
777 1537 816 1598 od
837 1541 886 1598 iroc
904 1548 1067 1618 portamur,
1092 1545 1126 1595 ut

169 1637 201 1677 eo
223 1618 408 1698 decerpamus
429 1622 577 1683 sudorem.
595 1622 737 1683 Rabauus
753 1620 877 1680 Maurus
894 1620 959 1678 Lib.
983 1618 995 1677 i
1019 1618 1054 1675 do
1078 1618 1125 1675 in·

169 1700 321 1760 stitutione
347 1702 535 1765 Cicricorum
559 1706 636 1785 Cap.
658 1705 707 1765 18:
728 1702 879 1777 Quartum
895 1699 1063 1761 Sacerdotis
1077 1698 1126 1757 in·
1208 1748 1213 1760 .

171 1780 343 1843 iumentum
364 1788 509 1865 Moppoio
531 1788 589 1847 sine
610 1786 734 1845 montiis
758 1796 822 1853 est,
848 1782 926 1862 quod
955 1782 1042 1857 ouipo
1065 1774 1124 1837 Fo-

169 1882 275 1923 noncm
296 1879 413 1927 uocant.
439 1865 491 1927 Est
518 1874 619 1929 autem
642 1865 725 1927 Fano
756 1884 813 1924 vox
847 1865 1010 1929 saxonica,
1044 1878 1123 1935 quaa

172 1945 251 2003 idem
275 1947 353 2008 vaiet
374 1967 409 2007 ac
430 1947 640 2015 sudarioium,
664 1955 697 2009 ut
719 1947 806 2007 docet
819 1945 945 2006 Vossius
959 1943 1024 2003 Lib.
1044 1942 1071 2002 il
1086 1942 1123 2003 da

169 2027 248 2086 vitiis
271 2026 424 2089 Sermonis
444 2027 517 2107 Cap.
533 2033 564 2090 7.
581 2029 704 2107 Triplex
728 2030 842 2089 iauouis
864 2025 1039 2104 significatio
1061 2029 1121 2083 sia·
1155 2021 1159 2029 “

170 2108 297 2167 tuitura
314 2108 488 2170 Mabiiiouio
504 2115 532 2172 iu
550 2113 625 2171 uotis
640 2112 676 2172 ad
695 2113 784 2172 vitam
801 2111 832 2169 S.
851 2108 1036 2175 Wiboradae
1053 2104 1123 2166 Vir·

169 2190 246 2265 ginis
268 2198 300 2251 et
320 2191 486 2271 Martyris,
504 2195 600 2269 primo
617 2211 671 2271 pro
685 2194 790 2269 quavis
813 2191 950 2267 mappuia
967 2233 974 2255 ‚
991 2186 1123 2249 seeundo

170 2288 224 2347 pro
247 2277 333 2346 parte
357 2274 407 2333 iiia
430 2277 669 2344 memorastis,
694 2294 770 2351 quaa
794 2274 961 2349 manipulus
983 2275 1120 2335 vocatur,

170 2354 259 2413 tertio
283 2372 337 2429 pro
359 2356 520 2432 corporali.
545 2356 638 2416 iisuur
664 2356 846 2433 mappulae,
872 2372 925 2413 seu
954 2352 1120 2429 manipuli,

170 2430 324 2495 Ecciesiaa
346 2436 499 2496 Romanae
534 2439 688 2515 proprium
720 2438 831 2504 tuisse,
856 2437 974 2511 scripsit
995 2434 1121 2493 Sanctus

169 2513 334 2592 Gregorius
362 2518 487 2577 ioirauui
510 2519 750 2597 Accitispiscopo
778 2516 968 2584 Ravennati,
1002 2514 1068 2573 Lib.
1091 2512 1120 2573 li

168 2594 301 2672 Epistoia
325 2598 405 2661 btv,
430 2600 557 2660 iiuravit
578 2607 679 2661 autem
703 2601 752 2660 hic
777 2599 961 2677 mappulae,
986 2599 1048 2657 siva
1070 2613 1120 2654 su·

168 2678 242 2739 darii
266 2678 347 2739 iintei
371 2700 465 2750 usus,
488 2682 584 2742 doueo
608 2683 637 2740 iu
660 2683 759 2743 iocum
776 2680 841 2758 ujus
857 2677 1036 2754 Manipuius,
1061 2694 1118 2736 uon

167 2762 205 2821 ad
230 2762 388 2835 tergendas
410 2763 534 2834 sordes,
551 2763 601 2822 seri
618 2764 654 2822 ad
672 2769 808 2823 ornatum
833 2760 978 2821 striicotus
995 2767 1051 2828 est,
1067 2760 1120 2833 qui

100 2878 106 2885 ·
168 2848 325 2919 propterca
347 2840 413 2921 ejus
435 2850 578 2905 materiae
593 2850 624 2903 et
642 2851 778 2905 texturae
800 2850 865 2905 est,
890 2860 926 2901 ex
949 2859 1008 2917 qua
1024 2841 1117 2905 Stoia·

168 2932 197 2985 ot
214 2922 335 2984 manen
350 2924 414 2984 ireri
430 2928 537 2986 soient.
554 2926 643 2986 Hanc
658 2943 731 2985 vero
748 2926 943 2986 mutationem
959 2922 1119 2998 Mappuiae

167 3006 195 3064 in
217 3004 404 3082 Manipuium
428 3008 547 3067 saecuto
570 3026 648 3067 nono
670 3006 779 3066 iactam
810 3022 874 3065 asso
902 3020 985 3063 sacra
1015 3020 1119 3061 mouu-

167 3093 266 3159 menta
290 3089 460 3147 ostendunt.
478 3086 558 3148 0iim
581 3095 614 3149 ut
637 3093 763 3165 apparet
783 3106 818 3147 er
836 3086 966 3161 antiquis
983 3084 1117 3163 piciupis

166 3168 234 3247 ejus
258 3167 354 3227 torma
377 3168 492 3245 longior
513 3175 579 3229 erat
601 3178 631 3232 et
652 3172 804 3241 strictior,
828 3170 878 3226 vix
900 3168 974 3226 duos
998 3166 1119 3243 poiiioes

164 3248 323 3310 excitans.

149 3396 162 3417 .
205 3328 257 3394 iV.
282 3329 435 3407 Manipuio
463 3338 564 3393 nostro
593 3332 754 3408 respomict
786 3331 864 3406 apud
895 3328 1026 3391 Graecos
1048 3324 1120 3405 Epi·

164 3413 336 3480 mammon,
366 3413 485 3487 dequo
517 3414 578 3491 agit
599 3414 681 3475 Goar
714 3416 742 3472 in
767 3415 842 3472 notis
874 3412 910 3471 ad
941 3412 971 3471 S.
999 3409 1119 3468 ioannis

164 3491 371 3571 Chrysostomi
394 3492 559 3572 Litucgiam
589 3515 619 3554 n.
647 3496 697 3559 ta.
723 3494 844 3555 Duobus
866 3511 938 3553 vcro
959 3490 1065 3551 Gracci
1088 3498 1120 3551 ct

164 3574 331 3635 Maronitas
350 3575 679 3662 utuuiurbiauipuiis‚
698 3594 827 3654 quorum
852 3575 984 3652 siuguios
1006 3574 1042 3633 ad
1058 3574 1119 3632 siu·
