2517 4059
492 206 713 277 *Milite-

124 337 275 399 Ordiuum
291 335 456 414 Religiosos
468 338 496 395 in
513 337 658 398 humeros
680 334 865 413 rejiciebant.
882 334 1009 408 Quando
1020 344 1077 396 au·
1192 317 1197 325 “

122 426 188 482 tem
203 419 324 481 Birreti,
340 436 393 478 seu
410 419 555 495 quadrati·
568 420 638 495 pilei
662 436 733 479 usus
748 418 827 495 apud
844 414 965 477 Clarum
983 419 1010 477 in
1023 416 1075 478 Eo-

122 504 228 571 elesia,
251 506 284 561 et
303 505 389 563 extra
411 500 516 561 Altare
537 519 593 578 uro
614 502 767 561 communi
790 499 894 575 capitis
909 500 1078 576 operimen-

122 590 167 654 to,
180 586 311 659 itemque
330 581 410 656 apud
426 579 580 643 Ecclesiae
601 582 753 643 ministros
769 581 804 641 ad
821 598 940 641 sacrum
957 582 1075 659 aliquod

121 666 301 727 exercitium
316 664 451 725 adhiberi
467 666 610 741 eoeperit,
628 665 844 739 incompertum
861 662 999 723 est.lllnd
1017 682 1075 723 non

121 755 171 809 est
201 746 477 826 praetereundum,
501 746 617 825 pileolis
639 763 708 805 usos
735 763 801 805 esse
830 746 994 820 antiquitus
1017 744 1074 805 Ec-

121 830 305 891 clesiasticos
327 827 408 889 viros
431 829 459 886 in
483 830 605 888 modum
628 825 783 893 Camauri,
807 844 935 903 quorum
959 823 1071 904 figuras

122 913 154 971 in
177 912 311 986 pluribus
334 909 454 987 templis
474 909 590 971 Romae
612 910 773 969 observare
796 906 874 969 lieet.

164 993 203 1054 ll.
229 993 380 1051 Birretum
402 1004 513 1067 porros
537 992 614 1067 qnod
639 1009 716 1053 nuno
738 991 940 1066 quadratum,
965 991 1002 1049 ab
1019 990 1073 1049 ori-

122 1074 192 1151 gine
214 1073 374 1135 rotundum
397 1079 474 1133 erat.
491 1073 568 1135 Galli
591 1074 680 1152 vulgo
696 1073 862 1134 Bonnetum
884 1072 1074 1149 appellarunt

122 1174 281 1232 apanno,
305 1173 342 1215 ex
365 1172 425 1229 quo
457 1154 625 1216 conficitur.
649 1156 793 1215 Processu
827 1154 970 1232 temporis
991 1172 1008 1213 e
1030 1170 1074 1213 ro·

121 1240 215 1298 tundo
236 1239 265 1297 in
286 1236 466 1313 quadratum
489 1239 606 1306 evasit,
624 1239 665 1298 uti
688 1243 719 1296 et
741 1255 817 1296 nuria
833 1240 950 1314 gestant
964 1223 1073 1299 Clerici

122 1317 288 1385 Germani,
310 1316 409 1385 Galli,
440 1326 472 1380 et
492 1317 632 1395 Hispani.
656 1318 716 1379 Soli
740 1317 804 1377 itali
838 1336 897 1378 uno
924 1318 1072 1377 submisso

121 1403 257 1479 angulo,
280 1405 342 1460 tres
375 1401 507 1477 reliquos
537 1402 574 1462 ad
597 1402 741 1461 bonorem
765 1398 816 1461 SS.
841 1400 995 1460 Trinitatis
1018 1401 1074 1460 ele-

121 1489 213 1548 vant,
236 1490 267 1542 et
288 1482 483 1544 nihilominus
504 1482 619 1561 species
641 1500 676 1543 ac
692 1480 787 1561 ligura
805 1482 904 1541 criseis
919 1485 1071 1542 servatur.

119 1562 187 1625 lloo
209 1564 355 1626 Clericale
376 1566 482 1641 capitis
504 1571 711 1643 tegumentum
734 1564 901 1625 violaceum
924 1568 999 1631 erat,
1017 1562 1074 1624 init

120 1653 223 1723 postea
246 1644 328 1730 opion
350 1646 445 1723 niger.

481 1808 607 1870 CAPUT
628 1807 713 1870 Vlll.

297 1985 339 2032 aa
361 1988 531 2034 canonieus
554 1988 716 2033 saansaan
739 1986 888 2031 vesanum.

161 2134 187 2193 l.
211 2132 368 2195 Coloribus
384 2153 537 2197 sacrorum
561 2135 816 2203 indumentorum,
834 2132 944 2210 quibus
966 2150 1003 2193 ex
1018 2150 1068 2195 ve-

121 2218 287 2277 tustissimo
314 2219 373 2277 ritu
395 2217 530 2279 Romana
553 2214 687 2280 Ecclesia
711 2217 817 2283 utitur,
842 2234 879 2276 ex
901 2232 959 2291 qua
980 2215 1070 2276 etiam

121 2298 140 2356 ii
167 2298 292 2359 colores
312 2299 347 2359 ad
374 2308 489 2362 ceteras
513 2297 688 2360 Occidentis
713 2296 862 2358 Ecclesiae
889 2303 1069 2365 manarunt,

120 2380 306 2458 potissimum
334 2387 428 2449 sunt,
463 2382 630 2451 nimirum,
664 2380 774 2449 albus,
806 2380 943 2447 rubeus,
979 2379 1070 2437 viola-

118 2480 216 2529 ceus,
240 2462 370 2528 viridis,
398 2471 429 2524 et
452 2466 545 2541 niger.
569 2461 609 2523 Ut
634 2479 738 2523 omnes
760 2468 893 2527 norunt,
923 2466 953 2519 et
980 2460 1070 2521 usita-

119 2544 177 2605 tior
199 2544 228 2602 in
244 2544 352 2604 divinis
374 2546 526 2623 mysteriis
548 2551 594 2606 est
616 2546 703 2605 albus
724 2544 819 2613 color,
844 2542 980 2601 Totidem
1003 2559 1070 2603 enu-

119 2631 218 2686 merat
239 2626 357 2685 colores
378 2626 569 2689 Innocentius
592 2626 635 2688 lll
658 2626 722 2685 Lib.
748 2624 760 2684 l
782 2622 911 2703 Caniib
933 2624 1070 2699 quamvis

118 2707 238 2783 nigrtrm
260 2708 441 2769 contundere
457 2708 597 2768 videatur
617 2725 687 2768 cum
709 2706 856 2767 violaceo.
881 2705 969 2765 (Jolor
983 2706 1070 2767 albus

117 2789 147 2847 in
170 2807 204 2848 re
226 2788 324 2868 divina
347 2796 534 2851 memoratur
556 2806 613 2848 non
637 2790 729 2849 semel
747 2806 761 2845 a
779 2786 809 2847 S.
828 2786 1017 2861 Hieronymo
1039 2790 1069 2847 in

116 2869 218 2930 Libris
240 2869 385 2933 aduersas
399 2871 586 2951 Peleoianos,
611 2881 639 2930 et
657 2871 866 2929 commentario
887 2870 921 2926 ia
937 2866 1070 2928 Ezechie-

118 2953 189 3020 lem,
214 2952 286 3013 item
309 2971 326 3012 a
349 2953 379 3013 S.
404 2952 549 3032 Gregorio
572 2952 740 3012 Turonensi
763 2953 797 3008 ia
811 2948 948 3009 Historia
973 2948 1070 3011 Frau-

118 3049 241 3094 coram:
268 3033 328 3096 Cui
351 3033 492 3115 (Sidonio)
517 3034 707 3100 adsistebant,
733 3032 839 3107 inquit,
863 3031 949 3091 mulli
964 3033 1070 3093 Sacer-

117 3114 220 3175 dorem
235 3118 270 3176 ia
284 3117 358 3177 albis
371 3118 518 3178 uestibus:
533 3122 564 3177 et
588 3118 615 3174 in
631 3113 720 3175 Libro
745 3113 779 3172 de
797 3110 903 3175 Gloria
922 3114 1070 3192 Confessa-

117 3216 199 3264 ram,
225 3198 274 3256 nbi
297 3214 397 3258 serino
419 3205 466 3260 est
487 3199 523 3259 de
537 3197 727 3258 dedicatione
751 3195 880 3256 oratorii
895 3195 943 3254 aui
956 3214 963 3253 ε
991 3195 1070 3257 Erat

117 3287 219 3339 ocrem
239 3276 447 3345 Sacerdotem,
474 3301 510 3342 ac
524 3278 698 3341 levitarum
724 3282 758 3339 ia
772 3279 847 3337 albis
862 3278 987 3339 uestibus
1007 3299 1069 3338 aaa

116 3360 259 3422 minimas
274 3362 391 3421 caurus.
408 3361 567 3434 Praeterea
591 3361 621 3422 S.
646 3362 780 3422 isidorus
795 3362 829 3421 in
844 3356 929 3436 Orio.
946 3359 1068 3421 Lib.lX

116 3440 189 3516 Can.
202 3440 244 3501 22
264 3444 477 3506 sacerdotalem
495 3451 609 3505 vestem
625 3448 843 3503 commemorat
864 3442 979 3511 albam,
997 3462 1067 3503 cnm

117 3524 295 3598 quibusdam
318 3526 426 3586 institis
448 3528 535 3587 rubei
550 3524 669 3588 coloris.
693 3527 720 3584 A
742 3522 866 3584 Graecis
891 3541 964 3584 vero
987 3526 1069 3586 color

116 3605 203 3667 albus
223 3620 341 3683 anepos
356 3613 403 3668 ast
424 3610 609 3687 appellatum
635 3607 671 3668 de
694 3624 753 3683 quo
776 3606 867 3667 mulla
884 3606 1000 3667 disserit
1020 3608 1067 3665 air
