2517 4059
524 180 767 262 ¹eublfclllldfflo

171 331 244 392 pore
267 321 370 370 cutem
398 310 450 367 illo
479 320 632 386 consurqet
661 308 789 371 Miclrucl
812 308 954 388 Princeps
980 327 1140 392 nuquam,

176 395 231 473 qni
251 401 385 472 scalpro
406 389 478 470 filiis
495 393 604 468 populi
624 394 693 451 tui:
720 393 829 469 quibus
856 393 954 452 verbis
981 396 1065 457 clare
1089 397 1144 454 dia

177 475 332 553 guuscitur
355 475 597 548 praenuntiatum
616 491 755 546 praesens
771 476 1011 551 potentissimum
1028 477 1060 538 S.
1080 477 1136 538 ldi-

176 557 292 618 chaelis
308 553 490 630 Archangeli
508 555 718 628 patrocinium,
742 561 773 615 el
787 555 974 633 adjutorium
990 575 1062 635 erga
1080 544 1148 619 Ec?

175 639 298 699 clesiam
330 638 383 696 Ilei
406 635 591 694 Catholicam
620 637 650 694 in
679 639 769 697 terris
798 637 973 697 militantem
1003 643 1043 700 ab
1067 643 1145 719 ipso

175 723 366 798 praestitum.
390 717 523 784 Accedit,
549 734 584 775 ac
602 721 733 792 pressius
753 726 861 794 urget,
884 719 963 794 quod
984 721 1012 780 in
1030 723 1139 783 Missis

174 800 395 862 Deluuclorum
418 800 523 859 eadem
548 797 657 859 Sancta
672 801 769 860 blaler
784 801 917 860 Ecclesia
941 803 984 860 sic
1000 822 1055 879 pro
1072 802 1136 864 illis

175 885 273 944 Deum
298 889 383 956 rogat
411 881 446 939 ad
470 880 693 941 Olleclorium:
724 879 829 941 Libera
857 882 976 940 unimus
999 888 1141 945 omnium
1241 939 1246 949 .

176 963 327 1025 Fidelium
351 955 569 1037 Desunclorum
593 961 628 1020 ds
647 964 750 1041 poenis
772 965 886 1042 inferni
910 1008 1057 1026 .....
1081 965 1141 1040 sed

177 1047 313 1124 Siquiser
327 1043 456 1104 Sanetus
472 1041 600 1104 Micbuel
621 1053 822 1125 repraesentet
838 1063 887 1105 eus
901 1050 935 1105 in
948 1045 1047 1107 lucem
1062 1067 1139 1108 scn-

177 1141 266 1188 ctom.
292 1126 362 1185 lure
385 1143 478 1202 ergo,
504 1126 611 1200 etipsa
636 1128 749 1200 pariter
771 1128 881 1202 polerit
902 1126 1048 1189 Dominus
1064 1148 1133 1190 exo-

175 1225 244 1269 rare
260 1215 293 1268 ut
310 1221 363 1283 per
378 1206 623 1267 intercessionem
648 1206 783 1284 ejusdem
799 1206 831 1267 S.
850 1208 1007 1270 Michaelis
1028 1211 1133 1289 digne-

177 1298 226 1352 tur
249 1291 402 1349 iuceusum
426 1289 614 1354 benedicere,
640 1299 671 1348 et
685 1290 714 1346 in
738 1289 862 1348 odorem
885 1293 1135 1354 suavitatisacciss

177 1389 262 1451 pere.
291 1369 349 1429 Per
372 1371 471 1430 crucis
494 1371 609 1446 signum
633 1387 724 1446 super
745 1371 837 1431 tbure
863 1371 1010 1432 Sacerdos
1032 1377 1127 1452 petit,

178 1458 212 1515 ul
234 1452 308 1512 illud
331 1451 550 1520 benedicatur,
579 1459 609 1513 et
631 1453 762 1513 evadens
787 1451 853 1513 Ileo
874 1455 972 1514 chara
990 1473 1060 1526 res,
1089 1458 1130 1515 ei-

177 1535 305 1612 demque
328 1531 442 1604 Sacca;
466 1534 545 1610 quod
569 1539 604 1612 ul
625 1537 738 1603 totius,
763 1536 933 1610 certiusque
955 1539 1127 1616 conlingat,

177 1615 256 1679 Crux
280 1617 482 1685 efformatum
513 1615 592 1692 quod
615 1633 723 1692 nempe
745 1616 782 1675 ad
805 1615 948 1676 beneficia
971 1619 1130 1680 obtinenda

178 1706 355 1760 consuetum
379 1698 464 1757 nobis
488 1695 658 1774 perfugium
681 1706 737 1756 est.
762 1696 869 1776 Neque
889 1717 961 1759 vero
984 1700 1012 1758 id
1035 1720 1129 1762 uuum

137 1842 141 1849 ,
179 1784 331 1858 petimus,
356 1788 428 1839 uta
452 1777 514 1838 Deo
538 1779 608 1840 thus
633 1780 818 1857 accipiatur,
843 1781 895 1840 sed
918 1788 1077 1857 praeterea
1099 1790 1132 1844 ut

177 1865 250 1926 illud
267 1864 348 1922 Deus
364 1866 505 1937 tauquam
522 1861 621 1920 suavis
637 1863 736 1920 odoris
751 1861 952 1922 suffimentum
975 1867 1128 1944 suscipiat,

179 1945 270 2024 cujus
293 1944 335 2002 rei
358 1959 446 2002 cerasa
477 1942 727 2020 subsequentibus
754 1943 855 2003 verbis
877 1944 1025 2017 affertur,
1053 1965 1130 2024 quae

178 2028 250 2088 dum
265 2025 416 2084 Oblationi
439 2023 508 2083 llrus
529 2024 811 2098 adolet,‚Sacerdos
827 2026 945 2086 recitat:
969 2025 1129 2089 Incensura

178 2108 260 2169 istud
283 2126 301 2165 a
324 2116 351 2166 te
374 2105 557 2166 benedictum
580 2105 720 2166 ascendut
742 2105 783 2165 ud
804 2116 846 2171 te,
872 2107 1010 2171 Domine.
1035 2121 1062 2170 et
1084 2109 1132 2170 de-

178 2190 299 2250 scendat
313 2205 402 2264 super
417 2205 470 2246 nos
485 2187 697 2247 misericordia
713 2198 777 2247 tua.
801 2188 947 2248 Sacerdos
970 2198 1129 2268 postquam

177 2271 326 2334 Oblationi
351 2269 422 2328 thus
436 2269 585 2332 adolevit,
609 2266 703 2329 bltari
720 2287 841 2346 quoque
858 2268 928 2330 illud
944 2272 1057 2338 adolet,
1082 2292 1130 2334 uo·

178 2356 224 2415 bis
246 2355 394 2416 innuens,
424 2349 594 2428 cujusmodi
623 2367 728 2428 preces
751 2357 869 2410 nostrae
890 2369 956 2413 esse
978 2353 1130 2426 debeant,

178 2437 249 2496 dum
273 2434 385 2494 scilicet
408 2429 477 2491 thus
500 2431 644 2500 adolens,
675 2430 783 2491 Psalmi
805 2431 887 2494 CXL
909 2434 1130 2512 subsequentes

178 2517 345 2578 versiculos
370 2514 500 2574 recitat:
531 2513 714 2590 Diriputur,
745 2513 894 2585 Domine,
924 2517 1021 2576 oratio
1042 2537 1133 2587 mco,

179 2601 255 2661 sicut
276 2599 431 2657 incensum
452 2595 487 2654 in
510 2606 667 2674 conspectu
687 2604 737 2656 tuo
758 2601 815 2655 etc.

534 2755 662 2817 CAPUT
683 2755 775 2816 XlX.

178 2943 220 2987 uu
241 2938 343 2985 rauce
369 2939 407 2982 ur
431 2937 563 2981 sucurre
585 2937 828 2988 uunrcrrsrrs,
861 2939 939 2983 usur
963 2940 1134 2985 seucum.

220 3022 331 3074 ceron,
355 3020 397 3064 un
413 3017 594 3062 susurrone
610 3017 764 3069 nanuuu,
788 3019 829 3062 sc
844 3021 888 3064 ue
902 3021 1063 3068 onacrouu
1079 3025 1132 3068 su·
1192 3083 1197 3096 .

224 3103 319 3149 serus
342 3101 460 3147 seuera
483 3099 649 3144 rnrurras.

220 3251 246 3311 l.
263 3249 411 3310 Sacerdos
426 3247 534 3308 iunctis
549 3261 641 3322 super
652 3246 766 3316 litare,
774 3247 921 3317 manibus,
939 3267 1052 3325 pronus
1068 3269 1130 3312 cor·

182 3349 273 3411 pore,
299 3332 371 3391 dicit
392 3336 451 3388 tam
468 3342 522 3388 suo
538 3343 628 3402 quam
646 3328 747 3406 populi
764 3329 883 3389 nomine
898 3337 1075 3404 sequentem
1090 3334 1143 3395 (b.

183 3415 328 3474 rationem
352 3429 370 3469 e
392 3409 557 3487 Scripturls
580 3409 726 3483 petitam:
752 3408 790 3468 In
810 3411 921 3490 spiritu
938 3412 1134 3480 tumetium,

183 3505 210 3556 et
230 3496 264 3554 in
286 3497 388 3553 animo
410 3493 535 3552 contrito
557 3491 758 3566 suscipiamur
780 3502 857 3560 ute,
881 3493 1026 3563 Domine,
1049 3505 1075 3554 et
1090 3497 1135 3557 sic

183 3576 235 3654 fiat
250 3575 441 3655 Sacrificium
464 3575 598 3632 nostrum
612 3572 647 3629 in
662 3581 814 3650 conspeetu
830 3583 883 3633 tuo
897 3573 994 3644 lodic,
1016 3586 1052 3636 ut
1062 3579 1134 3656 plu-
