2517 4059
439 184 665 254 aptitus·

88 309 268 370 elevationum
283 310 467 373 Sacrameuti
491 314 520 371 in
543 313 642 373 Missis
666 312 804 372 Privatis.
830 310 960 387 Epistola
981 326 1027 371 su·

89 392 168 451 mitur
188 411 223 452 ex
241 396 350 470 prima,
373 410 465 470 quam
488 395 609 471 scripsit
622 392 715 455 Divus
735 392 846 454 Paulus
869 396 904 453 ad
921 392 1025 453 Coriu-

87 472 164 542 tbios‚
187 492 244 550 qua
261 492 365 535 recens
387 476 551 553 baptizatos
566 484 677 543 monet,
700 479 734 534 ul
756 478 933 537 resuscitato
954 492 1024 535 cum

86 550 215 626 Cbristo,
250 556 321 617 nulli
352 558 394 617 rei
417 563 629 634 praeterquam
663 556 841 617 caelestibus
874 556 1022 618 studeant.

87 634 163 695 tecta
179 636 323 713 Epistola,
346 636 492 699 Sacerdos
512 640 592 700 canit
607 640 743 706 Alleluia,
767 656 844 715 quac
867 657 882 697 a
899 638 1026 714 Septua-

86 718 182 792 gesima
198 736 295 795 usque
311 720 348 777 ad
363 719 476 779 Pascba
491 720 654 787 omittitur,
681 726 838 795 propterea
855 721 931 796 qrrcd
950 724 1026 780 tem·

87 816 132 871 pus
151 800 219 859 illud
237 802 449 877 poeniteutiae,
474 803 613 869 moerori,
638 808 669 861 et
686 803 777 860 luctui
801 802 951 861 addictum
966 807 1022 860 est.

85 876 140 938 lluc
162 887 263 940 autem
287 884 335 942 die
358 882 491 943 Alleluia
513 889 691 946 revocatori
715 884 768 941 etsi
793 885 872 942 enirn
895 882 962 959 ejus
975 898 1025 939 vo-

84 961 119 1019 cis
138 979 191 1021 non
207 964 284 1023 alius
306 969 351 1023 est
372 982 478 1024 sensus
494 964 639 1033 litteralis,
663 982 753 1039 quam
778 964 897 1023 laudate
914 963 1026 1029 Deum,

84 1046 180 1113 tameu,
202 1046 226 1103 si
248 1044 318 1123 ejus
339 1049 492 1122 spectetur
508 1062 592 1114 usus,
616 1046 793 1105 exclamatio
817 1046 963 1121 quaedam
979 1050 1025 1102 est

27 1133 28 1144 ¹
84 1121 213 1194 laetitiae,
239 1132 273 1185 ut
288 1128 365 1184 idem
383 1127 446 1187 lere
461 1127 570 1192 valeat,
593 1128 674 1203 qrrod
692 1128 790 1186 valeat
813 1128 891 1204 apud
904 1124 1024 1184 Latinus

27 1225 28 1272 4
81 1204 214 1278 plaudite.
249 1206 283 1266 ln
306 1205 543 1284 Quadragesima
574 1225 696 1284 quicque
718 1208 869 1268 interdurn
902 1226 938 1268 ea
966 1223 1023 1265 vox

80 1286 278 1355 adhibebatur,
301 1306 391 1364 quam
415 1306 537 1365 prorsus
559 1290 672 1350 amovit
694 1287 859 1367 Gregorius
881 1289 1021 1363 Magnus,

84 1371 111 1425 ut
128 1375 205 1445 patet
225 1388 263 1431 ex
288 1367 421 1445 Epistola
443 1368 485 1429 tit
505 1371 542 1429 ad
565 1364 708 1430 loannem
731 1368 912 1447 Episcopum
936 1369 1026 1447 Syra·

83 1464 208 1510 cusanam
222 1452 365 1520 Alleluia,
390 1468 469 1526 qrrae
492 1452 621 1511 laetitiae
643 1470 702 1511 vox
725 1458 781 1519 est,
806 1452 932 1513 Tractus
953 1467 1023 1510 con-

83 1532 216 1605 sequitur,
240 1533 291 1607 qui
315 1533 426 1590 doloris
442 1532 559 1609 signum
576 1539 634 1593 est.
657 1534 854 1611 Evangelium
877 1534 1023 1610 exprimo

82 1607 329 1687 Evangetistarum
345 1613 498 1674 ltlatlbaeo
512 1610 703 1689 desumptum
720 1614 960 1675 flestrrrectiouis
975 1612 1023 1671 bi·

83 1694 189 1753 storiam
212 1696 366 1771 designat3
391 1712 446 1754 nec
467 1695 503 1753 ad
527 1694 725 1772 Evangelium
750 1696 915 1756 atteruntur
937 1692 1023 1753 luml-

83 1778 313 1844 cucumerum
337 1777 468 1837 nondum
491 1794 523 1836 se
546 1776 686 1838 Cbristus
709 1778 891 1838 reviviscens
907 1774 1024 1850 conspi·

82 1871 158 1915 cuum
181 1858 390 1933 praebuisset,
425 1858 515 1918 Fides
536 1859 647 1918 idcirco
679 1859 778 1919 adbuc
801 1863 867 1919 erat
891 1858 1020 1916 obscura

82 1933 153 2011 juata
175 1940 352 1999 Alcuinum.
386 1939 419 1998 lu
443 1940 533 1999 lllissa
556 1939 648 2018 hujus
669 1941 727 2000 dici
751 1959 808 2000 non
832 1938 940 1998 dicitur
972 1935 1024 1995 de·

27 2081 28 2088 ¹
53 2014 58 2022 '
84 2022 203 2090 precatio
225 2022 277 2079 itta
298 2037 376 2095 quae
397 2018 592 2081 Ollerlorium
615 2020 1021 2097 communiter'appellatur.

27 2137 28 2146 2
82 2095 168 2176 Hujus
188 2103 359 2161 omissionis
382 2103 526 2162 rationem
548 2106 731 2182 mysticam,
762 2122 800 2164 ex
823 2102 948 2163 Alcuino
971 2099 1023 2158 de-

80 2191 229 2257 sumptam,
255 2184 346 2243 alleri
365 2181 530 2247 Gavantus.
554 2186 694 2244 nimirum
717 2187 787 2261 qrria
803 2184 945 2245 Mulieres
967 2180 1022 2241 sub

80 2260 181 2323 silentio
202 2266 286 2325 ibant
307 2283 377 2335 cum
399 2267 585 2326 aromatibus
606 2266 643 2325 ad
668 2264 883 2343 Sepulchrum.
915 2263 1021 2325 Wala-

81 2339 160 2408 bidus
173 2347 283 2408 Strabo
305 2346 343 2406 de
358 2344 461 2407 liebus
476 2343 694 2408 Ecclesiasticis
715 2346 787 2425 Cap.
805 2346 845 2407 2⁶2
863 2350 1019 2422 postquam

81 2439 137 2483 cum
150 2427 280 2489 alcuino
295 2429 478 2505 praedictam
500 2432 646 2489 rationem
663 2430 820 2509 mysticam
836 2430 873 2488 de
890 2424 1020 2487 Sabbata

81 2502 189 2567 Sauctu:
214 2508 287 2571 Nou
305 2518 458 2570 'edamur
477 2508 627 2589 offerendo
646 2554 762 2573 .....
781 2508 821 2569 orl
845 2506 1022 2569 memorium

27 2645 28 2648 ,
80 2586 220 2651 reducitur
240 2590 442 2670 Sacrificium,
470 2610 523 2651 seu
546 2593 697 2652 silentium
721 2593 906 2652 Mulierum:
932 2586 1018 2667 ips'uc

27 2671 28 2696 ³
81 2668 146 2728 mm
173 2670 381 2733 tantummodo
413 2682 570 2751 capuentu
598 2672 794 2743 detuleruut5
827 2672 1021 2749 prosequitur

81 2747 193 2823 deiude,
227 2761 259 2814 et
281 2753 457 2830 assignando
478 2754 567 2813 aliam
591 2756 736 2814 rationem
759 2755 931 2819 literalem,
967 2765 1021 2809 cur

81 2827 128 2891 bac
147 2835 194 2893 die
216 2853 277 2895 non
300 2834 419 2895 dicatur
432 2834 628 2896 Offertorium
652 2838 709 2897 ait:
737 2834 814 2897 Cum
834 2852 901 2895 uere
917 2830 1021 2891 credu-

81 2928 135 2971 mus
143 2920 251 2995 priscis
271 2918 450 2994 temporibus
465 2914 574 2976 Patres
589 2915 713 2978 Suuetm
734 2916 852 2976 silentio
874 2912 1020 2979 obtulisse,

82 2994 118 3052 uel
147 2998 397 3065 communicasse,
434 2997 514 3077 quod
543 2999 633 3059 etium
660 3000 801 3059 lacteam
828 2999 864 3056 ia
894 2992 1021 3053 Sabbata
1083 3046 1087 3053 .

83 3072 178 3138 Suaeto
207 3079 337 3138 Pumice
366 3080 565 3141 observemus.
596 3080 681 3141 biens
709 3080 799 3154 igitur
829 3076 1020 3137 laudatorum

84 3151 236 3221 tactorum
258 3164 308 3219 est
323 3160 510 3237 antiquitus,
534 3160 606 3220 dum
635 3161 840 3221 offerebantur
862 3160 963 3225 dona,
991 3160 1022 3215 et

83 3231 179 3302 fiebant
199 3242 363 3302 oblationes
385 3239 543 3319 aPopulo‚
567 3240 641 3301 nibil
659 3240 778 3303 recitari
795 3242 893 3301 solere
915 3237 1020 3299 aCan·

50 3344 53 3350 ,
84 3320 194 3390 toribus,
205 3330 237 3383 et
253 3323 329 3382 banc
344 3328 478 3383 veterem
493 3323 681 3400 disciplinam
704 3328 910 3383 conservatam
927 3319 1018 3379 luisse

84 3396 205 3464 iullissa
220 3404 341 3465 Sabbati
355 3403 458 3464 Sancti
470 3404 616 3479 Psscbae.
633 3404 751 3465 Horum
766 3404 895 3481 opinioni
910 3401 1020 3463 adbae-

85 3487 123 3541 tet
140 3486 227 3545 ctiam
254 3486 288 3545 Ρ.
313 3481 493 3545 Franciscus
514 3485 652 3547 Berlendi
690 3486 720 3544 ia
740 3502 795 3545 sua
817 3482 1019 3545 eruditissima

85 3555 284 3629 baemttons
304 3567 343 3627 de
361 3563 566 3631 oblationibus
586 3572 607 3640 t
628 3565 659 3627 lt.
683 3564 792 3633 Pots'ut
814 3566 875 3634 uit,
900 3566 967 3625 ideo
988 3564 1017 3623 iu
