2517 4059
551 210 776 283 belesme

225 343 280 405 IV.
305 344 338 404 ln
354 340 461 401 Officio
480 340 618 401 brevium
642 338 811 411 Horarum,
836 342 864 401 in
887 342 1066 419 quibusdam
1083 338 1145 401 Ee·

184 424 282 484 clesiis
315 441 413 499 neque
434 419 575 499 Hymnus
606 423 787 493 dicebatur,
821 442 919 500 neque
941 422 1142 501 Capitulum,

183 506 262 567 sicut
294 506 323 565 in
349 504 523 574 Paschate;
557 505 587 562 iu
612 506 790 581 quibusdam
824 505 1004 566 dicebatur:
1035 504 1062 565 A
1089 504 1148 567 So·

183 588 221 664 lis
249 596 345 657 ortu,
378 594 410 646 et
436 586 464 644 in
487 590 617 661 qrratuor
649 593 748 664 partes
779 587 977 648 dividebatur.
1012 584 1145 648 Cuilibe-

184 666 288 729 Horae
305 668 397 746 hujus
411 668 480 734 diei,
504 673 535 727 et
555 668 695 729 omnibus
717 667 813 729 Feslis
835 670 1017 730 solemnibus
1031 670 1144 747 adJ'un·

184 752 330 829 gebantnr
345 752 494 811 orationes
516 752 667 826 propriae,
693 758 725 812 nt
741 751 852 812 laniunt
866 750 1070 811 Carllrusiani.
1096 748 1145 809 Ad

183 831 335 909 Vesperas
357 830 549 907 Antiphonae
575 828 677 891 Tecum
708 834 897 911 principiam
920 833 1029 908 ubique
1053 850 1144 908 repe-

184 915 329 983 riuntur,
363 933 432 974 curn
456 913 588 988 quinque
615 913 742 974 Psalmis
764 933 838 991 quos
875 916 1010 973 dicimus.
1034 912 1143 986 Quoad

184 1016 273 1057 usum
297 995 473 1056 comedendi
496 1012 619 1063 carnes,
645 997 764 1072 qnando
782 996 899 1075 'Natalis
921 996 1024 1056 incidit
1046 999 1077 1054 iu
1101 996 1145 1055 le-v

183 1080 259 1138 riam
276 1086 390 1137 sextam
414 1084 445 1137 et
466 1078 495 1134 in
512 1075 687 1145 Sabbatum,
706 1080 930 1154 antiquissimus
945 1080 1066 1141 omnino
1083 1082 1143 1137 est.

185 1159 348 1221 Concilium
371 1159 611 1235 Aquisgranense
633 1178 710 1218 anno
732 1158 795 1223 816
815 1166 898 1220 vetat
919 1160 1078 1219 Monacbis
1099 1158 1144 1236 jc·

183 1240 292 1319 junare
313 1242 342 1299 in
366 1237 461 1300 Festis
484 1238 607 1306 Natalis,
631 1240 759 1319 ejusque
781 1242 931 1311 octavae,
956 1242 985 1301 in
1007 1240 1145 1319 Epipha-

184 1324 244 1390 nia,
269 1324 297 1380 in
320 1323 520 1387 Ascensione,
544 1323 573 1380 in
596 1320 765 1391 Paschate,
790 1326 816 1384 in
840 1321 1037 1388 Pentecoste,
1062 1323 1144 1381 aliis·

184 1422 243 1479 que
274 1404 312 1463 ab
333 1422 370 1463 eo
392 1404 551 1463 nominatis
573 1404 823 1466 solemnitatibus.
862 1403 942 1482 Papo
963 1402 1143 1465 Nicolausl

183 1485 515 1563 Bulgaros‘exhortans
537 1486 573 1543 ad
590 1487 798 1547 abstinentiam
821 1494 905 1548 sexta
928 1504 1049 1563 quoqne
1067 1486 1142 1546 laria
1176 1534 1178 1539 .

184 1567 278 1628 totius
293 1567 376 1634 anni,
399 1568 510 1643 excipit
522 1564 671 1633 Natalem,
697 1566 909 1647 Epiphaniam,
933 1567 1056 1628 Festum
1074 1568 1143 1627 Vir-

183 1648 271 1725 ¹ginis,
296 1648 349 1709 SS.
362 1649 442 1709 Petri
464 1656 497 1709 et
517 1648 614 1716 Pauli,
637 1648 667 1709 S.
681 1650 799 1711 loannis
821 1650 984 1727 Baptistae,
1008 1650 1039 1717 S,
1054 1650 1142 1710 loan-

183 1732 230 1791 nis
245 1728 475 1807 Evangelistae,
490 1730 522 1790 S.
540 1731 691 1800 Andreae,
715 1731 746 1791 S.
771 1732 926 1808 Stephani,
950 1733 982 1791 si.
996 1732 1074 1793 leria
1096 1748 1141 1791 se-

183 1819 234 1873 xta
258 1814 407 1873 eveniant.
431 1813 605 1874 blatthacus
627 1811 712 1873 Pa'ris
736 1815 764 1872 in
786 1832 845 1893 sun¹
863 1814 998 1876 Historia
1013 1812 1141 1891 Anglica

184 1912 234 1953 an.
253 1892 333 1969 1225
355 1896 489 1969 loquitur
503 1899 657 1970 tamquam
681 1894 718 1955 de
735 1897 795 1955 ritu
818 1897 847 1954 in
863 1896 971 1973 Augila
986 1895 1138 1969 communi

184 1976 360 2036 comedendi
383 1993 489 2035 carnes
512 1978 540 2035 in
563 1976 611 2037 die
635 1973 773 2042 Natalis,
797 1978 916 2052 quando
937 1977 1089 2038 incidebat
1110 1978 1140 2035 in

182 2057 290 2116 leriam
307 2062 435 2117 sextam.
459 2057 566 2118 Sancta
589 2058 710 2118 omnino
733 2060 856 2127 laetitia,
879 2077 937 2135 qua
961 2056 1081 2120 Fideles
1103 2059 1139 2121 de

183 2137 252 2199 Iesu
265 2136 377 2198 Christi
393 2139 553 2204 Nativitate
569 2139 809 2215 perimebantur,
834 2142 932 2217 coegit
953 2160 1005 2202 eos
1014 2141 1139 2202 Festum

182 2218 242 2278 hoc
265 2220 396 2297 plurium
420 2220 536 2280 dierum
561 2222 657 2297 spatio
679 2220 852 2291 celebrare,
877 2224 954 2297 qarod
978 2242 1075 2299 nsque
1096 2220 1140 2289 ad

181 2297 304 2363 Festum
327 2299 513 2378 Epiphaniae
535 2302 769 2378 producebatur.
794 2310 829 2363 ut
849 2304 955 2367 videre
977 2311 1024 2364 est
1044 2323 1062 2364 a
1079 2322 1141 2365 rne-

183 2382 234 2442 dio
255 2401 352 2459 usque
373 2385 493 2444 saeculo
515 2390 600 2444 sexto
621 2383 799 2445 inSecundo
820 2387 948 2447 Concilio
970 2385 1139 2447 'l'urouensi

182 2481 232 2525 an.
250 2464 311 2526 556
332 2466 412 2542 quod
427 2462 547 2525 Canene
564 2464 603 2525 18
625 2468 778 2545 praecepit
792 2465 959 2539 Monachis,
984 2487 1021 2529 ne
1037 2467 1140 2547 hujus·

182 2563 218 2606 ce
240 2548 385 2621 temporis
408 2548 566 2608 intervallo
586 2544 770 2625 jejunarent,
788 2554 949 2627 propterea
972 2552 1052 2626 qrrod
1075 2552 1141 2610 dics.

182 2645 287 2687 omnes
310 2627 392 2687 Festi
414 2634 525 2689 essent.
550 2626 745 2690 intervallum
771 2630 828 2689 boc
851 2650 868 2691 a
890 2629 1015 2692 Graecis
1037 2632 1140 2709 appel·

182 2709 262 2770 latur
284 2706 501 2789 Δοδεκαμερον,
524 2713 594 2785 quia
617 2711 774 2772 duodecim
798 2717 845 2771 est
866 2712 1005 2781 dierum,
1029 2714 1138 2791 quibus

182 2790 260 2867 apud
283 2788 416 2851 Graecos
439 2810 537 2868 neque
558 2792 725 2870 jejunium,
751 2811 849 2868 neque
872 2796 1050 2857 abstinentia
1072 2794 1137 2855 lieri

181 2874 268 2933 solet.
293 2872 324 2935 S.
343 2872 510 2943 Anrreliani,
535 2874 566 2935 S.
583 2876 701 2938 Donati.
727 2882 757 2951 et
771 2874 904 2949 Magistri
928 2878 1038 2955 Regula
1062 2876 1135 2953 Cap.

184 2951 225 3014 hb
247 2956 436 3031 praescribit,
461 2956 558 3015 uthis
580 2956 687 3015 diebus
710 2956 850 3016 Ollicinm
873 2958 1048 3019 solemniter
1069 2976 1138 3019 can·

182 3041 284 3101 tetur,
308 3054 378 3095 cum
401 3035 563 3116 Allelnjo;
595 3056 746 3113 nunquam
770 3036 933 3116 jejunetur.
968 3041 1001 3101 In
1024 3039 1140 3117 Regula

182 3116 213 3180 S.
239 3115 345 3176 isidori
368 3118 442 3193 Cap.
460 3118 490 3178 ΙΙ
514 3119 570 3177 hnc
585 3120 764 3191 servabatur
781 3120 1078 3199 solummodousque
1101 3120 1137 3180 ad
1253 3176 1254 3181 ,

181 3196 461 3259 Circumcisionem.
485 3196 529 3257 En
551 3200 645 3276 igilur
659 3199 856 3261 Hebdomada
880 3200 994 3263 Natalis
1016 3222 1031 3262 a
1055 3209 1137 3263 sexto

179 3297 276 3355 usque
297 3280 419 3341 saeculo
440 3282 570 3352 cognita,
594 3285 629 3341 nt
651 3284 905 3360 quaedamlongn
927 3285 964 3343 ab
980 3285 1048 3345 inde
1064 3292 1138 3345 tem·

181 3379 256 3440 pore
278 3362 462 3422 continuatio
482 3360 656 3423 Festnrum.
681 3362 714 3423 ln
736 3361 832 3424 Fastis
862 3364 918 3425 hac
941 3363 1136 3426 Hebdomada

181 3444 409 3503 occurrentibus
431 3440 572 3503 Officium
596 3446 705 3518 partim
729 3448 853 3506 cratde
874 3445 1054 3518 Nativitate3
1079 3446 1137 3525 pri·

181 3542 272 3596 mus,
303 3530 335 3585 et
355 3525 506 3585 secundus
527 3522 697 3587 Nocturnus
719 3534 805 3588 erant
836 3528 873 3587 de
895 3526 1007 3598 Festo,
1032 3530 1139 3591 tertius

184 3611 264 3667 totus
285 3606 323 3667 de
338 3604 502 3667 Nativitate
517 3625 524 3675 ;
548 3606 668 3669 Laudes
682 3616 769 3670 erant
790 3610 827 3669 de
839 3608 941 3677 Festo,
965 3628 1035 3672 cum
1050 3610 1138 3671 Com·
