2517 4059
564 190 788 263 mmmc-

505 430 510 443 ·
558 395 686 459 CAPUT
708 396 795 459 xlv.

515 579 562 621 ns
592 578 833 622 nvsnescvo.
934 627 940 640 ‚

245 722 410 787 bidonem
437 725 552 802 legendi
577 723 773 802 Evangelimn
803 725 830 783 in
854 720 987 783 Ecclesia
1010 724 1153 801 antiquis·

202 807 314 867 simum
335 825 401 868 esse
425 822 510 867 nemo
532 807 670 868 dubitare
694 811 815 882 potest,
849 806 899 883 qui
930 807 960 865 in
981 806 1154 867 evolvendis

201 894 341 951 veterum
359 887 476 949 Petrum
502 890 701 949 monumentis
724 894 859 949 versatus
880 889 928 948 sit.
946 887 1051 965 Coepit
1074 889 1155 948 enim

202 972 231 1030 in
253 971 377 1031 solemni
400 969 532 1032 fidelium
554 977 703 1033 conventu
726 970 804 1047 legi,
829 971 927 1029 statim
948 987 984 1029 ac
1005 970 1154 1046 scriplum

202 1051 272 1115 tuit.
296 1050 335 1111 Et
356 1053 475 1130 quidem
499 1054 535 1113 de
559 1052 657 1112 ercae
672 1048 834 1126 Evangelio
857 1052 1062 1111 testimonium
1086 1070 1155 1128 per·

204 1134 287 1195 bibet
309 1133 469 1211 Apostolus
492 1134 522 1195 ll
549 1135 583 1194 ad
607 1133 776 1196 Corinthios
796 1131 871 1211 Cap.
897 1132 966 1194 Vlll
996 1132 1068 1193 dum
1096 1132 1155 1195 ira·

202 1222 280 1275 trem
302 1224 519 1277 commemorat
540 1219 680 1276 comitem
696 1234 767 1276 suae
789 1215 1049 1292 peregrinationis,
1069 1218 1155 1296 cujus

200 1300 266 1357 tuus
282 1298 388 1373 inquit,
408 1309 447 1359 ost
461 1301 494 1359 in
510 1296 672 1376 Evangelio
690 1316 747 1377 per
762 1317 862 1357 omncs
878 1295 1034 1357 Ecclesiae.
1046 1295 1155 1368 Quoad

202 1379 354 1457 publicam
378 1378 528 1458 Evangelii
563 1382 789 1449 recitationem,
824 1379 1042 1455 adstipulantur
1066 1377 1155 1441 lusti·

203 1479 258 1521 nus
280 1460 419 1541 Martyr,
450 1470 481 1523 et
502 1461 694 1539 Cyprianus,
719 1461 822 1521 etalii
846 1458 960 1521 Patres.
983 1458 1060 1521 Nam
1083 1479 1154 1523 cnm

201 1541 374 1621 Scripturae
398 1563 435 1603 er
458 1545 555 1620 prisco
570 1542 745 1622 Synegogee
768 1561 824 1603 usu
849 1543 877 1599 in
893 1543 1091 1603 conventibus
1113 1546 1154 1606 le·

202 1632 356 1703 gerentur,
380 1625 513 1687 fidelium
536 1626 639 1702 pietas,
663 1633 694 1687 et
715 1643 800 1684 amor
822 1642 893 1700 erga
917 1624 1100 1694 Dominum,
1123 1632 1154 1689 et

113 1756 116 1763 ,
202 1707 390 1769 Salvatorem
420 1727 471 1767 nos
500 1707 624 1769 cr'edere
654 1707 806 1785 compellit
833 1704 898 1783 ejus
926 1715 1007 1783 gesta
1034 1726 1050 1766 a
1081 1708 1154 1767 viris

202 1795 301 1850 tantae
323 1792 508 1851 auctoritatis
519 1789 583 1849 Deo
599 1790 760 1866 inspirante
777 1789 942 1866 conscripta
961 1788 1075 1864 publice
1091 1807 1155 1867 per·

202 1871 260 1947 legi
283 1873 381 1931 statim
404 1874 546 1949 coepisse.
563 1869 651 1931 llatio
673 1872 762 1949 igitur
779 1878 1002 1947 propterquam
1020 1871 1154 1933 lliaoono

199 1953 389 2031 evangelium
413 1954 511 2031 legere
528 1953 565 2013 ab
587 1955 714 2030 antiquis
735 1951 873 2012 Patribus
895 1951 1071 2012 demandata
1093 1959 1152 2021 est,

200 2035 238 2095 ab
254 2036 318 2111 ipsa
334 2036 431 2113 potius
450 2030 601 2113 Evangelii
622 2036 790 2102 sanctitate,
807 2039 838 2091 et
853 2030 1008 2110 majestate
1024 2036 1155 2110 petenda

203 2116 346 2187 videtur,
374 2136 450 2193 quae
472 2137 541 2178 cum
565 2121 726 2177 maximam
750 2116 850 2191 exigat
872 2117 1100 2185 reverentiam,
1122 2124 1154 2179 et

201 2201 450 2267 venerationem,
479 2205 511 2261 et
532 2216 654 2275 semper
683 2218 753 2259 oum
776 2197 886 2273 ingenti
910 2216 1038 2275 pompa,
1062 2205 1155 2276 atque

202 2287 346 2358 apparatu
370 2280 426 2359 legi
449 2282 651 2350 consueverit,
676 2280 901 2341 Ecclesiasticae
924 2282 1062 2357 gravitati
1085 2298 1156 2343 oon·

203 2380 311 2439 gruum
334 2360 391 2423 luit
412 2370 527 2424 tantum
553 2381 660 2424 munus
679 2382 737 2423 non
753 2360 928 2421 Lectoribus
950 2364 1153 2435 committere,

200 2444 253 2505 sed
274 2444 425 2513 Diaconis,
450 2448 499 2523 qui
522 2446 558 2505 ad
575 2445 796 2507 Sacerdotelem
820 2443 991 2516 dignitatem
1016 2446 1154 2520 proxime

200 2530 284 2587 sunt.
300 2526 483 2589 Sozomenus
505 2528 571 2588 Lib.
589 2527 649 2589 Vll
662 2526 814 2587 Historiae
838 2522 1060 2587 &ctericsticaa
1074 2528 1152 2607 Cap.

203 2607 381 2671 rosaceum
403 2606 543 2670 Codicem
565 2609 797 2688 Evangeliornrn
821 2605 1018 2669 Alexandriae
1049 2629 1066 2669 a
1089 2608 1154 2671 solo

201 2688 432 2760 archidiacono,
449 2692 527 2770 apud
550 2692 624 2752 alios
638 2712 656 2753 a
670 2691 819 2758 Disconis,
832 2695 863 2750 et
884 2690 913 2749 in
928 2690 1031 2752 multis
1046 2689 1154 2754 Eccle-

201 2772 252 2831 siis
279 2788 296 2831 a
317 2774 387 2833 solis
410 2772 642 2845 Sacerdotibus,
670 2781 760 2850 atque
784 2772 888 2832 diebus
909 2772 1092 2834 solemnibus
1113 2774 1153 2835 ab

199 2851 353 2932 Episcopis
370 2856 426 2933 legi
448 2863 584 2918 testatur.
602 2855 715 2916 Omnes
737 2860 838 2915 autem
860 2870 1028 2933 assurgere,
1045 2862 1077 2916 et
1090 2860 1154 2917 sta·

200 2954 254 3007 re,
278 2936 351 2997 dnm
376 2938 484 3013 legitur
506 2936 726 3015 Evangelium,
750 2936 826 2997 ritus
847 2936 1071 3012 antiquissimus
1092 2946 1151 3004 est,

201 3025 234 3080 ut
256 3023 407 3096 tamqnam
431 3022 510 3081 servi
533 3028 600 3082 ante
615 3020 779 3079 Dominum
801 3036 833 3077 se
855 3024 1021 3095 promptos,
1045 3026 1077 3081 et
1099 3038 1154 3099 pa·

198 3107 280 3161 ratos
302 3101 458 3163 ostendant
486 3104 521 3162 ed
545 3102 722 3177 exequenda
744 3101 883 3161 mundata
907 3098 988 3172 llei,
1018 3119 1096 3178 quae
1121 3102 1154 3162 in

200 3180 362 3258 Evangelio
386 3184 612 3261 promulgantur
628 3184 708 3261 apud
724 3182 853 3244 Graecos
875 3183 955 3242 enim
979 3201 1035 3242 non
1050 3182 1149 3244 solum

119 3284 121 3289 ·
200 3265 295 3340 surgit
315 3263 481 3342 Episcopus
503 3267 539 3325 ad
562 3264 785 3343 Evangelium,
808 3264 859 3324 sed
882 3264 972 3325 etiam
995 3263 1152 3343 Omopho·

200 3347 278 3405 rium
301 3346 433 3424 deponit,
458 3350 652 3417 servitutem,
677 3354 707 3408 et
729 3345 944 3424 subjectionem
967 3364 1053 3406 snam
1076 3366 1150 3425 erga

199 3425 359 3489 Dominum
382 3429 601 3499 demonstrans,
625 3435 658 3490 ut
679 3429 806 3506 explicat
821 3428 941 3489 Simeon
957 3428 1148 3490 Thessaloni·

197 3509 306 3568 censis.
330 3508 417 3571 Ritus
439 3517 538 3571 autem
561 3512 727 3589 deponendl
750 3510 878 3572 Baculos
905 3511 954 3573 diu
982 3511 1089 3572 mansit
1120 3513 1150 3572 in

201 3584 344 3659 Ecclesia,
371 3610 438 3653 nam
461 3591 601 3655 Nicolaus
623 3593 660 3653 de
683 3592 773 3653 Plore
789 3591 950 3675 Presbyter
971 3593 1150 3655 Posnonien-
