2517 4059
500 236 560 295 vus
582 227 642 284 373
663 234 723 293 ωι-

135 359 166 418 di
182 355 358 434 Epistolam,
376 371 428 415 seu
444 351 614 415 Lectionum
631 353 759 431 aliquam
776 354 886 417 Sacrae
901 355 1085 433 scripturae,

134 441 174 499 ab
189 436 337 513 Apostolis
352 435 502 496 derivasse
519 436 718 495 certissimum
731 442 786 505 est,
805 438 848 497 uti
864 439 1002 499 observet
1016 438 1088 498 Car·

133 522 241 583 diualis
257 518 349 588 Bona,
374 516 439 579 Lib.
453 516 482 576 ll
503 514 576 597 Cup.
593 516 612 575 o
635 536 718 579 num.
736 518 766 587 1,
783 518 930 581 Antonius
946 520 1085 589 bellotte,

133 607 165 663 in
180 603 242 663 suis
256 600 503 661 observationibus
526 617 593 677 pag.
610 597 682 670 3963
705 598 879 670 Grancolas,
901 603 936 661 tn
952 603 1087 679 antiquis

134 683 280 761 Liturpiir
296 698 363 759 pag.
373 677 445 741 eut.
457 679 551 742 Divus
567 678 676 743 Paulus
691 683 728 742 ad
740 680 929 743 colossenses
943 681 1016 761 Cap.
1031 683 1083 743 lV:

136 766 213 831 Cum
235 767 309 825 lecta
329 761 421 842 suoru
442 761 524 841 opud
546 782 596 823 oor
618 762 750 843 Epicteto
770 765 863 835 boec,
889 766 977 843 tacito
998 775 1032 825 ut
1053 766 1087 824 io

133 846 361 909 Laodicensium
383 841 516 905 Ecclesia
537 844 665 925 leuetur,
691 856 719 906 et
740 864 806 905 eom
828 864 903 925 quoe
924 842 1087 907 leodicen-

58 932 60 939 ’
132 931 210 993 rium
233 938 285 997 ast,
310 944 359 989 nos
380 926 495 1003 tepetis.
521 923 559 987 Et
582 928 610 985 in
633 926 692 988 fine
707 925 886 1004 Epistolael
908 928 945 987 ad
960 927 1085 988 Thessa-

133 1014 311 1080 lonicenses,
336 1007 448 1087 odjuro
470 1026 521 1069 eor
537 1026 595 1087 per
616 1010 795 1079 Dominum,
819 1021 853 1071 ut
873 1010 993 1089 lepctur
1013 1008 1088 1089 Epi-

133 1097 207 1156 stoto
223 1094 295 1153 baec
311 1090 445 1151 omuibus
460 1091 570 1151 eunctis
580 1091 738 1168 frutribus.
752 1090 897 1164 Quamvis
908 1093 987 1151 enim
1003 1109 1086 1170 prae-

133 1178 194 1237 cise
217 1192 274 1234 non
295 1173 400 1252 jubeat
421 1170 486 1232 heri
514 1171 590 1233 hauc
612 1174 770 1235 lectionem
799 1176 828 1233 in
850 1172 1011 1234 Missurum
1039 1192 1087 1235 so·

132 1258 262 1324 lemniis,
284 1252 448 1316 verisimile
471 1261 570 1315 tamen
593 1261 639 1315 est
659 1257 702 1317 itti
725 1257 854 1333 tempori
876 1261 1084 1327 reservatam,

133 1358 194 1419 quo
216 1339 350 1399 solebant
366 1335 468 1397 fideles
490 1336 527 1396 ad
542 1354 625 1397 sacra
641 1339 786 1416 mysteria
809 1337 999 1416 percipienda
1015 1355 1085 1398 con-

132 1424 248 1483 venire.
266 1419 353 1483 Clare
375 1419 446 1479 item
470 1417 519 1478 hic
535 1420 611 1479 ritus
631 1420 661 1479 io
677 1420 820 1497 biturgtis
835 1418 934 1480 lacobi
950 1420 1086 1496 Apostoli

134 1502 373 1584 praescribitur,
397 1508 432 1561 ut
454 1502 595 1561 nimirum
625 1502 761 1579 legantur
782 1501 906 1579 singulis
927 1501 1033 1562 diebus
1056 1504 1086 1561 in

132 1604 230 1651 sacra,
253 1588 283 1643 et
305 1582 404 1641 divine
426 1584 515 1644 Missa
539 1585 661 1645 oracula
682 1601 766 1645 sacra
781 1583 900 1643 Veteris
915 1582 1085 1643 Testamen-

131 1670 167 1740 ti,
192 1675 222 1728 et
242 1663 474 1741 Prophetarum,
499 1670 530 1723 et
544 1663 712 1725 lucarnatio
734 1662 801 1724 Filii
815 1666 883 1725 Dei.
900 1664 984 1725 Idem
1006 1682 1086 1727 asse·
1112 1660 1122 1680 ’

130 1755 203 1811 runt
226 1746 338 1824 antiqui
361 1744 488 1818 Patres,
513 1747 714 1809 Tertullianus
742 1748 770 1806 in
793 1746 987 1825 Apologetico
1008 1744 1082 1825 Cep.

130 1831 182 1892 39:
202 1829 321 1893 Coimus
342 1827 382 1887 ed
395 1829 554 1890 literarum
571 1828 746 1890 diuinarum
760 1831 1081 1890 commemorationem.

130 1913 261 1977 lustinus
277 1910 392 1991 Martyr
407 1907 552 1989 Apolopiu
568 1910 604 1971 11
624 1910 750 1973 Sacrum
773 1909 1011 1972 Christianorum
1034 1911 1086 1971 de·

131 1996 265 2057 scribens
286 1996 349 2053 ait:
374 2002 399 2053 et
416 1993 641 2055 Commentario
656 1992 870 2072 Apostolorum,
895 2004 949 2053 out
971 1993 1085 2073 scripto

132 2077 376 2157 Prophetarum,
401 2074 499 2153 quoad
523 2084 638 2151 tempus
659 2077 718 2154 fert
739 2077 892 2153 lepuutur.
918 2074 1030 2135 Eadem
1053 2076 1083 2134 in

131 2158 310 2238 Apostolicis
331 2156 606 2225 Constitutionibus,
631 2161 663 2217 et
683 2158 711 2217 io
736 2157 834 2217 Basilii
856 2155 1083 2237 chrysostomi,

130 2242 319 2318 aliorumque
336 2238 477 2316 Liturgiis
499 2239 693 2315 praecipitur,
719 2244 873 2317 tamquam
896 2243 973 2301 saort
996 2240 1083 2300 mini-

130 2324 213 2387 sterii
236 2341 330 2401 pars,
355 2336 408 2398 per
430 2337 521 2397 quam
544 2320 579 2381 ad
603 2322 695 2380 divini
717 2321 901 2384 §aeramenti
925 2322 1085 2400 participu-

130 2406 243 2466 tionem
273 2402 405 2464 fidelium
435 2403 525 2462 animi
556 2403 762 2480 disponuntur.
793 2404 981 2480 Augustinus
1011 2402 1077 2463 Lib.

130 2485 226 2548 xxti
249 2487 292 2546 De
316 2483 442 2547 Ciuitate
463 2484 520 2545 Dei
542 2484 613 2562 Cep.
637 2482 658 2543 8
680 2484 823 2565 Synaxim
846 2485 906 2544 diei
928 2482 1083 2546 Paschatis

132 2584 384 2633 commemorans,
401 2568 541 2636 salutent,
559 2568 665 2643 inquit,
685 2568 840 2646 populum,
865 2573 892 2624 et
912 2566 992 2643 tuoto
1014 2574 1083 2625 teu·

132 2648 198 2709 dem
220 2651 334 2712 sitentio
349 2648 573 2728 scripturarum
597 2647 772 2707 diuinarum
794 2656 864 2706 suut
885 2648 959 2707 lecto
979 2647 1082 2707 edem·

131 2733 197 2793 niu.
222 2731 266 2791 Ex
291 2732 336 2791 bis
352 2738 452 2792 autem
475 2730 592 2790 omissis
615 2729 816 2790 recentiorum
840 2728 1026 2803 testimoniis,
1051 2748 1083 2793 e·

131 2812 268 2876 videnter
290 2811 449 2875 deducitur
471 2828 587 2870 morem
610 2810 728 2887 legendi
750 2812 778 2869 in
794 2808 941 2880 Ecclesia,
964 2816 995 2871 et
1016 2830 1084 2888 spe-

132 2895 248 2956 cialiter
275 2894 357 2955 iuitio
384 2894 492 2955 Missae
512 2892 700 2971 Scripturam
733 2910 791 2953 non
817 2893 855 2952 ab
876 2891 1047 2953 Alexandro
1069 2893 1084 2953 1

131 2974 268 3037 Romano
289 2974 453 3042 Pontihee‚
478 2982 512 3035 ut
533 2974 654 3051 quidam
678 2990 838 3054 perperam
860 2974 1005 3040 scribunt,
1029 2975 1082 3035 sed

131 3058 170 3119 ab
185 3059 345 3137 Apostolis‚
371 3058 545 3136 incoepisse.
562 3056 662 3118 Series
683 3062 723 3136 et·
736 3056 809 3118 ordo
825 3055 1028 3133 Epistularum
1050 3062 1082 3117 et

131 3137 363 3217 Evangeliorum
382 3141 470 3201 totius
486 3139 553 3197 enni
570 3157 659 3200 cursu
675 3141 816 3217 teguntur
832 3140 862 3198 in
873 3136 974 3204 Missa,
991 3136 1083 3215 vulgo

131 3221 208 3283 lliro
231 3222 417 3299 Hieronymo
438 3221 598 3291 tribuitur,
623 3223 673 3299 qni
695 3221 818 3280 Librum
841 3220 1011 3297 composuit
1033 3236 1082 3297 ep-

131 3305 313 3381 pellavitque
331 3302 473 3365 Comitem
494 3320 583 3377 utrem
608 3303 687 3381 typis
708 3302 800 3363 edidit
816 3301 964 3363 Pamelius
986 3302 1015 3361 iu
1031 3318 1084 3361 vo·

131 3386 294 3447 luminibus
315 3385 351 3444 de
368 3383 464 3444 Rebus
479 3382 653 3461 Liturpicir.
673 3383 734 3444 Sed
756 3390 787 3444 et
800 3383 955 3445 Cornelius
976 3383 1084 3445 Schul-

131 3468 244 3544 tingius
267 3467 351 3526 initio
373 3484 445 3526 suae
461 3464 664 3537 Bibliothecae
680 3464 906 3546 Ecclesiasticus
929 3482 972 3527 se,
996 3482 1084 3526 eum-

131 3550 200 3611 dem
215 3548 362 3613 Comitem
380 3548 615 3625 manuscriptum
632 3546 771 3609 habuisse
786 3548 893 3608 asserit
909 3548 1002 3608 multo
1016 3564 1083 3608 am·

131 3631 257 3709 pliorem
279 3648 368 3709 quam
391 3630 428 3690 sit
444 3629 542 3691 editus
564 3634 582 3691 a'
597 3628 738 3691 anelio.
753 3627 852 3691 Citaut
874 3628 954 3690 hunc
970 3628 1082 3692 tibrum
