<?xml version="1.0" encoding="UTF-8"?>
<!DOCTYPE html PUBLIC "-//W3C//DTD XHTML 1.0 Transitional//EN"
    "http://www.w3.org/TR/xhtml1/DTD/xhtml1-transitional.dtd">
<html xmlns="http://www.w3.org/1999/xhtml" xml:lang="en" lang="en">
 <head>
  <title>
</title>
<meta http-equiv="Content-Type" content="text/html;charset=utf-8" />
  <meta name='ocr-system' content='tesseract 3.04.00' />
  <meta name='ocr-capabilities' content='ocr_page ocr_carea ocr_par ocr_line ocrx_word'/>
</head>
<body>
  <div class='ocr_page' id='page_1' title='image "./institutionesli00marigoog_0357.png"; bbox 0 0 2517 4059; ppageno 0'>
   <div class='ocr_carea' id='block_1_1' title="bbox 463 216 686 341">
    <p class='ocr_par' dir='ltr' id='par_1_1' title="bbox 463 216 686 341">
     <span class='ocr_line' id='line_1_1' title="bbox 463 216 686 341; baseline 0.031 -11"><span class='ocrx_word' id='word_1_1' title='bbox 463 216 686 341; x_wconf 59' lang='lat' dir='ltr'><strong><em>mecam</em></strong></span> 
     </span>
    </p>
   </div>
   <div class='ocr_carea' id='block_1_2' title="bbox 88 387 1057 1999">
    <p class='ocr_par' dir='ltr' id='par_1_2' title="bbox 88 387 1054 1183">
     <span class='ocr_line' id='line_1_2' title="bbox 89 387 1049 459; baseline 0 -5"><span class='ocrx_word' id='word_1_2' title='bbox 89 399 159 455; x_wconf 75' lang='lat' dir='ltr'><strong><em>dur.</em></strong></span> <span class='ocrx_word' id='word_1_3' title='bbox 181 393 284 455; x_wconf 89' lang='lat' dir='ltr'><strong><em>Osculi</em></strong></span> <span class='ocrx_word' id='word_1_4' title='bbox 305 394 417 456; x_wconf 80' lang='lat' dir='ltr'><strong><em>Altaria</em></strong></span> <span class='ocrx_word' id='word_1_5' title='bbox 439 396 515 459; x_wconf 87' lang='lat' dir='ltr'><strong><em>inter</em></strong></span> <span class='ocrx_word' id='word_1_6' title='bbox 537 387 683 459; x_wconf 77' lang='lat' dir='ltr'><strong><em>orandum</em></strong></span> <span class='ocrx_word' id='word_1_7' title='bbox 707 396 844 459; x_wconf 80' lang='lat' dir='ltr'><strong>meminit</strong></span> <span class='ocrx_word' id='word_1_8' title='bbox 863 395 998 457; x_wconf 85' lang='lat' dir='ltr'><strong><em>lustinus</em></strong></span> <span class='ocrx_word' id='word_1_9' title='bbox 1021 396 1049 455; x_wconf 92' lang='lat' dir='ltr'><strong><em>in</em></strong></span> 
     </span>
     <span class='ocr_line' id='line_1_3' title="bbox 95 473 1049 556; baseline 0 -21"><span class='ocrx_word' id='word_1_10' title='bbox 95 473 157 536; x_wconf 86' lang='lat' dir='ltr'><strong><em>fine</em></strong></span> <span class='ocrx_word' id='word_1_11' title='bbox 179 476 342 555; x_wconf 83' lang='lat' dir='ltr'><strong><em>Apologiae</em></strong></span> <span class='ocrx_word' id='word_1_12' title='bbox 357 476 387 539; x_wconf 86' lang='lat'><strong><em>11</em></strong></span> <span class='ocrx_word' id='word_1_13' title='bbox 402 478 533 556; x_wconf 84' lang='lat' dir='ltr'>dicitque</span> <span class='ocrx_word' id='word_1_14' title='bbox 556 498 620 541; x_wconf 88' lang='lat' dir='ltr'><strong><em>esse</em></strong></span> <span class='ocrx_word' id='word_1_15' title='bbox 644 480 811 555; x_wconf 81' lang='lat' dir='ltr'><strong><em>insignum</em></strong></span> <span class='ocrx_word' id='word_1_16' title='bbox 835 478 1049 539; x_wconf 86' lang='lat' dir='ltr'><strong><em>venerationis.</em></strong></span> 
     </span>
     <span class='ocr_line' id='line_1_4' title="bbox 96 556 1052 638; baseline 0.004 -23"><span class='ocrx_word' id='word_1_17' title='bbox 96 556 289 618; x_wconf 87' lang='lat' dir='ltr'><strong><em>Deoscutatio</em></strong></span> <span class='ocrx_word' id='word_1_18' title='bbox 317 576 371 635; x_wconf 88' lang='lat' dir='ltr'><strong><em>pro</em></strong></span> <span class='ocrx_word' id='word_1_19' title='bbox 400 564 591 622; x_wconf 85' lang='lat' dir='ltr'><strong><em>veneratione</em></strong></span> <span class='ocrx_word' id='word_1_20' title='bbox 620 562 769 638; x_wconf 89' lang='lat' dir='ltr'><strong><em>ponitur,</em></strong></span> <span class='ocrx_word' id='word_1_21' title='bbox 802 567 836 620; x_wconf 92' lang='lat' dir='ltr'><strong><em>ut</em></strong></span> <span class='ocrx_word' id='word_1_22' title='bbox 864 559 1052 621; x_wconf 82' lang='lat' dir='ltr'><strong><em>aitsanctus</em></strong></span> 
     </span>
     <span class='ocr_line' id='line_1_5' title="bbox 96 636 1052 717; baseline 0 -18"><span class='ocrx_word' id='word_1_23' title='bbox 96 636 304 717; x_wconf 80' lang='lat' dir='ltr'>Hieronymus</span> <span class='ocrx_word' id='word_1_24' title='bbox 326 639 417 698; x_wconf 90' lang='lat' dir='ltr'><strong><em>Libro</em></strong></span> <span class='ocrx_word' id='word_1_25' title='bbox 441 640 451 699; x_wconf 92' lang='lat' dir='ltr'><strong><em>l</em></strong></span> <span class='ocrx_word' id='word_1_26' title='bbox 475 650 578 703; x_wconf 89' lang='lat' dir='ltr'><strong><em>contra</em></strong></span> <span class='ocrx_word' id='word_1_27' title='bbox 599 640 755 711; x_wconf 83' lang='lat' dir='ltr'><strong><em>Rufinum,</em></strong></span> <span class='ocrx_word' id='word_1_28' title='bbox 779 639 926 710; x_wconf 79' lang='lat' dir='ltr'><strong><em>Hebraei,</em></strong></span> <span class='ocrx_word' id='word_1_29' title='bbox 943 642 1052 716; x_wconf 89' lang='lat' dir='ltr'><strong><em>inquit,</em></strong></span> 
     </span>
     <span class='ocr_line' id='line_1_6' title="bbox 88 721 1054 803; baseline 0.001 -25"><span class='ocrx_word' id='word_1_30' title='bbox 88 722 189 801; x_wconf 74' lang='lat' dir='ltr'><strong><em>juxta</em></strong></span> <span class='ocrx_word' id='word_1_31' title='bbox 211 721 333 797; x_wconf 70' lang='lat' dir='ltr'><strong><em>linquae</em></strong></span> <span class='ocrx_word' id='word_1_32' title='bbox 354 738 424 781; x_wconf 85' lang='lat' dir='ltr'><strong><em>suae</em></strong></span> <span class='ocrx_word' id='word_1_33' title='bbox 442 725 660 803; x_wconf 77' lang='lat' dir='ltr'><strong><em>proprietatem</em></strong></span> <span class='ocrx_word' id='word_1_34' title='bbox 676 721 922 783; x_wconf 68' lang='lat' dir='ltr'><strong><em>deosculationem</em></strong></span> <span class='ocrx_word' id='word_1_35' title='bbox 933 740 993 802; x_wconf 87' lang='lat' dir='ltr'><strong><em>pro</em></strong></span> <span class='ocrx_word' id='word_1_36' title='bbox 1007 740 1054 780; x_wconf 87' lang='lat' dir='ltr'><strong><em>oe-</em></strong></span> 
     </span>
     <span class='ocr_line' id='line_1_7' title="bbox 97 802 1047 881; baseline 0.001 -21"><span class='ocrx_word' id='word_1_37' title='bbox 97 802 257 860; x_wconf 80' lang='lat' dir='ltr'><strong><em>meratione</em></strong></span> <span class='ocrx_word' id='word_1_38' title='bbox 277 812 405 878; x_wconf 83' lang='lat' dir='ltr'><strong><em>ponuat,</em></strong></span> <span class='ocrx_word' id='word_1_39' title='bbox 419 805 595 881; x_wconf 79' lang='lat' dir='ltr'><strong>signumque</strong></span> <span class='ocrx_word' id='word_1_40' title='bbox 618 824 685 865; x_wconf 85' lang='lat' dir='ltr'><strong><em>esse</em></strong></span> <span class='ocrx_word' id='word_1_41' title='bbox 709 805 831 865; x_wconf 87' lang='lat' dir='ltr'><strong><em>honoris</em></strong></span> <span class='ocrx_word' id='word_1_42' title='bbox 848 803 1047 872; x_wconf 83' lang='lat' dir='ltr'><strong><em>reverentiae,</em></strong></span> 
     </span>
     <span class='ocr_line' id='line_1_8' title="bbox 99 881 1052 951; baseline 0.002 -11"><span class='ocrx_word' id='word_1_43' title='bbox 99 888 131 941; x_wconf 90' lang='lat' dir='ltr'><strong><em>et</em></strong></span> <span class='ocrx_word' id='word_1_44' title='bbox 155 881 263 947; x_wconf 86' lang='lat' dir='ltr'><strong><em>cultus,</em></strong></span> <span class='ocrx_word' id='word_1_45' title='bbox 283 883 361 943; x_wconf 89' lang='lat' dir='ltr'><strong><em>idem</em></strong></span> <span class='ocrx_word' id='word_1_46' title='bbox 384 884 514 945; x_wconf 87' lang='lat' dir='ltr'><strong><em>ostendit</em></strong></span> <span class='ocrx_word' id='word_1_47' title='bbox 536 887 565 944; x_wconf 90' lang='lat' dir='ltr'><strong><em>iu</em></strong></span> <span class='ocrx_word' id='word_1_48' title='bbox 588 888 648 945; x_wconf 90' lang='lat' dir='ltr'><strong><em>vita</em></strong></span> <span class='ocrx_word' id='word_1_49' title='bbox 671 886 770 948; x_wconf 84' lang='lat' dir='ltr'><strong><em>Sancti</em></strong></span> <span class='ocrx_word' id='word_1_50' title='bbox 787 885 871 945; x_wconf 87' lang='lat' dir='ltr'><strong><em>Pauli</em></strong></span> <span class='ocrx_word' id='word_1_51' title='bbox 887 885 1052 951; x_wconf 83' lang='lat' dir='ltr'><strong><em>Erernitac,</em></strong></span> 
     </span>
     <span class='ocr_line' id='line_1_9' title="bbox 99 961 1053 1044; baseline 0.002 -24"><span class='ocrx_word' id='word_1_52' title='bbox 99 967 132 1021; x_wconf 91' lang='lat' dir='ltr'><strong><em>et</em></strong></span> <span class='ocrx_word' id='word_1_53' title='bbox 154 963 183 1021; x_wconf 93' lang='lat' dir='ltr'><strong><em>in</em></strong></span> <span class='ocrx_word' id='word_1_54' title='bbox 206 961 340 1040; x_wconf 83' lang='lat' dir='ltr'><strong><em>Epistola</em></strong></span> <span class='ocrx_word' id='word_1_55' title='bbox 372 966 408 1024; x_wconf 89' lang='lat' dir='ltr'><strong><em>ad</em></strong></span> <span class='ocrx_word' id='word_1_56' title='bbox 432 967 575 1027; x_wconf 78' lang='lat' dir='ltr'><strong><em>Asellam.</em></strong></span> <span class='ocrx_word' id='word_1_57' title='bbox 600 966 746 1029; x_wconf 86' lang='lat' dir='ltr'><strong><em>Osculum</em></strong></span> <span class='ocrx_word' id='word_1_58' title='bbox 779 968 891 1044; x_wconf 88' lang='lat' dir='ltr'><strong><em>quippe</em></strong></span> <span class='ocrx_word' id='word_1_59' title='bbox 913 964 1053 1026; x_wconf 88' lang='lat' dir='ltr'><strong><em>salutatio</em></strong></span> 
     </span>
     <span class='ocr_line' id='line_1_10' title="bbox 99 1044 1051 1183; baseline 0 -80"><span class='ocrx_word' id='word_1_60' title='bbox 99 1044 248 1183; x_wconf 48' lang='lat' dir='ltr'><strong><em>{uaedam</em></strong></span> <span class='ocrx_word' id='word_1_61' title='bbox 271 1050 327 1114; x_wconf 89' lang='lat' dir='ltr'><strong><em>est,</em></strong></span> <span class='ocrx_word' id='word_1_62' title='bbox 345 1064 420 1121; x_wconf 85' lang='lat' dir='ltr'><strong><em>quae</em></strong></span> <span class='ocrx_word' id='word_1_63' title='bbox 436 1046 582 1109; x_wconf 83' lang='lat' dir='ltr'><strong><em>Sacerdos</em></strong></span> <span class='ocrx_word' id='word_1_64' title='bbox 603 1067 635 1108; x_wconf 92' lang='lat' dir='ltr'><strong><em>se</em></strong></span> <span class='ocrx_word' id='word_1_65' title='bbox 657 1050 825 1109; x_wconf 87' lang='lat' dir='ltr'><strong><em>adhaerere</em></strong></span> <span class='ocrx_word' id='word_1_66' title='bbox 847 1046 967 1107; x_wconf 85' lang='lat' dir='ltr'><strong><em>Christo</em></strong></span> <span class='ocrx_word' id='word_1_67' title='bbox 983 1062 1051 1121; x_wconf 92' lang='lat' dir='ltr'><strong><em>pro·</em></strong></span> 
     </span>
    </p>

    <p class='ocr_par' dir='ltr' id='par_1_3' title="bbox 89 1126 1057 1999">
     <span class='ocr_line' id='line_1_11' title="bbox 125 1126 1052 1208; baseline 0.001 -22"><span class='ocrx_word' id='word_1_68' title='bbox 125 1130 216 1195; x_wconf 77' lang='lat' dir='ltr'><strong><em>tetur,</em></strong></span> <span class='ocrx_word' id='word_1_69' title='bbox 241 1126 299 1196; x_wconf 89' lang='lat' dir='ltr'><strong><em>cui,</em></strong></span> <span class='ocrx_word' id='word_1_70' title='bbox 324 1128 410 1189; x_wconf 90' lang='lat' dir='ltr'><strong><em>sicuti</em></strong></span> <span class='ocrx_word' id='word_1_71' title='bbox 435 1130 571 1189; x_wconf 88' lang='lat' dir='ltr'><strong><em>membra</em></strong></span> <span class='ocrx_word' id='word_1_72' title='bbox 593 1132 695 1208; x_wconf 91' lang='lat' dir='ltr'><strong><em>capiti,</em></strong></span> <span class='ocrx_word' id='word_1_73' title='bbox 719 1128 870 1208; x_wconf 87' lang='lat' dir='ltr'><strong><em>conjuncti</em></strong></span> <span class='ocrx_word' id='word_1_74' title='bbox 892 1136 962 1189; x_wconf 92' lang='lat' dir='ltr'><strong><em>sunt</em></strong></span> <span class='ocrx_word' id='word_1_75' title='bbox 983 1126 1052 1187; x_wconf 91' lang='lat' dir='ltr'><strong><em>San-</em></strong></span> 
     </span>
     <span class='ocr_line' id='line_1_12' title="bbox 100 1208 1054 1285; baseline 0.003 -21"><span class='ocrx_word' id='word_1_76' title='bbox 100 1208 167 1277; x_wconf 91' lang='lat' dir='ltr'><strong><em>cti,</em></strong></span> <span class='ocrx_word' id='word_1_77' title='bbox 192 1224 319 1283; x_wconf 79' lang='lat' dir='ltr'><strong><em>quomm</em></strong></span> <span class='ocrx_word' id='word_1_78' title='bbox 344 1208 496 1285; x_wconf 83' lang='lat' dir='ltr'><strong><em>Reliquiae</em></strong></span> <span class='ocrx_word' id='word_1_79' title='bbox 530 1213 569 1271; x_wconf 92' lang='lat' dir='ltr'><strong><em>ibi</em></strong></span> <span class='ocrx_word' id='word_1_80' title='bbox 591 1218 761 1273; x_wconf 88' lang='lat' dir='ltr'><strong><em>servantur.</em></strong></span> <span class='ocrx_word' id='word_1_81' title='bbox 785 1208 1000 1276; x_wconf 83' lang='lat' dir='ltr'><strong><em>Canthusiani,</em></strong></span> <span class='ocrx_word' id='word_1_82' title='bbox 1025 1214 1054 1268; x_wconf 87' lang='lat' dir='ltr'><strong><em>et</em></strong></span> 
     </span>
     <span class='ocr_line' id='line_1_13' title="bbox 101 1284 1055 1370; baseline 0.001 -23"><span class='ocrx_word' id='word_1_83' title='bbox 101 1284 225 1348; x_wconf 86' lang='lat' dir='ltr'><strong><em>Fratres</em></strong></span> <span class='ocrx_word' id='word_1_84' title='bbox 247 1287 484 1363; x_wconf 82' lang='lat' dir='ltr'><strong><em>Praedicatores,</em></strong></span> <span class='ocrx_word' id='word_1_85' title='bbox 509 1293 602 1353; x_wconf 89' lang='lat' dir='ltr'><strong><em>osculi</em></strong></span> <span class='ocrx_word' id='word_1_86' title='bbox 626 1295 703 1363; x_wconf 89' lang='lat' dir='ltr'><strong><em>loco,</em></strong></span> <span class='ocrx_word' id='word_1_87' title='bbox 727 1295 831 1354; x_wconf 85' lang='lat' dir='ltr'><strong><em>Altare</em></strong></span> <span class='ocrx_word' id='word_1_88' title='bbox 854 1294 950 1370; x_wconf 92' lang='lat' dir='ltr'><strong><em>ipsum</em></strong></span> <span class='ocrx_word' id='word_1_89' title='bbox 974 1290 1055 1350; x_wconf 85' lang='lat' dir='ltr'><strong><em>inclt-</em></strong></span> 
     </span>
     <span class='ocr_line' id='line_1_14' title="bbox 89 1372 1056 1445; baseline 0.004 -18"><span class='ocrx_word' id='word_1_90' title='bbox 89 1376 171 1430; x_wconf 89' lang='lat' dir='ltr'><strong><em>uato</em></strong></span> <span class='ocrx_word' id='word_1_91' title='bbox 204 1373 300 1445; x_wconf 90' lang='lat' dir='ltr'><strong><em>capite</em></strong></span> <span class='ocrx_word' id='word_1_92' title='bbox 319 1372 464 1432; x_wconf 89' lang='lat' dir='ltr'><strong><em>satutant.</em></strong></span> <span class='ocrx_word' id='word_1_93' title='bbox 490 1372 566 1432; x_wconf 83' lang='lat' dir='ltr'><strong><em>llum</em></strong></span> <span class='ocrx_word' id='word_1_94' title='bbox 596 1376 752 1435; x_wconf 89' lang='lat' dir='ltr'><strong><em>osculatur</em></strong></span> <span class='ocrx_word' id='word_1_95' title='bbox 780 1375 883 1434; x_wconf 87' lang='lat' dir='ltr'><strong><em>Altare</em></strong></span> <span class='ocrx_word' id='word_1_96' title='bbox 910 1372 1056 1435; x_wconf 88' lang='lat' dir='ltr'><strong><em>Sacerdos</em></strong></span> 
     </span>
     <span class='ocr_line' id='line_1_15' title="bbox 105 1456 1054 1531; baseline 0.004 -22"><span class='ocrx_word' id='word_1_97' title='bbox 105 1468 255 1529; x_wconf 88' lang='lat' dir='ltr'><strong><em>supereo</em></strong></span> <span class='ocrx_word' id='word_1_98' title='bbox 279 1470 384 1513; x_wconf 89' lang='lat' dir='ltr'><strong><em>manus</em></strong></span> <span class='ocrx_word' id='word_1_99' title='bbox 407 1460 543 1514; x_wconf 84' lang='lat' dir='ltr'><strong><em>extensas</em></strong></span> <span class='ocrx_word' id='word_1_100' title='bbox 566 1458 733 1531; x_wconf 86' lang='lat' dir='ltr'><strong><em>aequaliter</em></strong></span> <span class='ocrx_word' id='word_1_101' title='bbox 762 1456 832 1515; x_wconf 87' lang='lat' dir='ltr'><strong><em>hinc</em></strong></span> <span class='ocrx_word' id='word_1_102' title='bbox 854 1456 921 1513; x_wconf 91' lang='lat' dir='ltr'><strong><em>inde</em></strong></span> <span class='ocrx_word' id='word_1_103' title='bbox 943 1470 1054 1530; x_wconf 87' lang='lat' dir='ltr'><strong><em>ponere</em></strong></span> 
     </span>
     <span class='ocr_line' id='line_1_16' title="bbox 98 1528 1055 1614; baseline 0.008 -24"><span class='ocrx_word' id='word_1_104' title='bbox 98 1528 203 1591; x_wconf 88' lang='lat' dir='ltr'><strong><em>debet.</em></strong></span> <span class='ocrx_word' id='word_1_105' title='bbox 221 1530 297 1599; x_wconf 85' lang='lat' dir='ltr'><strong><em>Hoc.</em></strong></span> <span class='ocrx_word' id='word_1_106' title='bbox 316 1536 358 1593; x_wconf 90' lang='lat' dir='ltr'><strong><em>ait</em></strong></span> <span class='ocrx_word' id='word_1_107' title='bbox 373 1535 542 1604; x_wconf 86' lang='lat' dir='ltr'><strong><em>Durandus,</em></strong></span> <span class='ocrx_word' id='word_1_108' title='bbox 560 1541 706 1614; x_wconf 87' lang='lat' dir='ltr'><strong><em>praestari</em></strong></span> <span class='ocrx_word' id='word_1_109' title='bbox 722 1538 821 1606; x_wconf 90' lang='lat' dir='ltr'><strong><em>debet,</em></strong></span> <span class='ocrx_word' id='word_1_110' title='bbox 838 1538 907 1613; x_wconf 82' lang='lat' dir='ltr'><strong><em>quia</em></strong></span> <span class='ocrx_word' id='word_1_111' title='bbox 921 1536 1055 1593; x_wconf 85' lang='lat' dir='ltr'><strong><em>omnium</em></strong></span> 
     </span>
     <span class='ocr_line' id='line_1_17' title="bbox 103 1614 1056 1696; baseline 0.001 -23"><span class='ocrx_word' id='word_1_112' title='bbox 103 1614 316 1690; x_wconf 88' lang='lat' dir='ltr'><strong><em>temporalium</em></strong></span> <span class='ocrx_word' id='word_1_113' title='bbox 344 1633 448 1675; x_wconf 88' lang='lat' dir='ltr'><strong><em>curam</em></strong></span> <span class='ocrx_word' id='word_1_114' title='bbox 472 1618 562 1678; x_wconf 88' lang='lat' dir='ltr'><strong><em>debet</em></strong></span> <span class='ocrx_word' id='word_1_115' title='bbox 583 1620 755 1696; x_wconf 85' lang='lat' dir='ltr'><strong><em>deponere,</em></strong></span> <span class='ocrx_word' id='word_1_116' title='bbox 779 1620 829 1695; x_wconf 88' lang='lat' dir='ltr'><strong><em>qui</em></strong></span> <span class='ocrx_word' id='word_1_117' title='bbox 862 1617 913 1675; x_wconf 90' lang='lat' dir='ltr'><strong><em>dat</em></strong></span> <span class='ocrx_word' id='word_1_118' title='bbox 933 1632 1056 1692; x_wconf 87' lang='lat' dir='ltr'><strong><em>operam</em></strong></span> 
     </span>
     <span class='ocr_line' id='line_1_18' title="bbox 104 1694 1057 1766; baseline -0.002 -11"><span class='ocrx_word' id='word_1_119' title='bbox 104 1699 188 1755; x_wconf 88' lang='lat' dir='ltr'><strong><em>tanto</em></strong></span> <span class='ocrx_word' id='word_1_120' title='bbox 211 1694 379 1757; x_wconf 80' lang='lat' dir='ltr'><strong><em>Sacrificio,</em></strong></span> <span class='ocrx_word' id='word_1_121' title='bbox 397 1700 445 1757; x_wconf 87' lang='lat' dir='ltr'><strong><em>vel</em></strong></span> <span class='ocrx_word' id='word_1_122' title='bbox 468 1700 565 1765; x_wconf 76' lang='lat' dir='ltr'><strong><em>utait</em></strong></span> <span class='ocrx_word' id='word_1_123' title='bbox 581 1700 738 1766; x_wconf 86' lang='lat' dir='ltr'><strong><em>Eduensis,</em></strong></span> <span class='ocrx_word' id='word_1_124' title='bbox 759 1701 786 1758; x_wconf 93' lang='lat' dir='ltr'><strong><em>id</em></strong></span> <span class='ocrx_word' id='word_1_125' title='bbox 810 1699 842 1759; x_wconf 87' lang='lat' dir='ltr'><strong><em>fit</em></strong></span> <span class='ocrx_word' id='word_1_126' title='bbox 863 1700 899 1757; x_wconf 94' lang='lat' dir='ltr'><strong><em>ad</em></strong></span> <span class='ocrx_word' id='word_1_127' title='bbox 924 1698 1057 1756; x_wconf 90' lang='lat' dir='ltr'><strong><em>indican-</em></strong></span> 
     </span>
     <span class='ocr_line' id='line_1_19' title="bbox 103 1776 1056 1855; baseline 0.002 -21"><span class='ocrx_word' id='word_1_128' title='bbox 103 1776 174 1835; x_wconf 90' lang='lat' dir='ltr'><strong><em>dam</em></strong></span> <span class='ocrx_word' id='word_1_129' title='bbox 197 1793 301 1851; x_wconf 88' lang='lat' dir='ltr'><strong><em>pacem</em></strong></span> <span class='ocrx_word' id='word_1_130' title='bbox 330 1776 439 1837; x_wconf 85' lang='lat' dir='ltr'><strong><em>alesu</em></strong></span> <span class='ocrx_word' id='word_1_131' title='bbox 462 1779 581 1840; x_wconf 82' lang='lat' dir='ltr'><strong><em>Christo</em></strong></span> <span class='ocrx_word' id='word_1_132' title='bbox 612 1783 782 1841; x_wconf 89' lang='lat' dir='ltr'><strong><em>nunciatam</em></strong></span> <span class='ocrx_word' id='word_1_133' title='bbox 806 1779 924 1854; x_wconf 91' lang='lat' dir='ltr'><strong><em>utrique</em></strong></span> <span class='ocrx_word' id='word_1_134' title='bbox 947 1777 1056 1855; x_wconf 92' lang='lat' dir='ltr'><strong><em>populo</em></strong></span> 
     </span>
     <span class='ocr_line' id='line_1_20' title="bbox 102 1856 1057 1939; baseline 0.003 -24"><span class='ocrx_word' id='word_1_135' title='bbox 102 1856 229 1917; x_wconf 83' lang='lat' dir='ltr'><strong><em>ludaico</em></strong></span> <span class='ocrx_word' id='word_1_136' title='bbox 253 1874 371 1934; x_wconf 90' lang='lat' dir='ltr'><strong><em>nempe,</em></strong></span> <span class='ocrx_word' id='word_1_137' title='bbox 396 1866 426 1919; x_wconf 90' lang='lat' dir='ltr'><strong><em>et</em></strong></span> <span class='ocrx_word' id='word_1_138' title='bbox 448 1858 577 1927; x_wconf 87' lang='lat' dir='ltr'><strong><em>Gentili,</em></strong></span> <span class='ocrx_word' id='word_1_139' title='bbox 601 1865 651 1939; x_wconf 75' lang='lat' dir='ltr'><strong><em>epu</em></strong></span> <span class='ocrx_word' id='word_1_140' title='bbox 673 1861 855 1938; x_wconf 82' lang='lat' dir='ltr'><strong><em>significatur</em></strong></span> <span class='ocrx_word' id='word_1_141' title='bbox 877 1862 905 1918; x_wconf 91' lang='lat' dir='ltr'><strong><em>in</em></strong></span> <span class='ocrx_word' id='word_1_142' title='bbox 930 1867 1057 1935; x_wconf 87' lang='lat' dir='ltr'><strong><em>utroque</em></strong></span> 
     </span>
     <span class='ocr_line' id='line_1_21' title="bbox 105 1939 347 1999; baseline 0.004 -2"><span class='ocrx_word' id='word_1_143' title='bbox 105 1939 202 1999; x_wconf 86' lang='lat' dir='ltr'><strong><em>latere</em></strong></span> <span class='ocrx_word' id='word_1_144' title='bbox 225 1940 347 1999; x_wconf 89' lang='lat' dir='ltr'><strong><em>Altaris.</em></strong></span> 
     </span>
    </p>
   </div>
   <div class='ocr_carea' id='block_1_3' title="bbox 475 2102 681 2166">
    <p class='ocr_par' dir='ltr' id='par_1_4' title="bbox 475 2102 681 2166">
     <span class='ocr_line' id='line_1_22' title="bbox 475 2102 681 2166; baseline 0.015 -3"><span class='ocrx_word' id='word_1_145' title='bbox 475 2102 601 2164; x_wconf 87' lang='lat' dir='ltr'><strong><em>CAPUT</em></strong></span> <span class='ocrx_word' id='word_1_146' title='bbox 624 2104 681 2166; x_wconf 84' lang='lat' dir='ltr'><strong><em>tx.</em></strong></span> 
     </span>
    </p>
   </div>
   <div class='ocr_carea' id='block_1_4' title="bbox 190 2280 976 2410">
    <p class='ocr_par' dir='ltr' id='par_1_5' title="bbox 190 2280 976 2410">
     <span class='ocr_line' id='line_1_23' title="bbox 190 2280 976 2329; baseline -0.006 0"><span class='ocrx_word' id='word_1_147' title='bbox 190 2280 232 2329; x_wconf 80' lang='lat' dir='ltr'><strong><em>DE</em></strong></span> <span class='ocrx_word' id='word_1_148' title='bbox 255 2282 370 2327; x_wconf 75' lang='lat' dir='ltr'><strong><em>Tfluuts</em></strong></span> <span class='ocrx_word' id='word_1_149' title='bbox 393 2284 434 2327; x_wconf 80' lang='lat' dir='ltr'><strong><em>Au</em></strong></span> <span class='ocrx_word' id='word_1_150' title='bbox 457 2283 582 2326; x_wconf 81' lang='lat' dir='ltr'><strong><em>ALTAEE</em></strong></span> <span class='ocrx_word' id='word_1_151' title='bbox 603 2284 636 2327; x_wconf 81' lang='lat' dir='ltr'><strong><em>lu</em></strong></span> <span class='ocrx_word' id='word_1_152' title='bbox 660 2284 759 2328; x_wconf 78' lang='lat' dir='ltr'><strong><em>mssls</em></strong></span> <span class='ocrx_word' id='word_1_153' title='bbox 783 2282 976 2328; x_wconf 74' lang='lat' dir='ltr'><strong><em>souauutuus</em></strong></span> 
     </span>
     <span class='ocr_line' id='line_1_24' title="bbox 465 2362 706 2410; baseline 0.008 -4"><span class='ocrx_word' id='word_1_154' title='bbox 465 2362 706 2410; x_wconf 76' lang='lat' dir='ltr'><strong><em>tncuusautorttt.</em></strong></span> 
     </span>
    </p>
   </div>
   <div class='ocr_carea' id='block_1_5' title="bbox 107 2505 1065 3728">
    <p class='ocr_par' dir='ltr' id='par_1_6' title="bbox 107 2505 1065 3728">
     <span class='ocr_line' id='line_1_25' title="bbox 148 2505 1061 2585; baseline -0.009 -14"><span class='ocrx_word' id='word_1_155' title='bbox 148 2511 174 2571; x_wconf 88' lang='lat'><strong><em>1.</em></strong></span> <span class='ocrx_word' id='word_1_156' title='bbox 198 2508 287 2570; x_wconf 88' lang='lat' dir='ltr'><strong><em>Nulla</em></strong></span> <span class='ocrx_word' id='word_1_157' title='bbox 309 2515 355 2571; x_wconf 92' lang='lat' dir='ltr'><strong><em>est</em></strong></span> <span class='ocrx_word' id='word_1_158' title='bbox 376 2508 588 2571; x_wconf 80' lang='lat' dir='ltr'><strong><em>Ecclesiastico</em></strong></span> <span class='ocrx_word' id='word_1_159' title='bbox 603 2511 815 2580; x_wconf 71' lang='lat' dir='ltr'><strong><em>caeremonia,</em></strong></span> <span class='ocrx_word' id='word_1_160' title='bbox 832 2507 920 2585; x_wconf 83' lang='lat' dir='ltr'><strong><em>cujus</em></strong></span> <span class='ocrx_word' id='word_1_161' title='bbox 942 2505 1061 2567; x_wconf 88' lang='lat' dir='ltr'><strong><em>crehior</em></strong></span> 
     </span>
     <span class='ocr_line' id='line_1_26' title="bbox 107 2590 1063 2669; baseline -0.006 -18"><span class='ocrx_word' id='word_1_162' title='bbox 107 2593 221 2652; x_wconf 87' lang='lat' dir='ltr'><strong><em>mentio</em></strong></span> <span class='ocrx_word' id='word_1_163' title='bbox 243 2590 295 2651; x_wconf 89' lang='lat' dir='ltr'><strong><em>fiat</em></strong></span> <span class='ocrx_word' id='word_1_164' title='bbox 317 2594 345 2651; x_wconf 92' lang='lat' dir='ltr'><strong><em>in</em></strong></span> <span class='ocrx_word' id='word_1_165' title='bbox 368 2593 522 2669; x_wconf 88' lang='lat' dir='ltr'><strong><em>antiquis,</em></strong></span> <span class='ocrx_word' id='word_1_166' title='bbox 547 2598 577 2653; x_wconf 87' lang='lat' dir='ltr'><strong><em>ct</em></strong></span> <span class='ocrx_word' id='word_1_167' title='bbox 598 2593 813 2652; x_wconf 91' lang='lat' dir='ltr'><strong><em>recentioribus</em></strong></span> <span class='ocrx_word' id='word_1_168' title='bbox 836 2590 969 2649; x_wconf 88' lang='lat' dir='ltr'><strong><em>omniurn</em></strong></span> <span class='ocrx_word' id='word_1_169' title='bbox 992 2603 1063 2665; x_wconf 83' lang='lat' dir='ltr'><strong><em>gen-</em></strong></span> 
     </span>
     <span class='ocr_line' id='line_1_27' title="bbox 108 2671 1062 2752; baseline -0.007 -18"><span class='ocrx_word' id='word_1_170' title='bbox 108 2675 185 2734; x_wconf 89' lang='lat' dir='ltr'><strong><em>tium</em></strong></span> <span class='ocrx_word' id='word_1_171' title='bbox 202 2672 355 2749; x_wconf 71' lang='lat' dir='ltr'><strong><em>Liturgiie</em></strong></span> <span class='ocrx_word' id='word_1_172' title='bbox 374 2690 464 2748; x_wconf 88' lang='lat' dir='ltr'><strong><em>quam</em></strong></span> <span class='ocrx_word' id='word_1_173' title='bbox 481 2674 579 2733; x_wconf 88' lang='lat' dir='ltr'><strong><em>thuris</em></strong></span> <span class='ocrx_word' id='word_1_174' title='bbox 595 2682 626 2735; x_wconf 87' lang='lat' dir='ltr'><strong><em>et</em></strong></span> <span class='ocrx_word' id='word_1_175' title='bbox 642 2674 860 2752; x_wconf 82' lang='lat' dir='ltr'><strong><em>thymiamatis,</em></strong></span> <span class='ocrx_word' id='word_1_176' title='bbox 878 2671 957 2747; x_wconf 90' lang='lat' dir='ltr'><strong><em>quod</em></strong></span> <span class='ocrx_word' id='word_1_177' title='bbox 973 2686 1062 2745; x_wconf 89' lang='lat' dir='ltr'><strong><em>saepe</em></strong></span> 
     </span>
     <span class='ocr_line' id='line_1_28' title="bbox 109 2750 1063 2823; baseline -0.006 -10"><span class='ocrx_word' id='word_1_178' title='bbox 109 2756 189 2815; x_wconf 89' lang='lat' dir='ltr'><strong><em>inter</em></strong></span> <span class='ocrx_word' id='word_1_179' title='bbox 217 2754 446 2815; x_wconf 87' lang='lat' dir='ltr'><strong><em>sacrificandum</em></strong></span> <span class='ocrx_word' id='word_1_180' title='bbox 474 2755 621 2815; x_wconf 86' lang='lat' dir='ltr'><strong><em>adoletur.</em></strong></span> <span class='ocrx_word' id='word_1_181' title='bbox 647 2754 786 2823; x_wconf 81' lang='lat' dir='ltr'><strong><em>Solemus</em></strong></span> <span class='ocrx_word' id='word_1_182' title='bbox 820 2754 877 2812; x_wconf 92' lang='lat' dir='ltr'><strong><em>hoc</em></strong></span> <span class='ocrx_word' id='word_1_183' title='bbox 900 2751 958 2810; x_wconf 84' lang='lat' dir='ltr'><strong><em>luit</em></strong></span> <span class='ocrx_word' id='word_1_184' title='bbox 981 2750 1063 2810; x_wconf 90' lang='lat' dir='ltr'><strong><em>omni</em></strong></span> 
     </span>
     <span class='ocr_line' id='line_1_29' title="bbox 109 2834 1063 2911; baseline -0.006 -16"><span class='ocrx_word' id='word_1_185' title='bbox 109 2835 229 2898; x_wconf 86' lang='lat' dir='ltr'><strong><em>nationi.</em></strong></span> <span class='ocrx_word' id='word_1_186' title='bbox 245 2838 437 2911; x_wconf 86' lang='lat' dir='ltr'><strong><em>quantumvis</em></strong></span> <span class='ocrx_word' id='word_1_187' title='bbox 452 2834 598 2895; x_wconf 89' lang='lat' dir='ltr'><strong><em>barbarae</em></strong></span> <span class='ocrx_word' id='word_1_188' title='bbox 620 2841 652 2896; x_wconf 90' lang='lat' dir='ltr'><strong><em>et</em></strong></span> <span class='ocrx_word' id='word_1_189' title='bbox 670 2853 760 2897; x_wconf 88' lang='lat' dir='ltr'><strong><em>verae</em></strong></span> <span class='ocrx_word' id='word_1_190' title='bbox 784 2834 937 2909; x_wconf 84' lang='lat' dir='ltr'><strong><em>religionis</em></strong></span> <span class='ocrx_word' id='word_1_191' title='bbox 955 2849 1063 2909; x_wconf 88' lang='lat' dir='ltr'><strong><em>exper-</em></strong></span> 
     </span>
     <span class='ocr_line' id='line_1_30' title="bbox 109 2913 1063 2994; baseline -0.008 -16"><span class='ocrx_word' id='word_1_192' title='bbox 109 2919 155 2989; x_wconf 87' lang='lat' dir='ltr'><strong><em>ti,</em></strong></span> <span class='ocrx_word' id='word_1_193' title='bbox 179 2923 216 2977; x_wconf 78' lang='lat' dir='ltr'><strong><em>nt</em></strong></span> <span class='ocrx_word' id='word_1_194' title='bbox 236 2919 349 2978; x_wconf 89' lang='lat' dir='ltr'><strong><em>nullum</em></strong></span> <span class='ocrx_word' id='word_1_195' title='bbox 372 2914 553 2977; x_wconf 83' lang='lat' dir='ltr'><strong><em>sacrificinm</em></strong></span> <span class='ocrx_word' id='word_1_196' title='bbox 587 2918 643 2977; x_wconf 90' lang='lat' dir='ltr'><strong><em>rite</em></strong></span> <span class='ocrx_word' id='word_1_197' title='bbox 670 2918 774 2994; x_wconf 81' lang='lat' dir='ltr'><strong><em>peragi</em></strong></span> <span class='ocrx_word' id='word_1_198' title='bbox 797 2914 978 2975; x_wconf 89' lang='lat' dir='ltr'><strong><em>crediderint</em></strong></span> <span class='ocrx_word' id='word_1_199' title='bbox 999 2913 1063 2971; x_wconf 90' lang='lat' dir='ltr'><strong><em>sine</em></strong></span> 
     </span>
     <span class='ocr_line' id='line_1_31' title="bbox 108 2994 1063 3074; baseline -0.007 -15"><span class='ocrx_word' id='word_1_200' title='bbox 108 3000 253 3068; x_wconf 84' lang='lat' dir='ltr'><strong><em>incenso,</em></strong></span> <span class='ocrx_word' id='word_1_201' title='bbox 277 3000 324 3059; x_wconf 87' lang='lat' dir='ltr'><strong><em>vel</em></strong></span> <span class='ocrx_word' id='word_1_202' title='bbox 347 2997 447 3074; x_wconf 91' lang='lat' dir='ltr'><strong><em>aliquo</em></strong></span> <span class='ocrx_word' id='word_1_203' title='bbox 469 2998 576 3058; x_wconf 87' lang='lat' dir='ltr'><strong><em>saltem</em></strong></span> <span class='ocrx_word' id='word_1_204' title='bbox 600 2997 752 3058; x_wconf 84' lang='lat' dir='ltr'><strong><em>odorifero</em></strong></span> <span class='ocrx_word' id='word_1_205' title='bbox 773 2997 957 3057; x_wconf 85' lang='lat' dir='ltr'><strong><em>suffimento.</em></strong></span> <span class='ocrx_word' id='word_1_206' title='bbox 979 2994 1063 3071; x_wconf 84' lang='lat' dir='ltr'><strong><em>Magi</em></strong></span> 
     </span>
     <span class='ocr_line' id='line_1_32' title="bbox 109 3072 1065 3156; baseline -0.008 -14"><span class='ocrx_word' id='word_1_207' title='bbox 109 3082 201 3143; x_wconf 87' lang='lat' dir='ltr'><strong><em>thure</em></strong></span> <span class='ocrx_word' id='word_1_208' title='bbox 224 3079 375 3141; x_wconf 86' lang='lat' dir='ltr'><strong><em>Christum</em></strong></span> <span class='ocrx_word' id='word_1_209' title='bbox 397 3080 494 3140; x_wconf 90' lang='lat' dir='ltr'><strong><em>Deum</em></strong></span> <span class='ocrx_word' id='word_1_210' title='bbox 517 3082 651 3141; x_wconf 90' lang='lat' dir='ltr'><strong><em>venerati</em></strong></span> <span class='ocrx_word' id='word_1_211' title='bbox 666 3086 697 3141; x_wconf 87' lang='lat' dir='ltr'><strong><em>et</em></strong></span> <span class='ocrx_word' id='word_1_212' title='bbox 712 3080 837 3156; x_wconf 77' lang='lat' dir='ltr'><strong><em>professi</em></strong></span> <span class='ocrx_word' id='word_1_213' title='bbox 860 3083 939 3138; x_wconf 92' lang='lat' dir='ltr'><strong><em>sunt.</em></strong></span> <span class='ocrx_word' id='word_1_214' title='bbox 956 3072 1065 3136; x_wconf 82' lang='lat' dir='ltr'><strong><em>Exem-</em></strong></span> 
     </span>
     <span class='ocr_line' id='line_1_33' title="bbox 110 3155 1064 3240; baseline -0.008 -17"><span class='ocrx_word' id='word_1_215' title='bbox 110 3164 159 3240; x_wconf 92' lang='lat' dir='ltr'><strong><em>plo</em></strong></span> <span class='ocrx_word' id='word_1_216' title='bbox 182 3161 332 3223; x_wconf 87' lang='lat' dir='ltr'><strong><em>Mosaicae</em></strong></span> <span class='ocrx_word' id='word_1_217' title='bbox 356 3160 441 3239; x_wconf 85' lang='lat' dir='ltr'><strong><em>Legis</em></strong></span> <span class='ocrx_word' id='word_1_218' title='bbox 463 3162 600 3237; x_wconf 84' lang='lat' dir='ltr'><strong><em>Apostoli</em></strong></span> <span class='ocrx_word' id='word_1_219' title='bbox 622 3163 751 3239; x_wconf 89' lang='lat' dir='ltr'><strong><em>permoti</em></strong></span> <span class='ocrx_word' id='word_1_220' title='bbox 775 3162 803 3221; x_wconf 93' lang='lat' dir='ltr'><strong><em>in</em></strong></span> <span class='ocrx_word' id='word_1_221' title='bbox 826 3160 926 3219; x_wconf 90' lang='lat' dir='ltr'><strong><em>divino</em></strong></span> <span class='ocrx_word' id='word_1_222' title='bbox 948 3155 1064 3218; x_wconf 86' lang='lat' dir='ltr'><strong><em>Sacrifi-</em></strong></span> 
     </span>
     <span class='ocr_line' id='line_1_34' title="bbox 110 3242 1063 3318; baseline -0.003 -15"><span class='ocrx_word' id='word_1_223' title='bbox 110 3245 157 3303; x_wconf 91' lang='lat' dir='ltr'><strong><em>cio</em></strong></span> <span class='ocrx_word' id='word_1_224' title='bbox 179 3244 353 3304; x_wconf 87' lang='lat' dir='ltr'><strong><em>solemniter</em></strong></span> <span class='ocrx_word' id='word_1_225' title='bbox 376 3242 555 3303; x_wconf 88' lang='lat' dir='ltr'><strong><em>celebrando</em></strong></span> <span class='ocrx_word' id='word_1_226' title='bbox 578 3244 667 3303; x_wconf 87' lang='lat' dir='ltr'><strong><em>thure</em></strong></span> <span class='ocrx_word' id='word_1_227' title='bbox 687 3246 732 3302; x_wconf 91' lang='lat' dir='ltr'><strong><em>usi</em></strong></span> <span class='ocrx_word' id='word_1_228' title='bbox 754 3248 834 3310; x_wconf 85' lang='lat' dir='ltr'><strong><em>sunt,</em></strong></span> <span class='ocrx_word' id='word_1_229' title='bbox 858 3248 945 3318; x_wconf 87' lang='lat' dir='ltr'><strong><em>atque</em></strong></span> <span class='ocrx_word' id='word_1_230' title='bbox 960 3257 997 3300; x_wconf 87' lang='lat' dir='ltr'><strong><em>ex</em></strong></span> <span class='ocrx_word' id='word_1_231' title='bbox 1013 3256 1063 3300; x_wconf 91' lang='lat' dir='ltr'><strong><em>co·</em></strong></span> 
     </span>
     <span class='ocr_line' id='line_1_35' title="bbox 110 3319 1063 3401; baseline -0.004 -16"><span class='ocrx_word' id='word_1_232' title='bbox 110 3342 179 3385; x_wconf 90' lang='lat' dir='ltr'><strong><em>rum</em></strong></span> <span class='ocrx_word' id='word_1_233' title='bbox 202 3324 361 3399; x_wconf 80' lang='lat' dir='ltr'><strong><em>traditione</em></strong></span> <span class='ocrx_word' id='word_1_234' title='bbox 384 3322 538 3385; x_wconf 89' lang='lat' dir='ltr'><strong><em>Catholica</em></strong></span> <span class='ocrx_word' id='word_1_235' title='bbox 560 3324 673 3401; x_wconf 90' lang='lat' dir='ltr'><strong><em>ubique</em></strong></span> <span class='ocrx_word' id='word_1_236' title='bbox 694 3343 746 3384; x_wconf 92' lang='lat' dir='ltr'><strong><em>usa</em></strong></span> <span class='ocrx_word' id='word_1_237' title='bbox 762 3330 808 3386; x_wconf 92' lang='lat' dir='ltr'><strong><em>est</em></strong></span> <span class='ocrx_word' id='word_1_238' title='bbox 823 3341 943 3399; x_wconf 87' lang='lat' dir='ltr'><strong><em>semper</em></strong></span> <span class='ocrx_word' id='word_1_239' title='bbox 958 3319 1063 3382; x_wconf 88' lang='lat' dir='ltr'><strong><em>Eccle-</em></strong></span> 
     </span>
     <span class='ocr_line' id='line_1_36' title="bbox 110 3399 1065 3485; baseline -0.005 -18"><span class='ocrx_word' id='word_1_240' title='bbox 110 3408 167 3467; x_wconf 89' lang='lat' dir='ltr'><strong><em>sia.</em></strong></span> <span class='ocrx_word' id='word_1_241' title='bbox 191 3404 374 3467; x_wconf 89' lang='lat' dir='ltr'><strong><em>Guillelmus</em></strong></span> <span class='ocrx_word' id='word_1_242' title='bbox 396 3408 580 3485; x_wconf 81' lang='lat' dir='ltr'><strong><em>Beveregius</em></strong></span> <span class='ocrx_word' id='word_1_243' title='bbox 597 3405 779 3484; x_wconf 79' lang='lat' dir='ltr'><strong><em>Anglicanus</em></strong></span> <span class='ocrx_word' id='word_1_244' title='bbox 800 3404 946 3483; x_wconf 90' lang='lat' dir='ltr'><strong><em>Scriptor,</em></strong></span> <span class='ocrx_word' id='word_1_245' title='bbox 963 3404 993 3461; x_wconf 87' lang='lat' dir='ltr'><strong><em>in</em></strong></span> <span class='ocrx_word' id='word_1_246' title='bbox 1008 3399 1065 3462; x_wconf 86' lang='lat' dir='ltr'><strong><em>Co·</em></strong></span> 
     </span>
     <span class='ocr_line' id='line_1_37' title="bbox 114 3484 1065 3565; baseline -0.003 -18"><span class='ocrx_word' id='word_1_247' title='bbox 114 3487 180 3549; x_wconf 92' lang='lat' dir='ltr'><strong><em>dice</em></strong></span> <span class='ocrx_word' id='word_1_248' title='bbox 202 3486 359 3549; x_wconf 86' lang='lat' dir='ltr'><strong><em>Canonum</em></strong></span> <span class='ocrx_word' id='word_1_249' title='bbox 394 3490 563 3565; x_wconf 82' lang='lat' dir='ltr'><strong><em>primitivae</em></strong></span> <span class='ocrx_word' id='word_1_250' title='bbox 589 3487 743 3550; x_wconf 86' lang='lat' dir='ltr'><strong><em>Ecclesiae</em></strong></span> <span class='ocrx_word' id='word_1_251' title='bbox 774 3488 924 3547; x_wconf 80' lang='lat' dir='ltr'><strong><em>vindicato</em></strong></span> <span class='ocrx_word' id='word_1_252' title='bbox 946 3484 1013 3544; x_wconf 89' lang='lat' dir='ltr'><strong><em>Lib.</em></strong></span> <span class='ocrx_word' id='word_1_253' title='bbox 1037 3484 1065 3546; x_wconf 91' lang='lat'><strong><em>11</em></strong></span> 
     </span>
     <span class='ocr_line' id='line_1_38' title="bbox 112 3568 1064 3648; baseline -0.006 -17"><span class='ocrx_word' id='word_1_254' title='bbox 112 3568 188 3648; x_wconf 85' lang='lat' dir='ltr'><strong><em>Cap.</em></strong></span> <span class='ocrx_word' id='word_1_255' title='bbox 212 3568 232 3629; x_wconf 74' lang='lat' dir='ltr'><strong><em>E</em></strong></span> <span class='ocrx_word' id='word_1_256' title='bbox 255 3576 273 3643; x_wconf 53' lang='grc' dir='ltr'>ᾗ</span> <span class='ocrx_word' id='word_1_257' title='bbox 296 3568 315 3629; x_wconf 82' lang='grc'><strong>5</strong></span> <span class='ocrx_word' id='word_1_258' title='bbox 337 3570 373 3629; x_wconf 92' lang='lat' dir='ltr'><strong><em>ad</em></strong></span> <span class='ocrx_word' id='word_1_259' title='bbox 397 3570 575 3632; x_wconf 81' lang='lat' dir='ltr'><strong><em>refellendas</em></strong></span> <span class='ocrx_word' id='word_1_260' title='bbox 596 3569 717 3629; x_wconf 87' lang='lat' dir='ltr'><strong><em>loannis</em></strong></span> <span class='ocrx_word' id='word_1_261' title='bbox 738 3568 852 3629; x_wconf 86' lang='lat' dir='ltr'><strong><em>Dallaei</em></strong></span> <span class='ocrx_word' id='word_1_262' title='bbox 875 3568 1064 3637; x_wconf 89' lang='lat' dir='ltr'><strong><em>calumnias,</em></strong></span> 
     </span>
     <span class='ocr_line' id='line_1_39' title="bbox 115 3649 1065 3728; baseline -0.003 -17"><span class='ocrx_word' id='word_1_263' title='bbox 115 3652 225 3713; x_wconf 91' lang='lat' dir='ltr'><strong><em>incensi</em></strong></span> <span class='ocrx_word' id='word_1_264' title='bbox 249 3669 337 3713; x_wconf 90' lang='lat' dir='ltr'><strong><em>nsum</em></strong></span> <span class='ocrx_word' id='word_1_265' title='bbox 353 3649 568 3728; x_wconf 84' lang='lat' dir='ltr'><strong><em>Apostolorum</em></strong></span> <span class='ocrx_word' id='word_1_266' title='bbox 591 3668 668 3712; x_wconf 88' lang='lat' dir='ltr'><strong><em>aevo</em></strong></span> <span class='ocrx_word' id='word_1_267' title='bbox 689 3667 850 3728; x_wconf 88' lang='lat' dir='ltr'><strong><em>supparem</em></strong></span> <span class='ocrx_word' id='word_1_268' title='bbox 867 3650 1065 3717; x_wconf 88' lang='lat' dir='ltr'><strong><em>demonstrat,</em></strong></span> 
     </span>
    </p>
   </div>
   <div class='ocr_carea' id='block_1_6' title="bbox 252 3745 931 3800">
    <p class='ocr_par' dir='ltr' id='par_1_7' title="bbox 252 3745 931 3800">
     <span class='ocr_line' id='line_1_40' title="bbox 252 3745 931 3800; baseline 0.001 -2"><span class='ocrx_word' id='word_1_269' title='bbox 252 3745 311 3798; x_wconf 86' lang='lat' dir='ltr'><strong><em>Vol.</em></strong></span> <span class='ocrx_word' id='word_1_270' title='bbox 330 3749 363 3798; x_wconf 89' lang='lat' dir='ltr'><strong><em>ll.</em></strong></span> <span class='ocrx_word' id='word_1_271' title='bbox 850 3750 853 3753; x_wconf 79' lang='grc'><strong>’</strong></span> <span class='ocrx_word' id='word_1_272' title='bbox 896 3746 931 3800; x_wconf 68' lang='grc'><strong><em>23</em></strong></span> 
     </span>
    </p>
   </div>
   <div class='ocr_carea' id='block_1_7' title="bbox 0 0 1282 4059">
    <p class='ocr_par' dir='ltr' id='par_1_8' title="bbox 0 0 1282 4059">
     <span class='ocr_line' id='line_1_41' title="bbox 0 0 1282 4059; baseline 0 0"><span class='ocrx_word' id='word_1_273' title='bbox 0 0 1282 4059; x_wconf 95' lang='lat' dir='ltr'><strong><em> </em></strong></span> 
     </span>
    </p>
   </div>
  </div>
 </body>
</html>
