2517 4059
570 208 792 287 ventam

203 350 240 409 ad
263 344 471 425 postulandam
496 346 624 423 gratiam
652 346 727 404 bene
752 346 924 413 moriendi;
947 343 1063 405 Octava
1083 362 1155 407 con-

201 438 248 493 tra
271 430 425 506 Paganos3
448 424 533 487 Nona
555 434 690 503 tempore
713 426 807 497 belli;
832 427 954 487 Decima
977 445 1031 506 pro
1053 446 1128 505 pace
1142 450 1154 497 ;.

200 511 365 573 Undecima
389 528 442 589 pro
465 510 583 569 vitanda
605 508 809 579 mortalitatc;
838 511 885 569 vel
906 515 1042 586 tempore
1066 510 1152 585 pesti·

202 596 323 656 tentiae.
344 591 525 652 Duodecima
548 609 601 669 pro
623 589 767 659 infirmis;
792 586 1003 653 Mecimatertia
1027 608 1081 669 pro
1104 609 1154 669 pe-

202 677 421 755 regrinantibus
435 673 480 733 vel
499 675 555 734 iter
568 674 736 749 agentibus3
752 671 982 749 Decimaquarta
998 691 1053 750 pro
1065 691 1155 751 spon-

201 778 234 820 so
255 767 285 821 et
307 774 425 834 sponsa.
449 754 630 833 Nuperrime
654 755 723 816 huic
753 757 839 816 tertio
860 755 1034 833 Missurum
1049 757 1154 831 generi

202 843 300 903 addita
324 839 380 901 luit
403 840 473 908 illa,
498 855 575 914 quae
598 839 725 913 septimo
748 839 813 897 loco
836 837 929 914 posita
951 846 1021 906 est,
1047 855 1154 916 nempe

201 924 236 983 ad
262 921 467 1001 postulandam
491 922 616 997 gratiam
641 920 716 980 bene
739 921 908 988 moriendi,
932 937 1009 996 quac
1031 919 1155 995 quidem

199 1006 293 1067 Missa
316 1005 478 1080 camposita
502 1002 558 1062 luit
580 999 785 1062 aVenerabili
808 1000 897 1061 Card.
914 1000 1085 1070 Thomasio,
1103 1002 1154 1060 de-

201 1086 362 1148 mandante
378 1085 502 1145 Summo
523 1082 666 1143 Pontifice
687 1082 838 1143 Clemente
850 1083 907 1142 xl.
921 1082 1067 1156 Quamvis
1082 1083 1154 1143 Mis·

202 1188 253 1231 sae
278 1166 404 1228 Votivae
425 1166 563 1226 Privatae
586 1165 644 1225 dici
668 1185 725 1225 uon
748 1172 870 1242 possunt
891 1172 1031 1226 currente
1046 1163 1155 1226 Officio

201 1248 334 1328 Duplici,
351 1251 399 1309 vel
415 1248 571 1309 Dominica
593 1266 646 1324 pro
662 1265 694 1307 re
716 1252 816 1307 tamen
839 1249 932 1323 gravi.
950 1249 997 1307 vel
1014 1246 1153 1324 pubblica

199 1330 351 1393 Ecclesiae
374 1348 474 1393 causa,
499 1333 611 1390 cantari
634 1330 755 1405 poterit,
780 1347 836 1387 non
859 1331 1008 1389 tamenin
1032 1327 1153 1407 majori·

201 1416 257 1477 bus
280 1412 533 1474 Solemnitatibus.
556 1411 589 1471 ln
619 1410 717 1471 Missis
737 1410 854 1470 Votivis
880 1408 1032 1477 privatis,
1060 1413 1150 1471 etiarn

200 1504 336 1573 ternpore
360 1493 517 1561 Paschali,
541 1494 588 1552 uel
613 1494 689 1553 inira
710 1492 860 1559 Octavas,
882 1490 965 1569 juxta
988 1491 1153 1553 Rubricam

201 1579 331 1639 Missalis
354 1596 411 1637 non
434 1581 480 1637 est
502 1576 645 1635 dicendus
659 1572 799 1653 Hymnus
814 1573 986 1650 Angelum,
1012 1575 1066 1633 nisi
1090 1576 1152 1635 lue-

198 1664 239 1722 rit
255 1659 346 1721 Missa
364 1658 474 1718 Votiva
489 1656 686 1735 Angelorum:
705 1676 764 1734 quo
782 1657 901 1719 nomine
915 1658 1040 1716 veniunt
1061 1658 1153 1718 etiam

199 1743 312 1805 Missae
337 1744 473 1819 propriae
497 1739 527 1800 S.
542 1738 708 1803 Michaelis,
726 1746 757 1797 et
772 1739 802 1799 S.
817 1733 976 1800 Gabrielis.
993 1735 1038 1797 lta
1061 1739 1151 1799 etiarn

202 1827 281 1885 idem
306 1821 447 1903 Hymnus
470 1827 612 1882 recitatur
636 1824 664 1881 in
681 1820 771 1880 Missa
787 1820 895 1880 Votiva
917 1822 953 1881 de
975 1818 1151 1881 Beatissima

200 1907 327 1985 Virgine
351 1909 378 1965 in
401 1904 534 1981 quolibet
556 1904 696 1963 Sabbato.
721 1902 745 1961 t
771 1902 921 1979 praedicta
942 1903 1046 1979 regula
1076 1904 1151 1964 exci-

144 2044 147 2051 .
200 1991 326 2069 piendao
356 1993 425 2049 srrnt
447 1987 555 2047 Missae
577 1984 705 2059 Velinae
727 1984 901 2052 solemnes,
936 2002 1012 2062 quae
1043 2004 1098 2062 pro
1119 2002 1152 2043 re

201 2073 285 2150 gravi
313 2078 365 2129 aut
387 2069 504 2147 publica
529 2067 682 2129 Ecclesiae
707 2084 796 2126 cansa
819 2073 1000 2127 cantantur:
1031 2068 1151 2126 namin

200 2154 250 2215 his
274 2160 332 2213 tarn
352 2151 468 2219 Gloria,
492 2169 582 2227 quarn
608 2148 704 2211 Credo
726 2149 876 2208 dicuntur.
900 2148 1003 2222 Quoad
1026 2148 1151 2227 Symbo-

199 2236 264 2296 lum
288 2235 487 2294 certissimum
510 2238 556 2293 est
577 2232 653 2309 apud
677 2248 790 2299 ornnes,
814 2231 894 2307 quod
917 2232 946 2289 iu
969 2229 1067 2290 Missis
1089 2228 1150 2289 Vo-

200 2318 267 2377 tivis
292 2317 417 2393 privatis
432 2333 585 2392 nunquam
602 2314 710 2373 dicitur
724 2311 832 2383 Credo,
850 2314 940 2372 etiam
956 2313 980 2371 si
994 2312 1149 2373 celebren-

198 2406 249 2461 tur
271 2398 347 2458 intra
370 2398 499 2476 aliquam
523 2394 680 2457 Octavam.

239 2479 296 2541 ΙΙΙ.
321 2479 410 2541 Missa
425 2479 561 2546 cantata,
585 2484 676 2554 prout
698 2477 888 2554 distinguitur
909 2474 1085 2544 aSolemni,
1110 2475 1152 2534 si·

199 2570 251 2624 cut
272 2580 339 2622 earn
362 2562 515 2640 distinguit
536 2560 644 2635 loseph
662 2557 837 2619 Vicecomes
858 2558 893 2617 dc
908 2556 1018 2619 Missae
1035 2556 1153 2619 nictans

198 2642 266 2706 Lib.
288 2643 316 2704 V
337 2643 409 2723 Cap.
429 2643 448 2703 ‘1
471 2649 516 2703 est
537 2642 597 2709 illa,
622 2659 710 2717 quam
734 2659 801 2700 curu
825 2639 985 2700 Sacerdote
1007 2642 1071 2698 sine
1093 2638 1150 2698 Mi-

199 2725 298 2787 nistris
320 2729 412 2787 sacris
435 2726 617 2792 celebrante,
638 2722 782 2783 Cantores
805 2724 917 2783 musico
940 2712 1087 2782 concentir
1108 2720 1150 2779 al-

200 2812 329 2873 ternant,
348 2808 438 2869 Missa
454 2805 666 2869 Conventualis
686 2811 732 2864 est
745 2806 806 2866 illa,
830 2823 921 2880 quarn
938 2803 1081 2865 Rectores
1096 2798 1150 2862 Ec·

200 2891 360 2952 etesiarum
384 2888 619 2957 erchenradum,
644 2893 674 2947 et
696 2885 925 2963 collegiatarum
949 2885 1078 2963 quotidie
1101 2900 1160 2957 ec-¹

197 2972 316 3034 lebrare
333 2972 432 3033 lacere
449 2975 588 3031 tenentur
603 2969 777 3029 solemniter
800 2987 869 3029 curn
887 2974 975 3028 cantu
997 2972 1063 3042 post
1076 2964 1149 3025 Ter·

198 3056 271 3115 tiam
293 3051 378 3130 juxta
395 3055 535 3130 temporis
558 3051 809 3118 conformitatem,
833 3057 863 3111 et
878 3049 975 3110 [livini
990 3048 1087 3110 Officii
1105 3066 1148 3109 re·

200 3136 383 3198 citationem.
399 3134 489 3195 Missa
506 3134 595 3193 Bassa
617 3132 734 3197 eadem,
751 3149 828 3208 quae
850 3134 976 3210 privata,
993 3149 1047 3191 seu
1071 3148 1148 3207 quae

199 3219 347 3281 submissa
379 3235 453 3277 voce
485 3215 655 3275 celebratur
690 3214 723 3274 ln
758 3212 893 3291 plurimis
920 3212 1146 3281 monumentis,

160 3367 163 3372 ,
199 3300 336 3376 utramvis
358 3299 526 3376 reperiatur
549 3296 701 3373 praedicta
724 3313 782 3353 vox
804 3293 898 3355 Bursa
920 3314 972 3373 pro
993 3293 1149 3353 indicanda

198 3376 288 3443 Missa
307 3381 432 3458 privata.
450 3397 526 3455 qrrae
548 3380 694 3438 submissa
708 3394 780 3437 voce
795 3378 918 3447 dicitur3
944 3376 1147 3444 nihilomiuus,

198 3468 234 3523 ut
255 3463 398 3524 adnotant
419 3460 612 3522 eruditissimi
635 3458 774 3521 Monachi
790 3457 968 3519 Benedictini
984 3457 1148 3535 Congrege-

201 3545 287 3604 tionis
304 3543 403 3603 Sancti
420 3542 518 3605 Mauri
540 3542 569 3601 iu
585 3543 669 3602 novis
686 3539 893 3601 Additionibus
907 3539 943 3601 ad
963 3539 1149 3603 Glossarium

202 3623 417 3704 Congiarium,
446 3643 499 3685 seu
527 3621 624 3684 Caroli
647 3622 803 3685 lludresne
824 3622 910 3685 Tom.
934 3620 977 3682 lV
999 3621 1063 3683 Col.
1086 3618 1148 3681 81t
