2517 4059
583 239 644 302 m
666 227 808 299 ssime

217 359 363 444 populum
384 357 445 418 dici
466 355 597 421 Ecclesia
619 361 773 431 institnit,
801 368 837 419 nt
853 377 913 440 pcc
934 360 1010 420 bono
1026 361 1180 441 particeps

225 441 452 505 communionis
472 441 523 501 sit.
548 443 592 502 De
608 441 668 502 hoc
682 443 762 502 enim
785 439 905 502 Fideles
918 459 1039 518 semper
1055 441 1177 503 solliciti

221 523 366 589 luerunt,
395 527 429 584 ut
450 539 553 584 senum
577 523 705 584 invicem
733 526 895 590 unionem,
923 529 955 585 et
975 526 1179 584 communica·

221 606 335 666 tionem
359 610 538 674 servarent,
551 607 599 666 vel
621 605 832 666 Eucharistiae
854 607 1105 684 participatione,
1129 607 1178 668 sel

220 683 378 764 Eulogius,
402 704 455 748 seu
478 685 627 758 antidosi,
651 687 731 764 quod
753 689 821 748 loco
841 688 920 748 sacri
942 688 1010 748 doni
1034 688 1175 756 dabatur,

222 771 438 846 perceptione,
466 766 515 828 rel
540 769 646 828 saltem
675 773 780 831 mnbru
807 767 984 831 Orationem
1014 770 1177 830 consortio.

220 847 302 910 Mine
326 849 355 910 in
370 848 466 910 Festis
482 849 678 915 solemnibus,
702 868 738 912 ao
751 849 927 917 Dominicis,
952 852 981 910 in
996 851 1104 928 quibus
1119 867 1178 910 non

221 931 403 994 servabatur
423 929 595 1009 jejunium,
627 949 682 992 nec
702 931 859 994 dicebatur
885 931 989 993 Oratio
1013 949 1104 1010 super
1125 949 1180 1010 pn

222 1013 355 1090 pulum,
385 1013 438 1074 sed
460 1009 551 1090 buius
580 1013 648 1073 loco
673 1013 936 1076 distribuebantur
957 1013 1111 1091 Eulogiae.
1143 1015 1179 1074 ln

221 1093 314 1154 Libro
336 1095 602 1156 Sacramentoram
625 1093 725 1156 Sancti
744 1092 900 1173 Gregorii,
924 1097 1005 1155 etin
1028 1095 1179 1157 nonnullis

222 1173 395 1238 Missaiibus
417 1177 630 1254 manuscriptis
652 1183 734 1243 sunt,
750 1179 780 1236 in
796 1178 947 1256 plerisque
963 1177 1064 1238 Missis
1084 1178 1179 1239 etiam

222 1262 309 1317 extra
333 1257 601 1336 Quadragesimam
624 1255 799 1335 hujusmodi
825 1257 987 1321 Orationes
1008 1275 1099 1338 super
1124 1277 1182 1337 po-

148 1359 151 1366 *
199 1337 350 1415 pulum,
374 1357 449 1416 quas
470 1357 508 1400 ex
529 1341 625 1422 seteri
648 1333 816 1416 anglicam
838 1339 952 1401 Missaii
974 1359 1047 1401 suae
1069 1339 1182 1401 Biblio-

221 1419 329 1482 thecae
352 1419 580 1484 Ecclesiasticus
601 1419 690 1481 Tom.
714 1420 759 1482 lli
780 1441 810 1499 p.
828 1419 848 1480 2
869 1423 997 1484 inseruit
1017 1422 1181 1484 Comelins

221 1499 438 1580 Schuitingius.
453 1501 585 1579 Excepta
608 1508 711 1564 autem
735 1503 793 1564 bac
815 1507 950 1565 oratione
973 1521 1064 1580 super
1083 1521 1182 1584 popu·

222 1579 298 1652 lum,
323 1591 366 1645 tot
386 1591 455 1646 srrnt
477 1601 603 1644 numeru
625 1585 777 1646 collectae
799 1586 838 1646 ad
853 1584 1076 1662 complendum,
1100 1591 1182 1662 quot

221 1665 305 1726 initio
326 1667 424 1728 dictae
446 1673 527 1726 sunt:
552 1669 663 1743 quibus
683 1667 814 1728 recitans
835 1667 947 1727 salutat
961 1668 1105 1744 populum
1122 1665 1183 1727 Sa-

223 1747 329 1810 cerdos
351 1755 495 1810 consueta
517 1743 648 1808 iosmnla
672 1747 821 1810 Dominus
843 1749 1003 1810 uobiscum.

547 1907 676 1972 CAPUT
699 1908 848 1972 XXXVI.

502 2089 550 2160 un
577 2089 644 2134 rra
671 2090 782 2136 rrrssr
811 2091 892 2137 ess.

265 2234 290 2296 1.
316 2235 360 2296 its
383 2233 475 2297 Misso
499 2246 564 2297 est:
590 2235 670 2297 idem
696 2240 742 2297 est
763 2254 800 2298 ac
821 2239 923 2297 missio
943 2236 1002 2298 noo
1025 2235 1181 2306 dimissio,

224 2337 277 2380 seu
302 2316 431 2395 obeundi
451 2335 589 2380 consono
615 2319 756 2396 facultas.
787 2318 832 2378 lta
852 2317 928 2379 baec
955 2319 1020 2395 ipsa
1042 2319 1179 2380 locutio:

222 2397 269 2461 Ito
291 2397 383 2461 Misso
406 2407 470 2468 cst,
492 2397 657 2478 significat,
682 2399 840 2466 discedito,
864 2400 960 2471 obite,
984 2399 1101 2460 dimissi
1109 2403 1184 2482 jorn

220 2481 300 2552 estis,
324 2483 408 2560 quasi
431 2483 560 2552 dicatur,
584 2480 686 2557 egredi
708 2482 789 2553 lieet,
814 2481 897 2542 abire
912 2483 1046 2560 potestis.
1066 2479 1183 2544 Graeci

220 2579 343 2640 quoquc
366 2563 394 2623 in
418 2563 476 2626 line
498 2563 652 2640 Litusgiae
677 2560 847 2638 bronoilo
869 2569 1006 2633 canum,
1035 2563 1114 2625 idest
1135 2564 1185 2624 di-

220 2644 407 2706 missionem.
437 2644 516 2707 bam
541 2650 663 2724 peraeta
689 2642 909 2707 eommunices
929 2643 1078 2707 Sacerdos
1105 2645 1183 2706 dicit

220 2730 339 2786 secreto
361 2724 537 2788 Orationem
561 2741 614 2804 pro
635 2728 802 2803 gratiarnm
825 2730 965 2799 actione,
990 2733 1092 2806 postea
1108 2725 1183 2788 Dla-

220 2823 314 2868 ounus
337 2806 475 2870 bortatur
497 2807 645 2887 populum
667 2809 706 2870 ad
726 2809 838 2885 gratias
859 2809 1015 2887 agendas,
1044 2825 1180 2888 eumque

220 2887 345 2950 dimittit
358 2885 407 2950 his
422 2891 535 2952 verbis:
551 2888 675 2970 Inpone
686 2889 895 2971 procedamus.
913 2889 1087 2970 Respondet
1099 2890 1180 2954 Cho-

220 2986 274 3030 rus
289 2990 297 3040 ;
323 2968 360 3032 ln
376 2973 493 3033 nominc
508 2969 643 3031 Domini.
668 2972 783 3035 Deinde
798 2972 945 3034 Sacerdos
958 2973 1112 3035 benedicit
1126 2991 1179 3052 po=

219 3051 348 3128 pulum,
377 3057 408 3113 et
428 3052 595 3114 distributis
622 3051 757 3133 Eulogius
786 3054 856 3116 lacit
878 3053 1058 3129 centolio,
1089 3053 1181 3134 cnjus

220 3133 321 3193 carias
343 3133 486 3196 termulae
510 3151 565 3210 pro
588 3135 735 3200 uarietate
758 3136 952 3200 londritatum
974 3137 1100 3199 exhibet
1114 3135 1179 3198 En-

221 3212 394 3292 obologium
416 3235 485 3296 pag.
509 3213 581 3276 ΜΞ.
605 3213 784 3279 Communis
805 3213 881 3281 bieo
903 3225 971 3281 est:
997 3215 1106 3283 Glorin
1122 3218 1180 3280 tibi

223 3293 343 3358 Clusinio
365 3295 444 3358 Duos
460 3305 576 3368 nostss,
598 3313 663 3378 spes
684 3298 802 3371 nostro,
820 3303 917 3380 plocio
931 3301 996 3362 tibi.
1020 3299 1180 3362 Tertullia-

220 3391 304 3445 nus,
326 3375 361 3436 do
384 3380 514 3449 moimm·
535 3382 568 3440 el
588 3377 619 3440 S.
643 3377 835 3459 Cyprianus,
859 3383 896 3444 dc
920 3379 1120 3464 Spectaculis·
1141 3381 1179 3442 de

222 3455 334 3532 populo
356 3457 531 3520 dimissione
552 3468 621 3537 post
642 3459 814 3533 Solemnis,
837 3464 951 3527 seilicet
973 3471 1039 3543 post
1053 3464 1178 3525 Missam

223 3536 400 3610 loquuntur.
423 3539 602 3604 Christianis
623 3542 726 3604 mulene
756 3562 847 3624 saepe
868 3543 1058 3626 praecipiunt
1078 3543 1178 3605 Cann-

222 3631 286 3686 ¹¹⁰⁸,
300 3636 352 3710 ¹uns
365 3629 548 3685 conuentum
563 3622 705 3688 deseram
722 3629 853 3692 nondum
869 3629 996 3708 expletis
1010 3625 1175 3689 Missurum
