2517 4059
7 2755 8 2764 ,
89 2697 159 2758 tior.

465 215 523 278 effi
547 204 688 274 libb&⁸

99 331 269 399 solemniis,
296 339 328 394 ct
349 333 416 398 ideo
439 341 558 412 tempus
581 353 641 412 qno
662 335 746 395 abire
769 335 896 402 liceret,
924 335 1050 397 Diaconi

99 430 168 475 uoce
184 414 374 476 indicendum
401 416 468 476 tuit.
491 415 701 477 Dimissionem
719 417 795 476 banc
811 415 959 478 Diaconos
976 435 1051 476 riou·

100 495 150 554 tiat
164 495 335 574 Sacerdotis
351 499 484 558 nomine.
501 495 707 559 Romanorum
718 497 864 560 Ordinum
880 498 970 576 primi
988 504 1051 560 tres

96 579 197 636 notant
220 576 256 636 ad
280 575 431 638 Pontificis
460 585 565 640 nutum
594 586 754 657 spectare,
784 585 817 640 ut
838 579 976 640 dicutur:
1007 579 1049 640 lte
1119 628 1122 634 ,

95 655 185 720 Mosa
210 668 263 720 cst.
281 657 438 728 Sacerdos,
454 677 491 721 ex
513 659 650 722 Romano
672 659 798 727 Missali,
824 657 957 720 Diacono
973 659 1050 720 nibil

96 739 187 808 dicit,
213 741 347 818 nihilque
369 742 488 813 innuit,
517 743 572 803 nisi
595 744 675 819 quod
697 745 733 802 ad
756 743 900 820 populum
924 759 1050 802 conver·

96 839 142 882 sus
164 828 197 882 et
219 823 281 899 ipse
303 825 448 884 consistit.
478 822 512 885 ln
535 825 685 901 aliquibus
712 824 878 886 Galliarum
903 823 1048 884 Ecclesiis

95 899 237 964 Sacerdos
259 904 407 966 submissa
429 922 502 968 uoce
525 907 560 966 ad
586 905 752 968 Diaconum
775 905 869 965 dicit:
894 903 939 964 Ite
954 903 1048 966 Missa

95 993 142 1044 ert.
169 983 203 1044 ln
219 986 284 1045 aliis
299 985 452 1048 Diaconos
467 986 644 1064 genuflexus
659 987 768 1067 accipit
782 1006 798 1047 a
813 985 975 1048 Sacerdote
990 984 1049 1046 lor·

94 1065 208 1126 mulam
236 1064 281 1128 Ito
304 1063 398 1128 dileco
421 1079 480 1136 err,
510 1070 598 1146 eique
625 1069 764 1131 (Insulam
793 1068 929 1129 osculans
952 1068 1046 1128 dicit:

95 1147 154 1219 Deo
177 1148 314 1225 oratius:
342 1165 377 1210 ac
400 1149 508 1210 deinde
529 1169 562 1222 se
584 1153 613 1210 in
636 1152 728 1228 pedes
749 1151 867 1228 erigens
889 1150 979 1209 canit:
1003 1148 1049 1210 Itc

93 1227 188 1290 Misso
211 1230 311 1290 estad
335 1231 502 1308 poputum,
529 1233 600 1293 dum
627 1230 774 1294 Sacerdos
798 1231 890 1300 dicit,
917 1233 1046 1292 Horcon

92 1310 268 1372 baratarius
291 1310 356 1372 Lib.
383 1309 425 1372 lll
447 1310 520 1388 Cap.
539 1312 590 1374 36:
609 1314 693 1376 Dicit
716 1313 869 1374 Diaconos
890 1313 935 1372 lte
956 1312 1050 1374 Missa

92 1398 148 1462 est,
174 1394 340 1470 circularis
364 1393 443 1454 enim
464 1395 571 1472 lenutio
597 1395 710 1460 Christi
723 1397 814 1456 mura
832 1413 890 1475 pro
910 1395 993 1454 nobis
1008 1392 1049 1452 od

92 1473 227 1541 Putrem,
249 1473 357 1535 bodens
374 1473 494 1556 judicia
514 1495 570 1538 arro
591 1495 688 1537 secum
705 1479 920 1556 passionis.....
948 1472 1049 1535 Outi-

90 1571 162 1616 ncm
186 1553 307 1633 quando
328 1557 503 1619 audiuimus
519 1557 688 1620 aDr'ccouo
709 1559 754 1620 lte
769 1557 862 1618 Missa
881 1563 939 1626 est,
962 1573 1047 1616 mons

91 1645 197 1696 nostra
218 1635 258 1696 cd
275 1642 411 1716 patriam
435 1639 520 1699 illam
546 1640 672 1707 tendat,
698 1647 732 1698 nt
751 1639 794 1699 ibt
814 1642 908 1699 emus
934 1636 1048 1696 dorido-

88 1720 156 1784 rio,
180 1717 235 1778 ubi
255 1716 441 1782 desideratus
463 1724 575 1782 cunctis
598 1721 733 1800 noctibas
753 1738 805 1780 nor
826 1723 960 1798 ceperint
979 1735 1048 1778 cum

88 1817 144 1861 suo
167 1800 313 1878 trophoeo.
338 1801 387 1862 td
403 1802 492 1862 rerba
509 1801 555 1864 Ite
571 1803 663 1864 Missa
679 1812 720 1863 cst
735 1803 897 1880 respondet
918 1798 1048 1878 populus

89 1882 153 1942 Deo
168 1881 285 1960 oratius
303 1884 341 1942 ad
357 1885 555 1945 imitationem
571 1883 796 1964 Apostolorum,
819 1883 871 1959 qui
888 1887 1048 1958 postquam

89 1964 199 2025 alesu
221 1961 342 2026 Christo
370 1966 407 2024 ad
430 1967 530 2026 caelos
557 1967 739 2029 aseendente
766 1965 913 2024 benedicti
938 1962 1046 2029 luere,

90 2045 208 2106 reversi
229 2051 299 2106 sunt
321 2047 427 2122 repleti
451 2048 583 2125 gaudio,
608 2047 785 2116 laudamus,
807 2045 1047 2114 benedicentes,

7 2141 9 2216 L
89 2133 121 2186 ct
143 2125 255 2206 gratias
277 2127 340 2188 Deo
363 2130 545 2191 incessanter
566 2134 702 2207 agentes.
725 2126 869 2189 Omnium
891 2145 963 2187 senc
978 2125 1047 2204 My·

7 2259 8 2264 ,
89 2209 251 2270 steriorum
268 2215 298 2268 et
313 2227 438 2287 operum
457 2210 510 2272 Dei
527 2211 692 2272 maximum
709 2229 744 2270 ac
756 2209 1047 2288 praestantissimum

89 2290 205 2351 nonnisi
236 2307 289 2364 per
305 2293 471 2366 gratiarum
486 2297 634 2353 actionem
650 2293 762 2352 absolui
778 2297 889 2368 potcst3
907 2290 948 2350 ita
959 2290 1046 2367 quip-
1170 2328 1174 2338 -

7 2441 8 2444 Ἴ
89 2390 135 2450 pa·
150 2373 287 2432 seruatur
309 2373 453 2432 eximium
477 2375 546 2434 illud
562 2374 673 2434 Sacrae
689 2368 863 2450 Scripturas
880 2373 1042 2432 monitum:

90 2453 168 2514 Dete
184 2451 438 2532 maynificentiam
452 2453 514 2514 Deo
528 2465 633 2516 nostro
641 2474 651 2524 ,·
667 2454 725 2514 Dei
739 2459 817 2515 cuim
826 2453 960 2534 perfecta
975 2458 1047 2512 sunt

90 2549 193 2612 operm·
215 2533 289 2596 nibil
312 2542 415 2598 autem
438 2537 571 2608 brevius,
595 2554 629 2596 uc
644 2535 719 2595 nihil
735 2536 827 2594 eliam
850 2531 1048 2611 magnificen-

88 2617 149 2678 tius
171 2631 261 2691 quam
280 2615 353 2678 haec
369 2619 445 2696 grati
461 2619 552 2691 animi
568 2615 753 2696 significandi
777 2618 876 2677 ratio:
899 2614 961 2675 Deo
975 2623 1048 2692 crc-

127 2776 173 2840 ¹11.
195 2777 282 2840 quta
305 2780 379 2840 ritus
402 2781 586 2840 recentiores
609 2787 721 2849 tamen,
745 2798 802 2839 non
825 2796 886 2840 nno
907 2795 1040 2854 semper,

89 2877 125 2920 ac
147 2859 254 2920 eodem
278 2859 337 2920 ritu
362 2861 550 2922 concluditur
571 2861 681 2924 Missae
698 2860 876 2922 celebratio.
899 2859 933 2920 ln
949 2857 1047 2919 Festis

89 2941 212 3020 quidem
228 2948 259 3002 et
274 2940 540 3011 sollemnitatibus,
565 2961 619 3021 per
642 2943 735 3004 rerba
757 2941 804 3003 Ite
820 2939 916 3003 Missa
932 2950 973 3001 cst
991 2945 1048 3000 ter·

89 3023 221 3084 minatur
242 3023 356 3083 Missa:
379 3025 408 3084 in
432 3025 498 3096 aliis
520 3042 595 3086 vcro
616 3025 744 3100 diebus,
769 3023 880 3102 ruribus
901 3023 933 3080 in
954 3022 1048 3084 Missa

89 3124 148 3166 non
171 3105 280 3166 dicitur
295 3102 435 3182 Hymnus
461 3105 613 3169 Gloriam
629 3107 752 3166 excelsis
774 3105 926 3166 clauditur
947 3101 1047 3163 Sacri-

89 3187 192 3250 lrciurn
217 3205 269 3264 per
292 3183 383 3246 rerba
405 3185 622 3248 Benedicemus
638 3185 918 3262 Domino;,quibus
940 3184 1049 3246 inulta·

88 3275 139 3330 tur
165 3269 296 3346 populos
322 3267 358 3326 ad
384 3262 496 3346 gratias
521 3267 585 3328 Deo
611 3267 787 3330 referendas
813 3271 870 3344 prb
893 3267 1049 3344 completo

89 3347 200 3411 Missae
225 3347 389 3412 Sacrificioe
417 3347 461 3410 Ito
484 3351 573 3412 Misso
596 3360 645 3410 cst·
662 3366 714 3428 per
741 3349 909 3410 Diaconum
934 3348 1047 3408 indicta

88 3431 192 3497 babila
214 3437 281 3500 est,
306 3435 339 3490 ut
353 3429 469 3510 signum
485 3431 609 3510 gaudii}
634 3431 772 3507 meoque
791 3430 832 3490 ob
848 3437 970 3491 causam
985 3429 1045 3490 dici

90 3513 178 3574 desiit
198 3512 228 3572 in
248 3512 503 3591 Quadragestmac
526 3513 653 3584 diebus,
681 3518 747 3573 tom
761 3510 933 3574 ¹[torninicts
955 3509 1046 3570 teria·

88 3593 190 3666 ltbus,
222 3591 389 3657 Cardioalis
411 3593 490 3656 Bona
511 3593 579 3656 Lib.
595 3593 634 3656 ll
654 3593 728 3674 Cap.
750 3591 793 3654 20
814 3612 844 3654 o.
866 3589 1046 3655 sausoure
