2517 4059
592 154 817 276 meiana.

227 332 369 395 fidelibus
392 333 458 393 vale
481 333 575 401 dicit,
598 351 676 409 quos
698 352 755 395 non
778 339 847 394 aute
868 334 987 394 visurus
1008 340 1065 403 est,
1090 314 1181 410 quam

229 413 416 476 Sacrificium
433 417 699 476 consummaverit.
715 416 772 476 Per
784 417 843 475 boc
858 435 948 476 omne
964 422 1086 492 tempus
1102 416 1182 478 baud

227 515 259 558 se
281 500 372 558 rertit
393 497 429 556 ad
454 498 620 574 populum,
649 517 686 558 ne
711 496 855 557 Dominus
876 499 997 574 quidem
1020 498 1178 559 vobiscum

225 579 341 650 diceus,
366 579 485 639 tametsi
507 579 647 638 salutatio
668 578 712 645 fit,
738 580 841 654 inqua
859 580 1026 657 peragenda
1042 584 1178 657 spectan-

226 667 275 722 tur
297 662 341 732 ii,
365 661 402 720 ad
425 678 501 736 quos
524 659 665 722 relertur.
691 659 755 720 Non
777 663 881 739 paucis
904 662 932 719 iu
956 659 1054 721 Libris
1076 659 1181 722 Ritua-

224 741 304 804 libus
326 743 354 800 iu
378 759 462 801 more
485 744 614 818 positum
639 745 765 821 legitur,
789 750 821 802 ut
835 744 872 802 ad
896 744 972 803 hanc
994 743 1179 803 cohortatio-

224 843 292 885 uem
316 825 466 885 adstantes
488 842 546 882 uon
569 843 689 892 unum,
713 825 764 882 sed
788 827 870 885 varia
894 842 1035 900 respousa
1057 824 1176 886 darent.

224 905 396 967 Amalarius
418 903 453 965 de
477 903 691 966 Ecclesiastiet't
716 903 825 988 Officiis
842 907 905 966 lib.
923 903 965 966 ΙΙΙ
979 905 1053 982 Cap.
1072 904 1112 964 39
1129 925 1174 966 rc·

223 989 285 1050 lert
307 990 335 1046 iu
358 987 508 1062 aliquibus
531 985 674 1047 Ecclesiis
697 988 754 1047 diei
778 990 989 1048 consuevisse:
1014 987 1117 1047 mittet
1139 988 1180 1046 ert

223 1078 250 1130 te
272 1071 352 1130 Deus
374 1071 523 1128 auxilium
547 1080 573 1130 et
595 1087 635 1126 ee·
655 1071 728 1139 ulto,
753 1078 780 1128 et
796 1088 810 1128 e
825 1071 943 1130 coelesti
964 1070 1039 1130 Sion
1053 1078 1177 1128 tuentur

223 1162 264 1220 te‚·
286 1169 402 1211 memor
422 1154 460 1210 sit
485 1146 640 1230 Socrifioii
660 1150 718 1216 tui,
743 1160 771 1210 et
785 1151 990 1210 holocaustum
1009 1159 1095 1208 tuum
1106 1152 1178 1230 piu·

221 1251 278 1311 pue
300 1233 366 1313 fiat.
389 1230 423 1290 lu
445 1231 510 1290 aliis
532 1230 674 1292 Ecclesiis
695 1232 873 1291 dicebatur:
897 1232 1030 1312 Spiritus
1045 1227 1175 1290 Saucius

221 1317 257 1377 iu
272 1333 322 1375 uos
345 1313 516 1382 descendet,
540 1317 639 1374 uirtus
661 1312 812 1373 ditissimi
832 1332 880 1374 nos
904 1313 1102 1372 obumbrabit:
1126 1318 1173 1373 vel

221 1395 278 1456 alia
302 1395 415 1470 longior
437 1395 549 1466 oratio,
575 1415 664 1473 quarn
687 1393 843 1470 Remigius
858 1394 1129 1455 Autissiodorensis
1145 1398 1173 1453 in

221 1475 416 1556 Eupositioue
438 1477 543 1537 Missus
565 1484 802 1546 commemorat3
827 1477 877 1535 alii
900 1495 973 1535 vero
1001 1476 1096 1536 satius
1117 1477 1175 1535 du-

221 1566 330 1620 xeruut
354 1559 442 1618 tacite
465 1577 564 1619 orare.
589 1557 799 1638 Dominlcani,
832 1565 863 1618 et
884 1556 1075 1618 carthusiani
1097 1558 1173 1617 nilril

220 1643 342 1714 omnino
366 1640 554 1715 respondent.

261 1722 302 1784 ll.
327 1721 473 1782 Sacerdos
495 1723 585 1798 igitur
607 1728 764 1798 postquam
781 1722 923 1796 populum
939 1739 1026 1780 orare
1041 1721 1170 1783 monuit,

165 1805 169 1812 '
219 1814 287 1863 orat
308 1808 338 1864 et
360 1807 422 1880 ipse
445 1811 582 1868 secreto‚
607 1821 699 1879 quam
721 1799 896 1862 Orationem
920 1803 1063 1877 liturgici
1089 1800 1170 1860 Scri-

218 1891 340 1964 ptores,
374 1903 408 1945 ac
431 1883 511 1944 Libri
538 1882 691 1944 Secretom
718 1885 879 1961 appellant.
918 1881 1040 1943 Secreto
1063 1882 1170 1942 Oratio

218 1966 353 2044 ejusdem
377 1971 424 2026 est
445 1967 645 2042 antiquitatis,
668 1983 703 2024 ac
725 1964 885 2025 Orationes
907 1967 937 2023 in
958 1966 1081 2025 exordio
1097 1965 1170 2024 ldis-

217 2066 268 2108 sae
292 2057 358 2124 post
380 2046 549 2118 introitum,
573 2066 608 2107 ac
625 2048 653 2104 in
670 2045 728 2107 line
743 2049 1080 2123 postcommunionem.
1104 2043 1170 2104 Has

218 2138 319 2189 autem
341 2131 473 2189 continet
490 2129 761 2189 sacramentarium
778 2127 981 2191 Gelasiauum.
1007 2136 1038 2189 et
1053 2125 1169 2204 Grego-

151 2211 153 2216 '
204 2211 346 2270 uianum.
365 2211 439 2270 Suut
455 2212 504 2287 qui
522 2218 626 2287 putant
641 2209 801 2270 Orationes
817 2211 952 2271 Serretes
967 2211 1024 2268 dici
1040 2229 1058 2270 a
1073 2209 1169 2269 verbo

218 2310 391 2360 secernere;
413 2293 460 2350 rol
484 2295 551 2368 quia
574 2311 610 2351 ex
634 2293 833 2351 oblationibus
856 2293 957 2368 populi
980 2293 1056 2352 aliae
1078 2285 1169 2368 poue-

215 2381 320 2435 reutur
343 2383 427 2434 extra
442 2371 556 2438 ditare,
581 2375 657 2432 aliae
672 2375 945 2441 secernerentur‘in
961 2372 1164 2440 Sacrificium,

215 2461 246 2516 et
268 2474 360 2533 super
382 2456 447 2516 illas
469 2456 511 2514 sic
531 2466 658 2516 secretos
680 2459 712 2514 et
733 2473 823 2529 super
846 2455 949 2514 Altare
972 2453 1168 2532 positas'iuu-

214 2537 354 2599 derentur
378 2539 545 2607 orationes,
570 2554 647 2612 quae
669 2536 737 2596 ideo
758 2536 916 2601 Serretes,
941 2555 994 2596 seu
1016 2537 1168 2596 orationes

214 2637 305 2694 super
320 2617 427 2678 Oblata
450 2619 571 2680 Secreto
593 2618 690 2676 dictae
705 2626 785 2687 sunt,
809 2624 839 2677 et
854 2616 1078 2694 appellabantur
1093 2617 1167 2676 olim

213 2700 324 2759 idcirco
346 2699 504 2760 Orationes
526 2717 617 2777 super
639 2700 762 2770 oblata;
787 2705 818 2758 et
840 2699 897 2758 boc
922 2717 1029 2758 nomen
1052 2698 1168 2760 habeut

213 2784 242 2841 iu
265 2783 351 2842 editis
373 2781 403 2842 S.
429 2781 537 2842 Gelasii
560 2788 591 2840 et
612 2781 643 2840 S.
659 2780 804 2858 ‘Gregorii
831 2779 930 2857 Magni
954 2780 1166 2842 Sacramentu-

212 2882 279 2924 rum
300 2864 404 2927 libris.
425 2864 620 2941 pluribusque
637 2864 666 2920 iu
683 2861 851 2922 Missalibus
866 2863 1006 2938 antiquis3
1029 2863 1076 2921 rel
1092 2865 1166 2940 quia

211 2947 361 3006 orationes
387 2948 456 3006 illae
485 2946 599 3022 primae
628 2952 715 3004 erant
741 2963 777 3003 cx
800 2945 834 3003 iis
856 2962 935 3020 quae
958 2944 1166 3004 recitabantur

210 3033 279 3104 post
299 3034 430 3087 secretos
453 3034 483 3088 et
504 3036 676 3103 segregatos
697 3023 936 3086 Calecburuenos
958 3031 989 3086 et
1010 3027 1166 3102 poeniteu-

121 3118 123 3121 ’
209 3113 276 3179 tes,
301 3111 377 3171 adeo
399 3118 432 3170 ut
454 3110 522 3169 illae
547 3107 683 3168 Serretes
705 3110 878 3168 dicerentur
900 3107 1055 3167 aseeretis
1075 3105 1165 3168 Cate-

209 3189 378 3254 cbumnnis.
403 3191 656 3267 quemadmodum
673 3189 821 3250 Colteetae
837 3191 977 3250 dicuntur
994 3207 1012 3247 a
1027 3187 1163 3271 collectis

208 3273 237 3332 in
261 3292 354 3334 uuum
378 3271 526 3334 fidelibus.
550 3272 627 3332 Sunt
642 3274 693 3348 qui
710 3278 815 3346 putent
830 3272 858 3331 id
874 3288 982 3330 nomen
1005 3270 1075 3329 binc
1094 3287 1163 3330 esse

207 3355 243 3413 iis
265 3353 456 3415 Orationibus
476 3353 615 3418 inditum.
641 3355 711 3428 quia
726 3354 874 3412 submissa
896 3371 971 3413 voce
993 3353 1164 3412 recitantur

207 3453 244 3495 ex
267 3437 361 3496 vetnri
386 3439 461 3496 ritu:
486 3436 563 3496 unde
585 3437 620 3494 ire
642 3437 767 3513 entique
789 3431 877 3495 Libro
893 3435 1162 3496 Soerumeu’torum

207 3514 270 3574 MS.
296 3515 445 3576 Ecclesiae
472 3514 657 3584 Turonensis,
681 3523 714 3576 ut
729 3518 868 3578 observat
887 3515 1062 3576 Edmuudus
1078 3517 1162 3577 Mar-

208 3602 296 3668 teue3
325 3600 473 3659 orationes
488 3599 566 3659 ittae
589 3615 647 3658 nou
669 3609 798 3660 secretos
819 3598 868 3660 secl
889 3617 1018 3661 erronee
1039 3615 1161 3656 neturu-
