2517 4059
572 223 796 298 mititar-

212 357 382 417 munionem
399 355 578 416 invitabatur
601 355 651 414 his
665 357 777 414 verbis:
800 353 901 415 Venite
917 357 1026 434 populi
1039 374 1169 416 cccrum

211 440 379 503 immortale
401 437 586 516 mysterium,
612 445 639 496 et
659 439 790 497 libamen
811 436 971 514 rependum,
987 457 1055 498 cum
1077 440 1169 498 timo-

212 539 255 588 re,
272 530 298 580 et
314 519 370 600 fide
392 518 574 579 accedamus.
592 517 733 579 Manibus
747 519 867 579 mundis
883 520 1086 595 poenitenliae
1101 537 1171 581 mu-

212 621 269 668 nus
297 603 571 667 communicemus,
596 602 739 680 quonium
762 601 860 679 ripaue
882 601 940 660 Ilei
960 610 1090 680 propter
1111 619 1170 662 nos

210 685 298 744 Petri
319 683 503 764 Sacrificium
521 685 708 764 propositum
731 692 793 752 est,
819 684 917 760 iprum
942 683 1037 742 solum
1059 678 1170 743 odore*

211 786 284 832 mus,
301 768 398 844 ipsum
421 765 614 846 glorificemus
630 784 698 825 cum
712 765 828 843 Angelis
843 765 1003 825 clamantes
1018 763 1165 845 Allelujcc.

252 847 291 908 ll.
316 847 413 924 ipsam
446 854 548 907 antem
578 844 799 906 Eucharistiam
832 847 999 922 sumpturis
1033 847 1166 908 tabellae

212 929 357 1006 quaedam
381 930 502 1006 spongia
526 930 692 1005 perpolitae
714 947 731 988 a
751 928 896 988 Ministris
917 929 1161 1003 apponebantur,

209 1011 302 1070 veluti
326 1009 478 1072 Mensulae
500 1015 534 1071 ut
554 1028 591 1070 ex
612 1009 837 1089 Chrysostomo,
860 1016 892 1071 et
913 1007 1091 1078 Athanasio,
1115 1011 1166 1070 ob·

210 1098 310 1153 servat
331 1093 475 1153 Baronius
497 1091 584 1152 Anno
605 1091 646 1152 57
668 1111 750 1152 num.
776 1091 838 1151 tto
858 1091 969 1168 quibus
991 1092 1084 1152 bodie
1107 1094 1162 1152 lin-

210 1176 339 1234 teamina
363 1181 580 1243 successemnt‚
604 1179 639 1234 ut
660 1175 684 1232 si
706 1172 776 1250 quid
798 1173 877 1233 torte
898 1172 1028 1243 decidat,
1054 1176 1103 1235 bis
1118 1193 1163 1235 ac-

210 1256 346 1333 cipiatur.
371 1256 412 1317 dt
443 1273 516 1315 vero
544 1255 690 1316 Sacerdos
718 1255 947 1315 Sacramentum
979 1257 1163 1317 distribuens

210 1338 284 1414 quid
306 1339 392 1400 daret
413 1339 637 1399 contestebatur
657 1338 770 1398 dicens:
791 1336 909 1414 Corpus
926 1337 1052 1398 Christi:
1068 1345 1101 1399 et
1115 1357 1165 1399 ac·

209 1419 323 1497 cipiens
344 1421 544 1496 respondebat
566 1425 666 1488 Amen,
690 1436 748 1495 qua
771 1436 846 1478 voce
866 1437 974 1479 rerum
997 1420 1071 1479 illnd
1095 1437 1163 1481 esse

207 1500 417 1580 profitebatur.
433 1502 582 1580 Tempore
596 1499 735 1578 Gregorii
759 1500 860 1579 Magni
872 1499 1019 1561 Sacerdos
1039 1504 1163 1564 tradens

209 1585 431 1645 Eucharistiam
461 1586 518 1644 bac
541 1583 671 1642 termula
693 1583 856 1653 utebatur,
887 1589 921 1643 ut
949 1584 978 1640 in
1000 1583 1069 1661 ejus
1091 1584 1163 1644 Vita

210 1667 315 1727 scribit
335 1667 461 1726 loannes
483 1667 633 1726 Diaconus
654 1663 719 1724 Lib.
732 1663 762 1724 ll
786 1663 901 1744 Corpus
921 1663 1044 1724 Domini
1065 1671 1163 1728 nostri

207 1747 274 1810 lesu
293 1747 403 1810 Christi
417 1757 563 1817 conseruet
584 1747 720 1806 unimam
736 1755 831 1816 tuum.
847 1746 932 1819 Quae
948 1746 1076 1809 lormula
1097 1749 1161 1808 iere

207 1831 314 1892 eadem
336 1836 400 1897 est,
424 1848 458 1889 ac
482 1849 571 1907 quam
595 1845 673 1888 nrrne
695 1827 883 1888 adhibemus.
907 1827 1052 1890 Sacerdos
1074 1849 1161 1909 prae·

210 1919 293 1972 terea
309 1911 431 1972 Sacram
448 1910 671 1972 Eucharistiam
686 1909 821 1981 dextera,
839 1917 870 1970 et
884 1912 962 1972 intra
976 1910 1084 1988 digitos
1097 1915 1161 1989 pol·

207 1994 306 2064 licem,
330 2003 360 2056 ct
383 1994 511 2054 indicem
533 1999 657 2058 lenens,
685 1991 781 2067 ipsam
803 1994 1035 2052 communicanti
1058 2000 1158 2055 osten-

207 2076 292 2148 dens3
316 2077 456 2138 cumdem
474 2075 668 2136 Sacramento
689 2074 857 2145 benedicit,
882 2081 913 2134 et
933 2075 1030 2152 signat
1051 2077 1159 2138 eodem
1248 2104 1249 2107 ¹

208 2159 310 2224 modo,
335 2177 394 2235 quo
417 2159 568 2236 seipsum
591 2157 815 2216 communicans
836 2157 962 2235 signarit
983 2159 1068 2234 signo
1082 2155 1156 2220 Cru-
1248 2214 1249 2239 1

207 2241 269 2309 cis,
294 2243 455 2301 secundum
478 2243 614 2300 veterum
636 2237 744 2315 procul
766 2236 857 2298 dubio
878 2239 1073 2306 institutum,
1096 2259 1157 2317 quo

207 2322 281 2382 nihil
311 2324 339 2380 in
362 2324 452 2383 sacris
474 2321 652 2398 praesertim
674 2320 903 2396 transigebant,
933 2321 1006 2395 quin
1028 2321 1157 2383 frontem

207 2401 312 2466 Crucis
334 2405 486 2482 signaculo
509 2403 674 2462 munirent.
691 2399 796 2473 Quoad
812 2403 948 2461 ordinem
964 2399 1156 2464 Communic-

208 2489 254 2547 nis
276 2487 326 2547 hic
341 2493 417 2556 erat,
443 2492 475 2546 ul
496 2485 595 2562 primo
610 2483 732 2560 quidem
747 2477 908 2543 Celebrans
930 2486 1062 2561 seipsum
1076 2502 1154 2545 com-

207 2571 401 2637 municaret,
425 2567 533 2628 deinde
554 2565 774 2643 Presbyteros,
797 2566 821 2624 si
843 2566 894 2640 qui
916 2566 1066 2626 aderant-z
1091 2572 1153 2628 lum

207 2648 365 2719 Diaconos,
389 2648 602 2717 Subdiaconos,
625 2654 657 2708 et
676 2645 820 2716 Clericos,
843 2647 1155 2715 Diaconissassetsa-

207 2747 274 2793 cras
296 2730 445 2811 Virgines,
469 2731 630 2790 novissime
652 2729 808 2806 populum,
832 2731 964 2806 primum
985 2731 1079 2798 uiros,
1104 2750 1153 2808 po

209 2821 273 2876 slea
295 2815 450 2879 mulieres.
468 2812 551 2874 ldem
575 2813 603 2870 in
619 2811 727 2872 Calicis
741 2811 948 2872 distributione
969 2813 1152 2875 servabatur,
1245 2814 1248 2819 “

206 2897 264 2956 nisi
288 2896 367 2975 quod
390 2894 563 2974 Presbyteri
586 2910 640 2970 per
662 2910 693 2953 se
716 2891 798 2953 illum
821 2894 1006 2960 sumebant,
1032 2893 1152 2954 Diaconi

207 2997 225 3038 a
249 2974 447 3058 Presbyteris‚
471 2977 577 3054 reliqui
601 2974 789 3044 alliaconis,
808 2978 841 3034 ut
863 2991 900 3034 ex
915 2973 1028 3034 Ordine
1048 2974 1154 3036 Roma·
1247 3040 1248 3047 χ

207 3077 256 3130 no,
281 3068 314 3123 ut
336 3079 372 3122 ex
388 3059 572 3120 Graecorum
588 3054 777 3133 Euchoiogio
798 3061 923 3117 constat.
941 3055 1153 3118 Praemitteba-
1247 3052 1248 3067 ³

208 3147 258 3203 tur
281 3142 571 3205 Communicantium
600 3139 766 3214 exploratio
792 3143 825 3198 et
845 3138 949 3198 notitia
968 3180 975 3206 ‚
1006 3139 1087 3200 unde
1106 3140 1153 3199 illa

209 3242 269 3284 uox
284 3226 313 3284 in
329 3222 507 3302 quibusdam
518 3221 672 3298 Liturgiis,
686 3220 839 3299 Apnoscite
854 3237 903 3281 oos
916 3220 1056 3281 inuicem.
1070 3220 1151 3294 Quod

209 3313 324 3380 spectat
345 3306 382 3366 ad
405 3305 513 3372 locum,
530 3303 693 3366 Celebrans
715 3304 744 3361 in
768 3302 867 3362 medio
880 3299 1005 3370 ditaris,
1022 3302 1072 3362 alii
1086 3302 1152 3362 Pre-

206 3385 320 3464 sbyteri
344 3389 372 3446 in
396 3389 548 3455 circuitu,
572 3383 696 3445 Diaconi
718 3388 800 3444 retro
822 3383 927 3445 ditare
952 3386 1149 3447 communica·

204 3465 299 3536 bant,
323 3468 501 3530 Subdiaconi
522 3473 553 3530 el
574 3467 684 3528 Clerici
706 3466 744 3524 in
757 3465 859 3525 limine
881 3463 1070 3533 Sanctuarii,
1092 3467 1149 3526 sire

207 3547 236 3605 in
258 3547 381 3619 Choro;
404 3551 512 3628 reliqui
534 3557 620 3610 extra
635 3547 801 3610 Cancellos.
817 3545 876 3608 Hic
891 3550 965 3609 ordo
985 3551 1030 3609 uti
1052 3548 1151 3610 obsor-

207 3633 259 3687 rat
272 3633 423 3707 piissimus
437 3631 602 3694 Cardinalis
624 3631 706 3692 Bona
728 3630 779 3692 diu
794 3634 965 3710 permansit
979 3632 1008 3692 in
1023 3630 1150 3692 Romana
