2517 4059
480 210 699 281 *25⁹*

112 343 150 399 et
170 337 338 415 Stephanus
352 340 490 401 Baluzins
506 342 535 399 in
551 341 628 401 notis
642 343 678 401 ad
695 349 762 403 acta
778 345 841 420 ipsa
863 344 895 405 S.
911 342 1063 425 Cypriani,

111 419 228 496 aliique
244 420 422 498 Scriptores.
439 422 555 483 Verum
579 423 654 483 bano
670 428 846 501 sententiam
864 428 982 487 Beronii
1006 446 1063 487 nou

112 504 208 562 modo
229 502 370 563 Claudius
386 504 563 571 Molirretus,
585 512 616 566 et
637 506 686 565 alii
702 509 933 585 amplectuntur,
959 528 1065 569 verum

112 586 209 645 etism
232 588 307 646 tueri
338 587 455 647 videtur
477 586 612 647 laudatus
634 585 798 656 Gavantus,
824 594 855 650 et
875 590 1065 651 Clarissimus

111 665 289 728 Dominicus
310 664 458 743 Georgius
489 668 540 727 ubi
572 671 661 729 etiam
690 672 781 731 variis
810 673 906 731 allatis
928 680 1066 734 veterum

112 750 286 809 Auctorem
303 748 382 819 locis,
401 751 557 828 perspicue
569 753 708 817 ostendit,
725 760 793 813 ante
806 754 961 814 saeculum
977 754 1064 816 Chri·

112 831 155 889 sti
177 832 368 891 millesimum
385 833 574 891 consuevisse
590 850 647 891 non
665 835 751 893 modu
763 833 936 912 Episcopus,
960 838 1010 895 sed
1034 844 1066 897 et

113 910 312 991 Presbyterus
327 914 435 974 Missae
450 911 635 974 Sacrificium
652 915 866 986 celebraturos,
883 916 1065 979 Rocbettum

114 997 312 1055 antestium
337 998 469 1057 induere.

158 1076 210 1136 lll.
235 1076 341 1138 Clerici
364 1081 513 1137 minorum
536 1077 697 1149 Ordinum,
723 1099 792 1140 cum
814 1080 966 1143 Sacerdoti
990 1081 1064 1143 cele·

115 1159 213 1219 brenti
237 1160 405 1221 ministrant
425 1159 655 1237 Superpelliceis
679 1169 816 1223 utuntur:
833 1181 880 1225 res
894 1171 993 1224 antem
1009 1164 1065 1224 sub

113 1240 181 1300 aliis
203 1243 375 1303 nominibus
396 1261 433 1301 an
456 1242 546 1302 luerit
567 1246 604 1303 ab
617 1246 760 1325 antiquis,
780 1246 945 1322 designata,
970 1247 1065 1305 incer·

114 1328 178 1382 tum
201 1330 257 1383 est.
279 1323 338 1396 Qui
361 1343 377 1384 u
400 1326 584 1400 temporibus
606 1326 818 1402 Apostolorum
842 1346 929 1388 usum
953 1326 1064 1405 Super-

114 1404 230 1481 pellicei
253 1407 415 1470 derivant,
438 1410 555 1467 uetusta
581 1410 608 1467 ei
630 1408 777 1468 vocabula
801 1410 960 1476 tribuunt;
996 1429 1063 1471 uam

113 1487 235 1562 quidam
258 1506 323 1547 esse
344 1488 452 1564 prod
473 1490 668 1557 contendunt,
692 1491 741 1549 alii
765 1490 916 1551 lucernum
934 1490 1061 1560 birrum,

113 1568 164 1627 alii
186 1571 411 1643 amphibalum,
427 1570 464 1630 de
486 1573 545 1647 quo
566 1570 723 1649 Remigius
745 1572 773 1629 in
796 1572 986 1633 Testamenta
1009 1576 1061 1633 ait:

112 1650 219 1726 futuro
239 1650 386 1733 Episcopo
405 1654 566 1713 successori
578 1673 644 1713 meo
666 1654 869 1731 amphibolum
891 1655 989 1713 ulium
1007 1674 1064 1733 pu·

115 1732 244 1792 sobolem
265 1737 415 1814 relinquo.
447 1735 524 1795 lllud
555 1753 626 1795 sono
656 1742 770 1795 certum
804 1743 850 1795 est
877 1742 1010 1811 tempore
1032 1736 1063 1797 S.

114 1810 319 1892 Hieronymi,
343 1824 376 1876 ut
396 1819 459 1892 ipse
481 1823 607 1877 testatur
631 1816 698 1876 Lib.
726 1815 739 1875 1
761 1817 904 1877 adversus
932 1816 1064 1895 Pelagia—
1087 1830 1089 1835 '

116 1913 194 1962 nos,
218 1914 337 1956 omnem
359 1896 480 1959 Clerum
502 1902 532 1957 in
554 1898 697 1959 sacrificii
720 1900 975 1959 consummatione
997 1917 1065 1959 can·

116 1976 191 2035 didis
208 1980 350 2039 -vestibus
371 1983 566 2042 ministrasse.
591 1980 662 2041 ldeu
683 1987 783 2040 sutem
806 1981 1065 2057 superpelliceum

116 2066 253 2118 uocatum
276 2068 341 2129 est,
364 2064 433 2138 quia
456 2071 490 2123 ut
511 2062 626 2123 Claudii
650 2062 783 2122 Moliueti
816 2064 973 2137 probabilis
996 2082 1064 2123 con-

115 2139 230 2218 jectura
256 2140 340 2211 lert,
362 2142 517 2204 Canonicis
542 2146 660 2205 divinae
686 2144 865 2221 psalmodiae
893 2144 1066 2206 excubanti-

117 2223 197 2293 bus,
227 2223 256 2281 in
286 2227 455 2302 regionibus
478 2230 652 2303 praesertim
675 2227 922 2301 aquilonaribus,
946 2228 1066 2306 trigoris

116 2305 236 2365 arcendi
258 2324 358 2371 causa,
384 2309 510 2384 pellibus
535 2327 643 2384 corpus
666 2310 799 2385 integere
822 2326 886 2368 mus
908 2316 991 2376 erat,
1015 2328 1065 2369 su·

115 2404 167 2463 pra
201 2404 274 2463 quus
307 2389 413 2449 lineam
437 2392 567 2450 tunicam
601 2386 815 2467 imponebant:
840 2390 1063 2467 superpellicea

115 2474 221 2530 nutom'
239 2473 360 2532 saeculo
382 2469 443 2530 Xll
464 2490 481 2530 a
503 2470 660 2531 Canonicis
687 2473 884 2549 Regularibus
906 2470 954 2549 (si
975 2470 1065 2534 Prae·

115 2556 349 2614 monstratenses
371 2553 524 2635 excipias)
547 2572 582 2613 ac
604 2555 676 2615 item
698 2573 715 2614 a
738 2554 892 2615 Canoniois
920 2570 1064 2631 quarum·

115 2633 184 2693 dam
200 2632 403 2696 Ecclesiarnm
416 2634 527 2714 jugiter
543 2636 746 2715 gestabantur.
762 2635 886 2697 Saeculo
901 2638 989 2696 etiam
1001 2634 1065 2696 ΧΗ

116 2717 368 2794 superpelliceum
390 2718 420 2776 in
443 2736 499 2777 usu
521 2720 691 2787 communi,
716 2719 823 2779 nedum
847 2733 943 2785 sacro,
968 2718 1063 2796 plero-

115 2801 246 2873 rumque
267 2796 486 2859 Canunicorum
508 2798 617 2867 luisse,
641 2799 747 2861 deinde
769 2817 843 2861 reru
865 2800 1009 2875 antiqua,
1033 2802 1064 2857 ut

115 2880 240 2955 genuina
263 2881 355 2960 liujus
375 2881 540 2943 indumenti
572 2879 810 2942 nomenclatione
831 2882 951 2959 proprie
981 2881 1065 2942 tuni·

116 2978 166 3021 cuc
187 2963 297 3031 uncae,
321 2968 352 3022 et
372 2980 389 3022 a
411 2964 502 3041 vulgo
524 2962 781 3040 superpelliceum
804 2964 978 3023 indicatum.

155 3042 210 3102 lv.
234 3043 338 3120 Neque
359 3050 515 3119 praeterea
535 3046 627 3106 velim
649 3045 823 3111 existimes,
847 3042 964 3105 saeculo
987 3041 1063 3103 Xlll

43 3137 51 3159 ⁸
116 3142 232 3186 morem
254 3126 375 3185 omnino
396 3126 589 3195 obsolevisse,
613 3131 700 3188 extra
722 3145 786 3187 rem
809 3127 940 3187 divinam
962 3142 1065 3202 super·

116 3208 242 3283 pelicea
265 3208 396 3285 quotidie
419 3210 562 3285 gestandi,
586 3209 614 3267 in
636 3208 731 3289 hujus
753 3216 856 3270 autem
878 3209 990 3269 saeculi
1005 3206 1061 3285 Sy·

116 3289 198 3349 nodis
220 3290 332 3366 passim
353 3296 475 3351 cautum
498 3294 569 3361 est,
593 3308 631 3350 ue
652 3288 790 3369 Episcopi
826 3292 906 3351 domi
928 3291 1064 3366 lorisque

117 3370 326 3433 indumentum
354 3370 426 3431 illud
449 3372 642 3451 abjicereut3
679 3390 714 3433 ne
736 3370 906 3452 Presbyteri
929 3372 991 3431 sine
1013 3370 1065 3432 illo

102 3451 223 3513 ‘Missas
244 3460 380 3532 agerent,
402 3472 440 3513 ue
455 3452 562 3514 Clerici
583 3454 677 3515 sacris
699 3457 849 3533 mysteriis
871 3457 933 3515 sine
956 3455 1004 3514 illu
1020 3454 1065 3513 in-

118 3536 279 3602 teressent,
303 3553 379 3596 neve
402 3536 541 3599 Canonici
564 3535 729 3614 Regularos
751 3538 814 3597 sine
835 3538 885 3599 illo
907 3537 1010 3607 dumi,
1033 3540 1066 3597 ei
1146 3602 1148 3605 .

117 3615 189 3678 ioris
210 3619 395 3680 incederent.
418 3617 675 3698 superpelliceum
698 3618 754 3681 etsi
777 3618 865 3681 bodie
888 3622 927 3680 ita
950 3624 1065 3680 contra·

902 3717 916 3743 a!
