2517 4059
457 180 516 241 atti
538 168 598 229 303
620 179 679 237 aaa·

103 303 210 363 dinaiis
232 300 425 366 Thomasius,
451 302 479 359 in
493 301 683 380 praesciisse
696 318 821 360 scoram
837 299 981 363 Codicum
997 300 1053 361 So·

102 382 360 449 orcmcototiomr
382 381 424 441 Le
448 383 550 447 Brun,
579 379 660 441 Tam.
684 382 717 441 2.
741 380 855 442 dissert.
874 380 907 450 d,-
921 380 1058 442 Gracco:

99 468 157 535 las,
177 468 229 525 Les
245 466 405 525 oncicnucs
429 458 589 541 Liturqr’csr
620 464 766 531 Martene,
790 460 853 522 tit.
879 462 952 523 ros
974 464 1053 524 cnti-

101 550 168 627 qur's
193 544 339 607 Ecclesiae
362 544 469 605 ritibus
494 547 569 621 Cap.
595 543 625 604 5.
651 544 745 604 crt.1
767 565 794 605 n.
810 546 842 610 9,
859 556 886 605 ct
907 545 1054 624 sequenti·

101 632 180 696 haer
203 633 233 687 et
255 627 363 703 ioseph
387 627 561 687 vicecomes
585 625 619 684 de
642 625 751 687 Missos
775 628 895 686 ritibus.

144 709 200 771 ΙΙΙ.
225 710 360 786 Litargia
374 708 528 770 Gallicana
546 709 661 767 initium
678 709 837 769 ducebata
854 706 1053 780 Praefatione,

103 810 163 869 qua
186 791 331 851 Sacerdos
361 790 507 869 poputum
538 789 726 850 hortabatur.
751 789 935 866 Sequebatur
968 789 1056 848 tectio

103 873 225 935 Veteris
248 871 454 938 Testamenti,
479 890 555 947 quae
581 872 739 949 Prophetis
762 877 902 937 vocatur,
926 871 997 946 quia
1018 889 1057 931 ex

101 954 262 1033 Prophetis
278 956 454 1032 pracsertim
472 954 703 1014 desumebatur:
716 954 823 1014 deinde
838 950 973 1029 coiiectio
989 956 1057 1028 post

102 1038 322 1115 prophetiam,
346 1043 409 1097 tum
433 1036 558 1111 epistota
580 1036 642 1094 sire
666 1036 753 1097 tectio
785 1054 821 1095 ex
844 1033 929 1094 Noro
951 1031 1056 1095 Testa·

102 1125 226 1179 mento:
250 1136 339 1195 quam
363 1118 530 1193 excipiebat
552 1118 785 1193 Responsorium
807 1118 870 1177 sire
892 1114 1054 1177 Graduaie.

103 1198 208 1261 Postea
231 1199 408 1261 cantabatur
430 1202 460 1259 in
477 1198 605 1258 ambone
630 1199 853 1276 Evangeiium:
879 1212 939 1274 quo
962 1196 1054 1265 finito,

101 1276 269 1359 Episcopus
291 1299 460 1341 sermonem
483 1280 614 1341 habehat
635 1282 849 1358 ad-popuium.
868 1280 983 1338 Deinde
1005 1279 1058 1341 fia·

102 1362 153 1423 hat
176 1360 295 1431 oblatio,
316 1370 381 1439 post
403 1380 492 1439 quam
509 1380 594 1423 sacra
612 1364 815 1422 recitabantur
836 1360 990 1440 dypticha;
1009 1363 1059 1421 iis·

103 1463 160 1521 que
177 1446 320 1513 recitatis,
345 1446 500 1505 dicebatur
517 1445 610 1504 oratio
632 1450 699 1520 post
715 1446 845 1503 nomina.
870 1442 1058 1517 Sequebatur

102 1529 184 1604 pacis
207 1528 342 1586 osculum
365 1528 563 1603 atqucoratio
586 1531 652 1603 post
667 1544 783 1602 pacem.
808 1525 885 1584 Tum
909 1530 1056 1583 contesta-

104 1609 155 1679 tio,
181 1625 259 1684 quae
283 1614 401 1667 nostrae
418 1608 591 1683 praefationi
615 1609 825 1682 respondebat.
850 1604 954 1665 Postea
977 1606 1057 1666 dice-

102 1690 191 1749 batur
225 1707 319 1763 cauon
344 1689 452 1750 Missae
474 1690 606 1766 qnotidie
629 1689 788 1749 diversus:
815 1694 881 1765 post
901 1704 1058 1746 consecra·

103 1771 214 1831 tiouem
238 1772 334 1830 oratio
355 1772 488 1847 quotidie
512 1772 653 1830 diversa:
677 1772 763 1833 sicuti
794 1776 826 1830 et
848 1775 916 1829 aute
938 1773 969 1827 et
991 1772 1058 1845 post

102 1855 267 1913 orationem
289 1853 484 1912 iiominicam.
498 1854 577 1912 Dum
593 1849 770 1912 Commuuio
792 1868 877 1911 sacra
901 1866 1058 1926 peragere·

102 1939 151 1993 trrr
182 1934 286 2011 psalmi
309 1935 561 2003 decantabantur3
585 1951 619 1991 ac
642 1934 767 1994 demrrm
790 1934 887 1993 omnia
911 1930 1059 1991 Sacerdos

103 2016 226 2075 coiiecta
250 2034 301 2075 seu
324 2019 458 2076 oratioue
474 2012 680 2077 consumebat.
699 2014 822 2077 Praeter
839 2032 874 2075 ea
890 2032 966 2089 quae
981 2012 1056 2073 dixi-

102 2114 171 2156 mus
205 2116 241 2157 ex
265 2097 387 2157 Consilii
410 2097 550 2158 Vasensis
582 2096 655 2157 Can.
682 2096 700 2156 3
734 2096 1001 2173 frequentabantur
1028 2095 1057 2153 iu

101 2162 194 2239 Missa
216 2177 312 2257 Kyrie
328 2180 458 2250 eieison;
484 2196 612 2254 quonam
630 2197 704 2239 vero
720 2179 827 2240 Missae
844 2181 908 2238 ioco
932 2194 1057 2255 prorsus

103 2261 270 2339 ignoratur.
295 2261 326 2320 iu
351 2260 433 2322 iestis
456 2263 577 2337 iusuper
600 2260 778 2321 Sanctorum
801 2279 907 2320 eorum
929 2262 1006 2319 Acta
1029 2259 1059 2317 iu

101 2342 192 2402 Missa
227 2343 432 2403 recitabantur
465 2351 532 2403 aute
556 2342 771 2417 prophetiam,
805 2343 847 2401 uti
871 2344 989 2401 constat
1020 2357 1059 2400 ex

101 2420 240 2501 Gregorii
253 2423 434 2485 Turonensis
446 2424 537 2483 Libro
552 2423 564 2483 l
581 2425 616 2484 de
628 2421 733 2485 Gloria
746 2423 922 2502 Martyrum
934 2419 1058 2498 Capsa

102 2510 133 2567 et
155 2522 194 2566 ex
215 2504 282 2567 Lib.
307 2505 336 2566 ll
357 2507 394 2566 de
418 2504 576 2567 Mirocrrtis
598 2506 630 2567 S.
649 2507 779 2566 Martini
799 2504 872 2583 Cap.
889 2502 982 2563 Mb'et
1001 2501 1054 2561 79.

488 2665 615 2728 CAPUT
636 2666 680 2726 X.

359 2848 402 2891 DE
425 2845 573 2891 strithem
596 2846 804 2890 Mozsuaatcm

144 2994 168 3055 1.
194 2990 335 3073 Litargia
356 2992 544 3056 Mozarabica
566 2998 611 3052 est
626 2992 676 3052 iiia
701 2990 754 3071 (1),
779 3008 839 3067 qua
861 2990 931 3048 oiim
954 2982 1059 3063 Hispa·

105 3078 166 3147 uia,
190 3082 222 3138 et
237 3078 352 3137 vicinae
375 3074 523 3153 Regiones
546 3074 726 3135 utebantur:
749 3071 937 3132 Mozarabica
951 3075 1058 3129 vocata

104 3156 178 3229 init,
203 3158 274 3235 quia
297 3176 364 3219 cum
382 3158 497 3217 Arabes
518 3157 639 3217 saecuto
655 3164 763 3216 octavo
782 3153 958 3231 Hispaniam
982 3166 1059 3228 pene

104 3258 226 3315 omnem
250 3244 463 3318 occupassent,
488 3235 648 3299 Christiani
672 3237 876 3300 Merctorcbcs,
901 3239 931 3294 et
954 3250 1059 3293 corru-
1090 3236 1094 3244 '

105 3328 156 3403 pto
178 3322 326 3383 rocabuio
349 3320 542 3392 Mororobcs,
577 3320 604 3378 id
628 3325 674 3379 est
695 3320 780 3378 mixti
812 3316 963 3376 hrabibus
984 3313 1056 3373 dicti

121 3512 174 3629 niti.)
188 3506 255 3563 Vide
267 3526 282 3565 a
296 3512 390 3563 Sancta
403 3508 494 3570 Maria,
510 3502 764 3557 Animadversioncs
776 3503 804 3554 in
817 3502 928 3569 requies
941 3506 967 3553 ct
978 3512 1059 3551 usam

106 3593 120 3629 c
156 3592 217 3631 roes.
986 3583 988 3592 ·
