2517 4059
485 243 707 316 &Milsslffiteo

119 372 225 449 legisse
246 370 347 449 ajunt,
371 380 403 434 ot
423 377 453 436 in
475 374 540 435 loco
563 375 681 435 decenti
703 375 890 448 condidisse;
914 385 945 439 et
966 378 994 437 in
1017 398 1070 441 eo·

118 454 187 515 (lem
209 454 275 513 loco
297 456 423 517 natalem
446 459 539 536 ipsius
563 458 653 517 hilari
675 463 833 529 conventu,
858 459 994 535 quisine
1017 461 1069 523 Sa·

119 534 230 596 crificia
254 554 310 597 uon
332 547 422 607 erat,
452 540 609 617 quotannis
629 540 843 600 celebraturos.
869 538 962 602 Porro
986 540 1068 607 citati

117 615 223 678 Patres
244 617 281 677 de
297 621 365 679 solis
381 620 563 701 Martyribus
579 622 753 701 loquuntur,
771 623 840 698 quia
854 620 1067 687 Conlessorum

117 700 292 762 festivitates
313 704 409 764 serius
432 705 461 769 'ur
483 700 615 764 Ecclesia
639 710 778 782 receptae
799 711 878 765 snnt.

156 780 198 843 11.
222 780 299 845 Sunt
319 791 351 845 et
372 784 497 853 Missae,
520 803 598 863 qnae
621 804 677 863 pro
698 787 797 863 aliqua
819 786 939 864 speciali
961 804 1064 861 causa,

117 869 168 927 aut
190 866 367 939 necessitate
389 884 441 929 seu
463 868 606 945 publica,
629 885 682 929 seu
707 868 822 946 privata
844 868 995 929 interdurn
1017 887 1068 932 oe·

116 946 294 1014 lebrantur,
322 966 397 1026 quae
414 948 540 1011 Votlrae
556 951 706 1011 dicuntur.
724 949 770 1009 Ad
789 950 843 1011 bas
864 958 982 1025 spectat
995 954 1068 1015 Mis·

115 1048 159 1099 sa,
178 1047 269 1106 quarn
292 1030 393 1090 scribit
407 1033 592 1111 Augustinus
614 1031 680 1092 Lib.
697 1030 792 1092 xxll
814 1030 849 1091 tic
868 1032 994 1095 Ciuitate
1009 1032 1067 1094 Dei

117 1110 191 1189 Cup.
215 1109 354 1171 Sectam
376 1112 404 1174 in
427 1114 516 1174 domo
538 1114 665 1193 privata,
689 1123 723 1175 ut
745 1114 923 1175 liberaretur
945 1133 962 1174 a
984 1117 1067 1194 spiri-

115 1200 201 1255 tuum
218 1195 393 1254 vexatione:
417 1196 538 1257 Missam
561 1213 653 1274 quarn
669 1193 797 1272 Prosper
813 1203 915 1258 narrat
929 1198 1063 1259 celebra-

115 1282 176 1337 tam
202 1278 232 1335 in
255 1278 419 1352 gratiarum
441 1280 591 1339 actionem
623 1277 661 1337 ob
684 1280 800 1355 puellae
833 1280 989 1339 adiabolo
1012 1281 1065 1341 ob·

116 1376 215 1421 sessae
238 1358 456 1421 liberationem.
480 1361 634 1438 Quotquot
654 1360 783 1437 denique
810 1378 863 1437 pro
885 1362 985 1437 aliqua
1013 1381 1064 1425 ne-

113 1442 276 1512 cessitale;
314 1444 362 1503 vel
401 1445 429 1502 in
451 1442 646 1503 beatissimae
679 1441 832 1519 Virginis,
855 1444 918 1503 sive
940 1444 1062 1506 Sancto-

114 1540 181 1584 rum
204 1526 426 1584 veneratiouem
449 1531 534 1585 extra
557 1528 706 1586 solemnes
732 1541 838 1585 eorum
861 1523 1062 1594 festivitates,

113 1614 143 1667 et
163 1608 327 1681 antiquitus
350 1607 531 1685 agebantur,
556 1612 586 1666 et
608 1624 686 1667 nunc
708 1623 828 1682 quoque
851 1614 995 1683 aguntur,
1021 1609 1063 1666 in-

113 1694 160 1747 ter
186 1688 303 1757 Votieno
332 1690 549 1765 computandae
581 1696 660 1768 sunl.
686 1688 719 1748 lu
742 1682 831 1745 Libro
855 1687 1063 1749 Sacramentu-

113 1787 180 1831 rum
205 1770 332 1847 Reginae
355 1770 517 1832 Svenorum
541 1777 608 1830 aute
641 1788 734 1830 annos
765 1776 929 1847 nongentos
951 1772 1061 1847 scripto

111 1852 216 1924 plures
238 1852 376 1927 leguntur
398 1851 505 1913 Missae
527 1852 665 1913 Votivae.
682 1850 838 1916 Cornelius
860 1852 1062 1931 Sebultinglus

112 1932 199 1993 Turn.
224 1931 267 1993 ΙΙΙ
289 1933 482 1995 Bibliothecae
499 1932 724 1995 Ecclesiasticus
745 1931 827 1992 Part.
847 1934 859 1993 l
882 1934 987 1994 Missas
1009 1952 1062 1993 vo·

114 2016 190 2075 liras
213 2034 266 2091 pro
282 2017 370 2076 variis
393 2016 627 2082 necessitatibus,
645 2022 676 2076 et
691 2034 745 2092 pro
761 2016 886 2075 diversis
900 2016 1059 2077 bominum

111 2098 237 2159 statibus
260 2107 381 2157 centum
403 2106 432 2158 et
457 2098 626 2176 quindecim
650 2116 687 2158 ex
709 2099 898 2158 diversarum
913 2095 1062 2159 Ecclesia·
1161 2158 1166 2169 ,

111 2196 180 2239 rum
204 2178 373 2239 Missalibus
395 2181 525 2257 collegit.
549 2179 665 2240 Missae.
681 2178 809 2240 Votivae
836 2185 904 2240 sunt
936 2181 1061 2258 triplicis

112 2262 240 2335 generis.
265 2261 356 2322 Primi
379 2265 496 2339 generis
518 2268 587 2323 sunt
610 2262 676 2323 illae
698 2280 774 2339 quae
789 2262 929 2322 dicuntur
951 2264 987 2322 de
1010 2264 1065 2327 ali.

110 2360 170 2419 quo
192 2340 316 2413 Sancto,
341 2345 388 2403 vel
411 2345 446 2405 de
469 2344 568 2421 aliqua
590 2343 795 2405 Solemnilale.
821 2344 948 2404 Secundi
972 2364 1059 2422 gene-

111 2424 153 2483 ris
176 2426 285 2486 Missae
302 2424 428 2486 Votivae
451 2431 519 2489 sunl
541 2428 607 2486 illae
631 2444 707 2503 quae
730 2426 879 2487 habentur
903 2428 930 2485 in
947 2426 1060 2489 Missall

109 2504 245 2567 Romano
267 2516 334 2583 post
352 2507 518 2569 Conrmuuc
539 2508 716 2568 Sanctorum
738 2514 769 2569 et
784 2507 982 2568 Dedicationis
1003 2509 1061 2568 Eo·

110 2588 229 2649 clasiae.
255 2588 434 2667 Hujnsmodi
458 2598 559 2651 autern
582 2590 691 2651 Missae
720 2591 843 2665 singulis
872 2590 977 2649 diebus
1005 2609 1058 2665 per

110 2671 330 2742 hebdomadam
346 2676 521 2749 assignatae,
538 2677 604 2739 octo
620 2677 824 2739 recensentur,
841 2672 988 2731 videlieet:
1004 2662 1064 2732 Fe?

111 2754 154 2813 ria
176 2754 304 2815 secunda
327 2756 363 2815 de
387 2754 438 2815 SS.
464 2752 618 2819 Trinitate‚
643 2751 731 2812 Feria
754 2755 838 2812 tertia
862 2753 898 2813 de
920 2754 1054 2829 Angelis,
1084 2744 1091 2767 ⁸

108 2832 195 2896 Faria
217 2844 324 2913 quarta
346 2837 382 2896 de
398 2837 555 2913 Apostolis,
570 2834 657 2896 Feria
679 2836 782 2910 quinta
804 2835 840 2893 de
855 2833 964 2912 Spiritu
983 2833 1054 2895 San·

105 2923 167 2986 cto,
192 2920 239 2978 vel
262 2918 298 2978 de
320 2917 371 2979 SS.
396 2918 598 2984 Sacramento,
623 2916 711 2976 Feria
733 2920 816 2976 sexta
838 2916 875 2975 dc
897 2916 927 2975 S.
946 2914 1053 2986 Cruce,

36 2994 41 3003 '
108 3000 156 3059 vel
179 3000 216 3059 de
238 2998 387 3068 passione,
412 3000 541 3061 Sabbata
564 3000 600 3057 de
622 3000 798 3059 Beatissima
820 2998 914 3057 Maria
930 2997 1055 3076 Virgine

111 3080 204 3141 Tertii
226 3084 343 3158 generis
366 3081 634 3151 MissauVotivae,
659 3098 735 3156 arrae
757 3081 827 3141 olim
850 3087 935 3140 erant
959 3082 1054 3141 trede-

107 3166 181 3233 cim,
238 3164 294 3224 odo
310 3165 537 3240 quatuordecim
560 3169 788 3231 enumerantur,
805 3180 882 3237 quae
905 3163 1054 3225 habentur

108 3247 137 3305 ln
160 3244 218 3305 fine
268 3246 361 3306 issalis
376 3244 515 3315 Romani,
538 3246 696 3306 videlicet:
721 3244 820 3303 Prima
845 3263 898 3321 pro
920 3245 1054 3321 eligendo

107 3326 231 3388 Summo
253 3327 404 3397 pontifice,
422 3328 497 3389 Sede
521 3334 669 3397 vacante;
693 3325 827 3386 Secunda
850 3328 878 3384 in
902 3326 949 3385 die
964 3327 1055 3387 Crea-

107 3410 205 3479 llonis‚
223 3414 253 3469 et
266 3408 470 3471 Coronatiouis
486 3409 592 3488 Papae,
614 3410 812 3488 ejusdemque
827 3407 1053 3481 anniversaria

107 3489 208 3551 Tertia
230 3494 260 3550 iu
276 3490 487 3553 Auuiversarlo
502 3491 739 3554 Consecrationis
754 3487 892 3566 Episcopi
905 3512 914 3559 3
938 3490 1052 3563 Quarta

106 3574 142 3635 ad
166 3572 329 3634 tollendum
352 3575 480 3636 schisma
499 3595 506 3643 ;
529 3573 639 3648 Quinta
662 3592 716 3651 pro
738 3588 928 3648 quacumque
951 3590 1053 3633 neces·

107 3655 220 3727 silate3
253 3654 342 3716 Sexta
376 3674 429 3737 pro
467 3657 641 3719 remissione
672 3656 890 3733 peccatorum
920 3653 1075 3733 Septima,

245 3750 302 3802 Vul.
323 3756 356 3805 ll.
887 3749 919 3802 21
