2517 4059
508 245 568 305 eset)
592 235 652 294 er5
673 243 733 302 tica·

140 363 241 422 dimus
263 363 337 422 haec
353 364 463 422 rerba:
488 379 564 440 qnae
587 363 643 422 tili
656 363 808 444 offerimur
825 383 886 442 pro
901 367 946 426 lia
969 388 1093 447 quoque,

141 463 212 523 quos
235 461 411 520 repenerare
433 443 576 521 dianatur
598 461 625 504 es
646 463 685 504 eac
705 463 797 523 apua,
817 457 869 506 ete.
895 445 969 508 Orat
989 450 1095 509 Sacer-

142 527 199 585 dos
221 527 250 584 in
275 527 336 600 ipsa
352 523 509 586 Oblatione
531 533 564 585 ut
580 523 662 586 Calix
685 525 801 587 oblatus
822 527 857 585 in
872 541 1026 610 conspectu
1042 528 1095 589 m·-

136 609 226 668 ninae
250 605 419 687 Mujeetatr's
448 627 515 666 cnm
536 605 624 666 odore
647 608 804 668 suauitatis
831 611 995 672 ascendat:
1017 611 1094 672 Cum

137 687 189 749 illo
206 689 320 748 scilicet
335 689 463 766 mystico
484 689 588 758 odore,
607 692 656 766 qui
679 707 715 749 ex
733 690 800 766 ipsa
812 688 922 759 Calice,
940 711 1009 754 curn
1025 712 1094 754 cou-

135 777 271 832 secratus
294 770 396 841 luerit,
413 771 591 830 suavissime
607 772 733 848 expirat.
753 769 785 830 ln
801 773 950 835 oblatione
967 775 1093 837 Hostiae

134 855 235 932 primo
259 851 357 913 elevet
378 853 413 910 ad
436 852 561 913 Coelum
585 853 689 913 oculos
703 851 860 924 Sacerdos,
885 863 915 917 et
929 859 1092 918 statinr‘de-

137 935 249 1005 mittat,
274 935 301 994 in
318 935 468 995 oblatione
491 952 563 994 vero
578 933 687 994 Calicis
707 941 801 994 totam
824 937 903 997 dicat
916 937 1093 1000 Orationem

135 1017 231 1078 oculis
254 1018 283 1074 in
298 1017 414 1076 coctum
438 1017 574 1084 elevatis,
598 1020 628 1075 et
651 1018 726 1076 ratio
748 1023 794 1076 est
816 1019 858 1077 uti
874 1019 1015 1081 observat
1029 1020 1092 1081 Ma·

134 1099 178 1158 cri
203 1100 231 1157 iu
255 1117 309 1158 suo
325 1097 511 1159 Hierolenieo
533 1097 626 1158 verbo
647 1095 865 1178 Offertorinm:
891 1101 966 1164 Cum
988 1102 1091 1164 Sacri·

133 1179 247 1260 ficium,
273 1182 386 1257 inquit,
410 1183 449 1242 sit
470 1191 553 1240 actus
575 1179 687 1240 latriae
708 1181 764 1238 soli
785 1181 946 1243 Divinitati
968 1183 1091 1256 debitae,

135 1271 163 1322 et
186 1263 289 1322 oculus
311 1261 348 1322 sit
369 1263 531 1342 symbolum
554 1270 652 1322 rectae
673 1264 867 1332 intentionis,
892 1263 971 1326 delet
987 1269 1091 1347 primo

133 1345 234 1405 oculor
255 1345 355 1404 leuare
378 1345 411 1403 r'n
434 1345 569 1412 coelum,
596 1353 629 1402 ut
652 1341 763 1402 indicet
785 1361 814 1402 se
835 1346 990 1407 intendere
1011 1347 1090 1408 deli·

132 1436 197 1486 tum
222 1427 337 1488 cultum
359 1425 421 1486 Deo
443 1425 526 1485 dare.
550 1423 660 1486 Statim
683 1443 752 1485 nero
776 1424 919 1494 demittit,
945 1431 1018 1507 qnia
1040 1449 1091 1487 no-

130 1508 230 1567 minat
251 1509 399 1588 seipsum:
421 1510 481 1586 ipae
503 1513 601 1566 autem
619 1515 772 1585 tamquam
791 1518 930 1586 peccator
943 1509 1089 1589 indipnns

132 1599 252 1651 tenetur
273 1590 391 1650 imitari
407 1590 621 1666 publicanum,
646 1607 706 1646 non
728 1590 829 1647 oculos
851 1590 950 1651 leuare
970 1594 1005 1651 in
1027 1609 1086 1651 eoe-

130 1669 390 1735 lum.1uCalicis
410 1689 477 1731 cero
499 1671 644 1729 oblatione
666 1688 781 1750 semper
799 1669 987 1752 Crucifixum
1010 1674 1090 1750 arpi·

130 1755 181 1819 rit,
206 1756 277 1831 quia
300 1764 371 1812 tnnc
391 1755 500 1814 mentio
513 1751 547 1830 fit
569 1751 740 1814 sanctssimi
762 1752 862 1810 odoris
879 1755 1089 1830 pretiosissimi

133 1833 248 1896 Christi
269 1834 443 1911 Sanquinis.
468 1833 501 1893 ln
518 1832 661 1893 Oratione
685 1833 727 1892 uti
750 1834 963 1896 animadvertit
978 1835 1087 1897 Beller-

130 1917 233 1977 minus
254 1915 321 1976 Lib.
341 1915 381 1975 Vi
405 1916 440 1974 de
456 1913 549 1976 Missa
570 1913 643 1996 Cap.
660 1915 697 1973 17
720 1933 776 1973 non
802 1914 860 1974 dici
878 1914 1087 1980 ColieemSass

130 2000 272 2068 latorem,
297 1997 346 2058 sed
371 1995 502 2060 Calicem
525 1999 688 2065 salutarie,
713 1996 788 2056 idest
809 1996 940 2060 Calicem
961 1998 1085 2065 Christi,

130 2079 183 2156 qui
208 2081 344 2148 instituit,
370 2086 402 2139 ut
423 2077 506 2140 Calix
529 2077 577 2138 ille
600 2079 770 2145 offerretur,
794 2086 826 2139 et
847 2089 1084 2150 consecraretur,

129 2166 228 2237 potest
249 2161 338 2220 etiarn
362 2161 424 2220 sine
447 2160 576 2222 absurdo
595 2159 725 2223 Calicem
741 2160 902 2221 salutarem
925 2163 1082 2242 appellari,

131 2241 161 2300 id
185 2242 326 2304 videlicet
348 2242 501 2302 referendo
522 2241 707 2302 adiuturam
730 2244 996 2306 consecrationem.
1014 2245 1087 2307 Post

129 2325 208 2383 hanc
231 2323 405 2384 Orationem
430 2323 557 2383 collocat
578 2323 724 2384 Sacerdos
744 2322 873 2384 Calicem
906 2327 935 2384 in
959 2327 1083 2398 Alteri,

127 2402 236 2465 Hostia
258 2411 327 2464 ante
350 2406 479 2466 Calicem
503 2409 674 2467 constituta.
697 2405 739 2466 nt
765 2408 795 2465 iu
818 2407 876 2466 hoc
897 2405 1006 2473 Graeci
1027 2408 1086 2468 dii-

127 2486 230 2547 ierunt
252 2505 269 2546 a
292 2485 425 2554 Latinis,
450 2505 506 2548 non
530 2489 609 2547 euim
634 2489 661 2547 in
683 2489 805 2564 longum
829 2506 930 2549 coram
953 2507 1008 2559 se,
1031 2491 1085 2550 sed

127 2569 158 2626 iu
181 2575 387 2628 transversum
411 2587 544 2646 panem,
571 2575 601 2630 et
622 2571 727 2629 vinnm
751 2567 913 2630 ordinant:
941 2571 993 2646 qui
1019 2587 1085 2632 mos

128 2650 217 2710 eliam
242 2669 258 2710 a
275 2649 387 2709 Latinis
409 2650 458 2711 diu
481 2650 657 2717 observatus
672 2656 728 2711 est.
745 2650 919 2710 Ponebatur
940 2653 1013 2712 olim
1029 2651 1085 2714 Ca·

127 2730 167 2790 lix
187 2729 273 2807 juxta
296 2729 448 2802 Hostiam,
471 2739 503 2792 ut
524 2733 748 2809 exprimeretur
770 2732 913 2793 nimirum
936 2733 1084 2795 eChristi

124 2815 219 2874 latere
241 2813 433 2891 Sanguinem,
456 2819 487 2874 et
509 2831 619 2890 aquam
642 2811 829 2891 produxisse.

470 2973 597 3037 CAPUT
620 2974 739 3036 xviii.

155 3154 198 3196 DE
221 3155 334 3198 THURIS
357 3123 435 3200 Post*
456 3155 662 3198 ontinenam
685 3156 717 3199 tn
738 3155 838 3199 nttssrs
859 3155 1056 3200 sunamitides

489 3231 727 3282 iucensartontt.

166 3380 502 3443 internetionem
529 3382 588 3442 hoc
617 3383 680 3442 loco
700 3382 813 3443 Thuris
842 3383 1080 3444 benedictionem

124 3463 271 3530 extendit,
295 3463 383 3542 cnjus
406 3465 636 3541 explicationem
660 3465 842 3543 suscipimus
855 3483 914 3525 uua
936 3483 1004 3526 cum
1019 3485 1080 3528 om·

125 3543 213 3603 nibus
235 3541 467 3616 Caerernoniis,
491 3552 522 3606 et
543 3547 729 3608 orationibus
757 3565 832 3624 quae
854 3546 967 3608 Thuris
989 3549 1095 3627 ipsius.

124 3627 357 3688 incensationem
380 3627 570 3687 comitantur.
589 3627 621 3687 ln
638 3627 762 3690 Graecis
782 3629 923 3690 omnibns
938 3629 1082 3709 liturgiis
