2517 4059
568 166 710 236 &330
731 174 792 235 stas·

204 295 293 355 habel
314 296 343 353 in
365 292 454 363 Libro
475 293 509 353 sla
537 292 739 372 Monopamio.
756 292 888 374 Cyrillus
908 293 1159 373 Hierosolymila-

204 395 258 437 nus
279 376 433 437 Caleohesi
458 374 483 433 V
506 374 723 455 Mystapopieo:
744 376 932 448 Monimou,
957 380 1072 452 inquit,
1097 396 1158 436 osse

203 458 351 519 oredimus
377 460 551 517 animarum
569 461 724 539 juvamen,
747 478 804 535 pro
829 460 935 537 quibus
955 460 1080 599 offertur
1107 460 1158 519 ob-

201 541 327 600 secratio
349 540 447 598 sensti
467 541 552 599 illius
575 552 602 599 et
625 541 784 611 tremendi,
808 540 886 619 quod
906 543 942 599 in
964 542 1064 600 .ltori
1080 541 1159 618 posi·

202 633 266 681 tum
290 632 331 681 ost
354 618 515 700 Sacrificii,
541 622 571 680 S.
590 620 723 699 Ephrem
747 625 775 681 in
796 624 987 683 Testamenta
1010 623 1067 682 boo
1090 625 1159 682 uni·

205 722 273 764 eum
297 722 313 763 a
335 702 477 763 iratribus
498 701 633 779 flagitat:
659 704 856 767 Comitamini
879 722 924 765 me
949 709 982 766 in
1009 702 1155 765 Oratione

201 789 236 847 in
259 785 396 849 Psalmis,
424 798 451 844 et
467 786 501 843 in
521 783 738 846 oblationibus.
766 785 949 864 Epiphanius
965 785 1092 847 Haeresi
1115 786 1155 846 75

203 871 280 929 inter
305 884 423 928 errores
446 868 522 925 Aelii
546 867 626 929 hune
647 877 817 934 enumerat,
835 870 913 945 qriod
937 876 1061 947 negaret
1081 868 1154 928 olie-

202 952 331 1011 rendum
348 967 413 1008 esse
429 946 610 1008 Sacrificium
629 968 683 1026 pro
697 950 862 1009 Deluumis,
878 951 908 1009 S.
922 951 1047 1011 loannes
1061 948 1157 1029 Chry·

201 1039 350 1093 soslornus
371 1029 505 1089 Humilia
527 1031 569 1091 ΙΙΙ
592 1032 625 1089 in
649 1030 780 1111 Epistola
801 1032 842 1091 od
865 1031 1073 1112 Philippenses:
1089 1030 1156 1093 Non

203 1114 322 1190 frustra
347 1114 417 1172 boos
439 1113 475 1171 ab
502 1111 646 1192 Apostolis
665 1125 736 1174 sunt
757 1115 868 1193 lenibus
889 1118 1059 1178 constituto,
1072 1125 1107 1174 ut
1123 1114 1157 1172 in

202 1194 410 1261 venerandis.
437 1204 524 1272 atque
549 1194 695 1273 horrificis
720 1197 865 1275 mysteriis
887 1199 1032 1257 memoria
1053 1214 1157 1256 sorum

201 1277 266 1356 fiet,
296 1278 349 1356 qui
374 1275 584 1336 decesserunt:
610 1276 762 1338 Noverunt
787 1280 855 1338 bino
875 1282 1000 1339 multum
1026 1278 1066 1337 nd
1090 1279 1157 1339 illos

201 1361 283 1419 lueri
304 1358 453 1425 accedere,
478 1360 606 1418 multllm
629 1358 784 1420 utilitatis.
810 1359 897 1420 idem
913 1362 1000 1419 sortit
1022 1360 1157 1420 Humilia

200 1441 278 1503 XXI
297 1443 331 1500 in
352 1438 427 1499 Astu
461 1438 690 1519 Apostolorum,
714 1440 847 1502 Romilio
873 1440 1000 1503 XXXII
1019 1444 1054 1501 in
1078 1441 1160 1500 Mat}

200 1524 331 1587 thaeum,
359 1534 385 1581 et
408 1520 537 1581 Homolio
560 1521 690 1582 LXXXI
698 1522 767 1583 Vin
787 1522 946 1584 Ioannem.
970 1526 1001 1584 S.
1027 1524 1157 1583 Ambro-

202 1607 265 1668 sius
287 1606 315 1666 id
339 1604 495 1665 confirmat
518 1606 654 1679 pluribus
682 1607 709 1664 in
727 1608 825 1674 iocis,
849 1608 1007 1685 praecipue
1030 1608 1059 1665 in
1081 1605 1155 1666 Ora·

203 1690 281 1749 lione
304 1687 421 1746 funebri
442 1688 479 1747 de
496 1687 576 1747 obilu
599 1687 697 1767 Satyri
720 1688 821 1748 lralris
842 1689 900 1753 sui,
919 1691 946 1747 in
960 1688 1104 1749 Oratione
1119 1688 1157 1748 de

202 1772 284 1832 obilu
309 1768 520 1834 Valentiniani,
544 1774 574 1829 et
596 1770 653 1829 alia
676 1770 765 1829 simili
788 1771 824 1829 de
840 1770 1006 1830 Theodosio
1022 1770 1157 1848 impera·

201 1858 278 1913 tore.
303 1851 359 1912 Sed
392 1858 422 1913 et
444 1852 614 1927 expressius
638 1854 666 1911 in
687 1852 830 1911 Oratione
853 1856 949 1929 prima
971 1854 1007 1912 ad
1031 1853 1156 1913 Missam

201 1933 276 1995 ieria
299 1941 383 2009 sexta
405 1934 540 1993 dicendo:
567 1932 717 2011 Ropomus
741 1936 831 1993 enom
852 1946 878 1994 te
900 1934 1025 1994 Dorium
1047 1936 1156 2007 &note

202 2016 303 2086 Pater,
331 2028 357 2075 et
380 2034 435 2096 pro
460 2014 613 2091 spiritibus
636 2015 770 2095 fidelium
798 2014 1032 2092 Defunctorum,
1058 2027 1094 2076 ut
1116 2019 1156 2078 sil
1239 2074 1242 2079 .

202 2101 263 2159 illis
285 2099 365 2159 solus
390 2099 526 2163 sonitus,
545 2096 716 2173 pendium,
741 2109 768 2159 et
792 2096 986 2176 refripsriam
1010 2101 1064 2159 hoo
1089 2118 1157 2158 ma-

203 2200 294 2258 quisue
315 2180 434 2258 pietatis
462 2180 703 2239 Sacramentum.
728 2179 760 2239 S,
784 2182 969 2255 Arrgustinus
997 2187 1061 2241 turn
1085 2180 1155 2239 aiibi

203 2281 317 2342 saepe,
342 2267 405 2321 tum
430 2263 589 2337 praecipue
612 2262 640 2319 in
664 2261 753 2321 Libro
779 2262 816 2320 de
840 2261 925 2323 Coro
945 2282 1001 2341 pro
1030 2264 1155 2322 mortuis

202 2342 334 2424 perendie
365 2342 461 2402 eidem
493 2343 611 2401 veritati
634 2344 827 2420 suffragatur,
852 2344 890 2403 Et
912 2343 1062 2405 Possidius
1084 2344 1155 2404 Vita

203 2430 233 2492 S.
259 2426 415 2497 Augustini
439 2422 511 2500 Cap.
530 2422 616 2485 Xlll:
637 2424 695 2483 Pro
710 2428 772 2505 ejus
793 2427 899 2500 inquil,
919 2424 1155 2486 commentante

202 2510 336 2591 eorporis
363 2506 541 2587 depositione
556 2506 744 2584 Sacris-'oium
763 2508 821 2567 Deo
846 2509 975 2569 oblatum
998 2519 1049 2586 est,
1068 2519 1095 2569 et
1116 2526 1155 2567 se·

197 2596 300 2675 pullus
323 2600 375 2649 est,
400 2589 605 2649 Damascenus
627 2588 831 2664 Apostolieum
861 2589 919 2649 hoe
935 2606 1009 2651 'esse
1039 2591 1155 2651 institu-

203 2685 265 2737 tum
282 2675 460 2735 Sanctorum
475 2668 595 2729 Petrum
619 2673 788 2732 testimonio
804 2674 942 2732 ostendit.
959 2673 1065 2731 Nullus
1080 2690 1158 2733 vero

202 2762 304 2818 contra
327 2748 491 2817 solemnem
517 2752 595 2813 illam
620 2755 724 2813 orandi
749 2772 802 2830 pro
823 2756 949 2815 mortuis
964 2755 1154 2815 eonsuetudi-

203 2858 276 2901 nem
296 2854 387 2899 ausus
419 2840 464 2895 est
486 2834 565 2911 loqui
589 2852 683 2912 usque
713 2836 750 2895 ad
772 2854 883 2895 annum
907 2834 992 2908 aas,
1018 2854 1071 2896 seu
1094 2834 1154 2897 350

202 2941 262 2999 quo
285 2922 366 2982 iliam
384 2919 557 2994 impugnare
584 2936 742 2995 aggressus
763 2925 808 2977 est
822 2916 928 2979 Aetius
943 2938 1005 2995 niro
1027 2918 1077 2978 ubi
1094 2918 1155 2995 pri·

201 3023 283 3064 mum
306 3000 478 3063 Oblationes
500 2999 662 3067 iaciendas,
687 2999 912 3077 laudandusque
924 3001 1082 3062 Orationes
1098 3017 1153 3077 pro

200 3084 356 3146 Deiunohs
379 3082 507 3158 negavit,
535 3101 550 3141 a
572 3080 722 3150 Patribus,
746 3087 780 3143 ut
801 3083 972 3144 haereticus
995 3084 1154 3142 damnatus

201 3172 258 3231 ost.
282 3167 374 3241 quue
398 3169 478 3241 patet
499 3182 536 3223 ex
558 3162 697 3224 Consiliis
719 3164 853 3224 omniurn
869 3166 1104 3241 provinciarum,
1123 3165 1152 3222 in

201 3250 310 3327 quibus
333 3247 364 3306 srt
388 3246 500 3305 mentio
522 3244 665 3306 Sarrifisii
682 3264 737 3320 pro
751 3244 919 3309 Deianotis,
937 3255 1090 3325 tamquam
1106 3264 1153 3307 re-

202 3333 283 3407 cepti
302 3336 332 3389 el
348 3328 457 3389 usitati.
476 3326 532 3387 Pro
545 3327 648 3387 Alrioa
669 3325 832 3389 Concilium
849 3328 890 3389 lii
906 3329 1153 3405 Carthaginiense

200 3412 274 3473 Can.
299 3409 340 3469 29
362 3416 392 3471 st
416 3408 457 3468 iV
478 3408 550 3469 Can.
574 3406 626 3480 79,
651 3426 706 3484 pro
728 3406 871 3486 Hispania
892 3410 1057 3472 Concilium
1079 3412 1153 3471 Bra·

202 3510 321 3555 sarense
344 3491 358 3551 1
379 3490 452 3555 Can.
469 3490 506 3550 16
529 3491 567 3551 i'l
588 3496 619 3551 el
640 3490 693 3561 21,
715 3499 747 3552 et
767 3492 942 3554 Toletsnum
963 3495 1008 3555 nt
1024 3492 1097 3553 Can,
1110 3492 1153 3553 Ἠ

201 3592 255 3649 pro
277 3573 373 3637 Gallia
395 3572 588 3635 Cabilonenss
614 3571 654 3642 ll,
669 3579 701 3633 et
723 3572 939 3638 Aurelianense
962 3574 990 3635 ll
1004 3573 1076 3635 Can,
1093 3575 1147 3647 ib,
