2517 4059
581 198 797 267 ⁸&186ss

219 317 287 386 Dei,
311 340 400 397 quam
422 323 485 399 ipse
509 343 579 385 inex
601 334 784 405 conceptura
807 330 883 395 erat,
908 326 1064 387 detectura
1086 324 1166 384 dein-

218 419 290 478 ceps
311 422 365 480 per
387 423 495 465 novem
518 410 667 468 meusium
689 411 818 485 spatium
842 411 870 467 in
893 414 1000 475 utero,
1025 412 1089 469 tum
1111 406 1170 467 edi·

218 489 298 557 ture,
320 485 428 545 alitum
452 488 582 565 denique
604 491 789 567 permultos
810 508 913 550 annes.
937 489 985 550 Ad
1008 489 1085 548 hanc
1107 504 1171 563 gra·

219 565 278 626 tiae
301 568 517 641 plenitudinem
541 573 709 649 respexisse
735 574 856 634 ridetur
886 571 996 631 Beatus
1018 570 1169 630 Amadeus

218 645 415 721 Lausaqensis
436 647 572 712 Homilia
597 653 653 713 111
671 652 707 711 de
726 653 877 714 Laudillm
901 653 1033 731 Virpinis
1054 649 1172 711 Mariae

216 729 289 788 dum
313 729 387 791 haec
409 733 466 805 ait:
491 732 625 808 Spiritus
646 735 773 796 Sanctae
793 738 978 815 superveniet
998 734 1032 793 in
1054 742 1106 792 te:
1127 750 1172 791 aas·

213 812 368 891 perveniet
389 822 415 871 et
435 815 470 873 in
489 814 635 887 adamate,
659 818 693 875 is
718 815 894 895 affluentia,
918 816 952 875 in
972 813 1170 895 plenitudine,

218 902 247 951 et
268 893 302 950 in
323 892 462 972 effusione
482 900 594 964 caran,
617 909 644 958 et
665 899 806 957 animae:
827 915 950 973 cumque
972 896 1128 973 repleverit
1148 902 1173 951 te

217 976 275 1034 erit
295 974 393 1033 adltue
413 995 504 1055 saper
518 989 545 1037 te
566 986 624 1037 etc.
639 979 734 1039 ltlulta
756 981 793 1039 de
810 981 961 1039 uberrima
985 976 1100 1037 Mariae
1115 976 1174 1039 eol·
1256 1006 1257 1049 t

219 1054 278 1115 lata
300 1058 396 1133 qratia
420 1058 531 1117 habent
543 1058 710 1128 Puteanus,
732 1061 766 1119 in
784 1058 927 1120 Stellario
944 1057 978 1117 de
993 1058 1091 1119 Beate
1110 1058 1175 1119 Vir·
1256 1073 1257 1133 l

216 1139 287 1215 piae
299 1160 309 1207 ;
331 1135 528 1209 crearetur,
552 1142 597 1201 De
623 1142 746 1219 Virpine
767 1140 870 1202 Maria
892 1141 958 1201 Lib.
983 1140 1029 1203 ΙΙΙ
1049 1140 1125 1215 Cep.
1147 1136 1172 1197 V
1256 1140 1257 1203 r

215 1223 250 1279 et
270 1236 357 1295 seqq.
812 1246 818 1257 ·
1256 1278 1257 1293 2

259 1299 314 1360 lv.
338 1299 444 1373 Quoad
467 1304 559 1363 verba
582 1302 713 1381 Angeli:
735 1302 882 1364 Demisere
904 1302 1022 1364 tecuin:
1048 1299 1174 1365 Benedi·
1256 1294 1257 1309 ¹

215 1390 264 1440 eta
279 1391 312 1443 tu
332 1384 366 1441 in
382 1384 565 1446 mutieribus.
588 1384 654 1444 Neu
673 1404 731 1446 una
753 1392 800 1446 cst
815 1387 949 1461 priorum
972 1386 1087 1447 horum
1108 1401 1175 1443 ver-

218 1463 353 1522 berum:
377 1463 523 1526 Dominus
545 1476 641 1526 tecam
662 1468 834 1545 explicatio.
857 1465 923 1527 Neu
951 1466 1102 1533 deluere,
1126 1464 1176 1541 qui
1256 1490 1257 1493 ¹

218 1552 375 1605 mouerent
397 1543 619 1624 deprecativam
646 1567 704 1609 esse
730 1551 945 1609 salutationem
969 1548 1065 1615 lanc,
1090 1545 1173 1624 quasi

217 1626 335 1687 dicemt
356 1627 513 1704 Angelus:
537 1630 590 1690 tibi
613 1628 773 1707 deprecor,
797 1649 815 1690 o
837 1630 950 1699 Maria,
975 1634 1008 1689 ut
1031 1628 1175 1689 Dominus

220 1713 321 1769 tecum
343 1709 391 1776 sit,
416 1709 550 1770 imitatus
571 1711 687 1771 scilicet
710 1712 829 1792 (hortem
852 1707 999 1789 opinione]
1023 1711 1172 1788 Angelum

217 1789 418 1869 Daphnidem,
441 1792 493 1865 qui
509 1790 634 1851 Tobiam
657 1796 806 1855 sertorem
822 1794 994 1871 alloquens:
1021 1790 1175 1854 Gaudium

220 1872 325 1948 inquil·
339 1870 412 1948 Cep.
432 1870 461 1930 V
482 1891 513 1932 v.
532 1874 569 1933 11
587 1875 641 1933 tibi
661 1878 701 1935 sit
721 1894 856 1954 semper:
878 1875 956 1951 qued
978 1873 1039 1954 mm
1064 1874 1176 1934 dudum

219 1953 249 2013 in
272 1972 330 2013 usu
352 1954 442 2015 luisse
464 1954 541 2031 epod
565 1953 703 2017 ludaeos.
727 1956 786 2017 Alii
811 1958 984 2019 nunciatum
1007 1956 1055 2016 his
1078 1953 1175 2017 verbis

220 2036 329 2094 volunt
349 2035 512 2095 Dominum
535 2039 674 2115 proxime
698 2040 726 2098 in
749 2058 816 2100 eam
839 2040 1079 2113 descensurum:
1104 2036 1176 2097 adeo

220 2119 255 2176 ut
276 2116 313 2176 sit
334 2116 483 2191 quaedam
506 2119 678 2195 anticipatio
700 2121 888 2183 certitudinis
909 2120 1126 2183 incarnationis
1148 2118 1175 2177 in

137 2192 143 2200 '
219 2214 255 2255 ea
269 2198 407 2275 proxime
422 2203 489 2275 post
503 2202 704 2277 peragendae.
718 2202 778 2261 Alii
793 2203 921 2280 denique
938 2204 1079 2262 nuncium
1097 2202 1175 2261 hunc
1257 2222 1258 2279 3

218 2294 286 2339 esse
308 2275 416 2353 ajrsut,
440 2279 535 2340 immo
556 2282 759 2344 indubitatum
781 2290 991 2360 argumentum
1014 2280 1174 2358 singularis

217 2356 379 2436 cujusdam
400 2361 519 2422 divinae
541 2362 779 2433 beneficentiae,
803 2372 834 2427 et
855 2365 1013 2444 singularis
1036 2363 1175 2442 praesidii

219 2458 291 2517 erge
314 2442 442 2502 Mariam
471 2442 707 2505 Sanctissimam.
741 2446 788 2506 Ad
813 2465 877 2507 rem
909 2448 1049 2507 audiatur
1082 2446 1178 2505 Divus

220 2522 355 2583 Thomas
377 2535 490 2603 quaest.
514 2525 554 2585 30
575 2534 634 2587 art.
659 2526 679 2585 is
703 2530 751 2588 ubi
774 2528 995 2589 ordinatissime
1024 2527 1174 2604 Angelum

206 2606 400 2682 ,precessisse
421 2608 465 2665 sic
485 2609 637 2667 ostendit:
666 2606 737 2671 Tria
760 2612 840 2671 euim
856 2611 984 2688 inpetus
1002 2608 1174 2687 intendebat

220 2687 302 2745 eirca
324 2684 486 2765 Virqinem.
507 2687 606 2749 Primo
620 2691 752 2769 quidem,
770 2691 895 2753 reddere
909 2698 1036 2752 mentem
1049 2694 1117 2771 'ejus
1132 2698 1175 2749 at·

218 2777 333 2829 tentam
362 2769 402 2827 ad
431 2778 535 2829 tantae
559 2774 607 2831 rei
631 2772 928 2833 considerationem:
951 2772 1031 2851 qaod
1057 2772 1176 2850 quidem

218 2851 290 2928 feeit
305 2867 370 2909 eam
384 2851 545 2911 salutando
561 2852 694 2931 quedem
709 2873 786 2915 nove
800 2865 826 2915 et
839 2857 965 2915 insolita
979 2855 1174 2919 salutatione:

218 2931 255 2990 iu
269 2948 329 3010 qua
345 2932 464 3010 quidem
479 2934 659 2995 salutatione
669 2937 826 3014 praemisit
846 2936 1041 2996 idoneitatem
1054 2938 1122 3015 ¹ejus
1135 2930 1175 2992 ad

221 3021 398 3092 conceptam
418 3016 452 3073 iu
467 3014 520 3073 troc
533 3015 612 3094 qued
631 3015 738 3077 etate:
764 3015 870 3077 Gratia
893 3018 1003 3095 plena:
1031 3016 1175 3095 uepressit

218 3105 391 3169 conceptum
405 3098 439 3154 in
455 3096 508 3154 ltec
523 3097 601 3175 qaod
617 3097 714 3159 dreit:
738 3096 884 3159 Dominus
900 3104 1011 3159 tecum:
1037 3095 1076 3157 Et
1088 3112 1175 3176 prae-

213 3175 373 3237 nuntiavit
387 3177 529 3237 tenerem
543 3190 773 3257 consequentem,
782 3199 849 3240 cum
861 3180 955 3241 dieit:
967 3178 1127 3241 Benedicta
1143 3182 1174 3237 lu

219 3260 249 3318 iu
273 3255 460 3317 mulieribus.
478 3258 614 3320 Secunde
629 3270 733 3321 eutem
754 3260 926 3323 intendebat
941 3280 1007 3323 eam
1020 3260 1172 3321 instrucre

218 3338 257 3399 de
271 3337 416 3417 Mysterie
430 3338 667 3411 incarnationis,
694 3342 773 3421 qued
797 3344 831 3403 in
846 3362 881 3403 ea
897 3352 964 3402 erat
976 3340 1171 3421 implumem,

219 3419 300 3501 qued
320 3419 441 3499 quidem
462 3420 533 3497 [ecit
549 3424 795 3502 praenuntiando
810 3435 984 3504 conceptum
999 3433 1026 3483 et
1048 3433 1173 3503 partam

218 3502 343 3563 diceus:
367 3500 445 3564 Ecce
467 3505 617 3581 concipies
639 3506 669 3565 iu
691 3510 778 3567 utero
799 3514 859 3567 etc.
884 3517 911 3565 es
930 3503 1107 3567 ostendendo
1127 3500 1173 3563 di·

218 3586 363 3661 quitetem
380 3584 476 3664 prolis
490 3595 644 3666 conceptae
667 3606 735 3647 cum
757 3587 861 3651 dimit:
885 3585 945 3649 ilie
967 3587 1026 3649 erit
1047 3601 1171 3665 magnus
