2517 4059
488 198 717 271 *Stimich-

119 342 246 391 summa
269 325 401 402 capitum
425 323 521 397 Fidei,
547 346 625 406 quae
648 330 787 390 omnibus
808 329 958 390 credenda
974 346 1109 408 propo,

125 411 250 468 nuutur.
268 403 456 469 Conveniens
471 411 551 469 enim
568 408 627 472 luit
640 411 783 489 primaria
801 412 1022 489 praecipuaque
1037 410 1083 470 Fi·

122 489 172 550 dei
196 489 293 565 capita
310 488 338 547 in
356 508 449 551 uuum
466 491 600 553 breviter
622 493 738 570 colligi,
762 498 796 553 ut
810 491 926 553 lucilius
942 492 1081 553 omnibus

124 571 255 649 proponi
277 586 310 628 ao
332 574 498 633 memoriae
521 573 655 633 mandari
680 580 823 652 possent:
849 575 955 635 deinde
979 578 1012 635 ut
1032 572 1083 632 Fi-

124 651 210 712 deles
232 650 269 710 ab
290 648 458 714 infidelibus
478 673 533 732 per
555 654 694 733 ejusdem
716 654 798 715 Fidei
820 656 943 735 regulae
965 654 1080 733 proles-

122 733 241 794 sionem
266 733 549 797 internoscerentur.
574 736 752 815 Symbolum
767 738 947 813 quatruplex
962 740 1018 796 est.
1037 735 1077 795 Α·

124 814 326 891 postolicum,
350 815 429 892 quod
445 817 483 879 ab
500 816 652 894 Apostolis
667 819 865 894 compositum
888 818 954 884 luit,
977 816 1082 879 Nieoe·

124 914 198 957 num
222 897 420 972 compositum
435 898 463 957 in
475 898 607 959 llicoena
628 898 751 979 Synodo
762 918 839 959 anno
852 897 913 959 325
927 905 1029 959 coacta
1043 899 1081 959 ad

123 976 325 1037 damnandam
357 978 500 1040 Arianam
532 981 695 1041 haeresim.
720 979 1081 1057 constantinopolitanum

122 1058 262 1120 habitum
278 1077 355 1120 anno
371 1057 429 1119 381
447 1063 475 1120 in
492 1079 552 1137 quo
570 1079 663 1124 novae
678 1069 803 1124 exortae
818 1062 970 1133 haereses,
995 1078 1082 1139 prae·

124 1141 232 1202 sertim
255 1140 469 1203 Macedoniana
491 1142 649 1205 damnatae
671 1149 751 1205 sunt.
775 1144 1014 1205 htlrauasianum
1029 1145 1081 1205 de-

123 1222 217 1299 nique
239 1225 319 1299 quod
341 1221 374 1283 S.
394 1223 557 1286 Athanasio
579 1226 670 1303 vulgo
693 1226 847 1287 tribuitur.
871 1226 1080 1303 Apostolieum

123 1302 303 1381 Symbolum
329 1323 386 1365 uon
409 1304 466 1368 luit
486 1308 524 1367 ab
546 1308 697 1385 Apostolis
724 1310 837 1385 scripto
861 1310 1004 1369 traditum
1027 1306 1080 1368 sed

122 1386 194 1444 siva
217 1402 302 1447 voce.
333 1384 371 1446 Ut
392 1388 471 1447 enim
494 1389 536 1447 ait
557 1387 588 1447 S.
613 1386 821 1468 Hieronymus
843 1389 977 1466 Epistola
999 1388 1079 1449 uxi:

127 1462 299 1545 Symbolum
316 1465 402 1541 Fidei
417 1478 442 1526 et
456 1470 518 1547 spei
532 1479 653 1530 nostrae
675 1472 712 1530 ab
728 1471 868 1551 apostolis
885 1513 892 1538 ,
918 1469 1079 1539 traditum,

113 1566 188 1607 *non
209 1548 350 1608 scribitur
371 1550 405 1608 iu
428 1552 549 1619 charta,
574 1550 623 1611 scd
645 1554 679 1613 in
700 1554 808 1613 tabulis
828 1551 924 1610 cordis
946 1554 1080 1612 caracu-

123 1630 189 1689 bus.
214 1626 253 1687 Et
268 1629 300 1689 S.
318 1629 427 1691 Petrus
442 1631 662 1709 Chrysologus,
686 1632 832 1693 Sermone
848 1630 979 1692 lxxii:
997 1630 1083 1712 Sym-

123 1712 224 1771 bolum
240 1708 328 1771 bidei
342 1713 405 1771 colo
419 1711 476 1793 fide
490 1714 652 1794 firmatur.-
672 1732 732 1774 non
747 1715 870 1782 literae,
894 1713 944 1773 scd
958 1713 1084 1793 spiritui

41 1815 47 1823 ·
126 1791 279 1860 creditur,
304 1802 330 1852 ct
350 1794 516 1856 mandator
538 1794 639 1863 cordi,
664 1814 723 1854 non
743 1796 874 1856 chartac.
898 1793 975 1855 Cum
991 1796 1083 1873 igitur

126 1870 266 1951 Apostoli
289 1874 464 1937 mandalum
485 1895 503 1936 a
526 1874 655 1936 Domino
675 1876 875 1955 accepissent,
900 1883 934 1938 ut
948 1894 1001 1953 pro
1017 1878 1083 1955 ipso

126 1958 277 2033 legatione
299 1957 456 2033 iungentes
485 1960 514 2017 in
537 1958 714 2018 universum
742 1958 889 2019 mundum
912 1955 1082 2035 proticisce-

127 2043 247 2110 rentur,
273 2044 363 2115 atque
377 2041 458 2099 omni
472 2046 630 2100 creaturae
649 2037 845 2119 Evangelium
861 2040 1078 2118 praedicarent,

121 2117 315 2182 Christianae
331 2119 413 2181 Fidei
437 2120 598 2183 lormulam
622 2121 861 2199 componendam
884 2127 1079 2193 censuerunt,

126 2207 159 2262 ot
180 2202 217 2261 iis
238 2205 289 2279 qui
311 2203 467 2263 obedirent
495 2200 659 2281 Evangelio
687 2203 885 2275 tradendam,
917 2209 950 2264 ut
970 2202 1084 2265 scilicet

126 2282 259 2360 idipsum
282 2302 387 2345 omnes
403 2285 549 2345 sentirent
563 2301 598 2343 ac
614 2285 766 2355 dicerent,
792 2302 890 2362 neque
904 2286 965 2346 ulla
980 2289 1082 2346 esseut

124 2367 208 2425 inter
223 2384 276 2429 eos
291 2366 470 2436 schismata,
494 2383 568 2442 quos
584 2368 620 2427 ad
637 2364 720 2426 Fidei
742 2368 888 2428 unitatem
910 2372 1080 2435 vocassent,

126 2447 181 2507 sed
204 2452 303 2509 essent
332 2446 457 2524 perlecti
486 2447 515 2505 in
537 2449 644 2508 eodem
667 2465 756 2509 sensu
784 2455 817 2508 et
837 2450 866 2507 in
888 2448 994 2509 eadem
1017 2464 1083 2507 sen·

126 2528 233 2589 tentia.
258 2528 342 2590 Haeo
363 2534 466 2589 autem
488 2524 572 2588 Fidei
594 2528 709 2607 Regula
733 2534 764 2589 et
786 2528 935 2590 Prolessio
950 2531 988 2589 ab
1003 2527 1083 2606 Apo·

127 2610 215 2671 stolis
238 2611 347 2671 tradita
363 2609 539 2689 Symbolum
556 2612 703 2688 appellata
718 2618 773 2671 est.
798 2608 865 2671 Hoc
880 2612 979 2687 ipsum
995 2609 1083 2689 Sym-

127 2691 231 2753 bolum
254 2690 409 2754 Catholica
431 2690 566 2765 Ecclesia
581 2708 700 2769 semper
714 2692 791 2751 adeo
805 2698 851 2753 est
866 2699 1026 2761 venerata,
1050 2696 1085 2752 ut

124 2772 182 2834 SS.
200 2771 341 2835 Consiliis
362 2773 575 2835 Oecumeniois
596 2773 789 2833 consueverit
804 2774 834 2833 in
850 2775 955 2850 primis
976 2774 1085 2834 recita·

127 2856 166 2915 ri.
189 2855 234 2917 Ile
256 2856 392 2917 Romana
413 2861 514 2916 autern
537 2851 693 2921 Ecclesia,
718 2872 809 2932 quam
832 2855 947 2915 sincere
973 2862 1004 2914 et
1024 2850 1082 2914 illi·

127 2937 199 2998 bale
221 2939 293 3000 illud
309 2939 423 3016 absque
439 2935 608 3013 aliaaliqua
631 2936 781 2997 additione
803 2936 979 3004 servaverit,
1002 2934 1084 2995 erui-

126 3026 180 3081 tur
201 3037 238 3079 ex
260 3019 370 3082 liuline
392 3018 426 3079 dc
449 3016 643 3098 Eepcsitionc
664 3017 795 3099 Symboti
821 3018 856 3076 in
877 3018 1081 3097 praefatione.

126 3100 198 3163 Sola
220 3102 311 3180 igitur
334 3118 407 3161 voce
428 3098 566 3160 lidelibus
588 3100 666 3159 tradi
687 3099 865 3168 consuerit,
889 3103 924 3160 ut
939 3105 1003 3160 tuto
1016 3113 1085 3174 pos-

122 3189 197 3244 ·sent
210 3200 259 3244 cos
274 3185 431 3245 dumtaxat
445 3180 482 3241 ad
497 3183 740 3243 communionem
761 3180 933 3247 admittere,
956 3181 1009 3259 qui
1024 3178 1084 3239 hoc

121 3266 317 3343 signaculum
338 3264 528 3326 Christianae
550 3262 741 3342 professionis
762 3268 916 3339 tamquam
944 3277 1085 3323 arcanam

122 3348 260 3423 solisque
274 3345 412 3407 fidelibus
427 3350 527 3405 notam
543 3350 689 3405 tesseram
710 3346 883 3406 memoriter
900 3343 1080 3420 proterrent:

128 3428 219 3505 idque
242 3434 324 3489 tanta
345 3428 454 3488 secreti
477 3425 535 3487 lide
557 3426 945 3503 inviolabiliterservatum
961 3431 1009 3485 est
1022 3424 1084 3502 pri·

124 3510 186 3570 mis
207 3506 357 3571 Ecclesiae
379 3508 532 3576 Saeculis,
556 3514 590 3569 ut
603 3525 659 3568 nec
680 3506 802 3585 quidem
818 3525 835 3567 a
851 3505 1082 3567 Catechumenis

127 3593 294 3654 memoriae
314 3590 462 3670 juvandae
489 3608 578 3651 causa
602 3588 731 3651 describi
761 3589 1000 3668 permitteretur.
1027 3586 1086 3650 Sed
