2517 4059
592 231 653 294 «rep
676 219 817 291 roam

225 360 433 411 tercumcrarc
445 367 614 427 possamus.
632 348 787 410 Honorius
803 350 832 408 in
851 347 974 412 Gemma
990 348 1054 407 Ltb.
1073 349 1088 408 1
1103 349 1184 426 Cap.
1249 384 1250 417 3

226 430 287 494 109
310 432 389 492 idem
406 437 544 492 testatur.
562 431 657 492 Vetus
671 431 792 492 Missale
813 433 1051 506 manuscriptum
1065 431 1187 490 Biblio-
1249 440 1250 495 ἐ

224 513 331 576 thecae
353 511 516 574 Vaticanus
538 513 690 574 Palatinae
713 531 797 573 num.
823 510 884 572 lea
898 515 966 588 post
980 511 1056 572 haec
1072 512 1184 578 rerba¹
1249 538 1250 561 ι

225 605 314 674 atquc
337 594 465 663 Andron,
490 597 548 655 ait:
571 593 629 656 Hie
653 596 787 655 nominat
812 598 961 672 quotquot
980 591 1108 654 Sanctos
1131 609 1186 652 vo-

224 677 324 738 luerit.
350 675 382 734 ln
405 677 470 736 aliis
490 677 642 755 plerisque
663 676 876 754 manuscriptis
907 675 1022 736 additos
1050 677 1187 754 legimus
1249 694 1250 715 ³

221 756 366 818 Patronus
388 758 468 818 illius
483 755 637 821 Ecclesiae
658 760 696 820 ad
711 777 800 836 quam
815 755 916 818 Codex
931 757 981 818 ille
995 757 1183 836 pertinehat.
1249 786 1250 811 1

223 837 256 898 ln
279 842 410 916 quodam
439 839 552 901 Missali
579 843 782 918 manuscripto
809 841 847 899 de
868 837 948 899 Urbe
970 839 1186 914 antiquissimo
1249 858 1250 861 ¹

224 927 350 982 testatur
372 921 512 986 laudatus
527 921 681 984 Garantus
702 940 735 983 se
750 923 857 999 legisse
872 922 1006 982 additum
1023 921 1124 980 tribus
1140 919 1184 979 Α·
1249 916 1250 1001 i

223 1003 374 1082 postolis,
399 1010 431 1063 et
452 1010 591 1079 quartum
614 1005 755 1064 videlicet
775 1003 1038 1064 Bartholomeum.
1064 1001 1100 1061 ln
1123 1000 1181 1062 Co-

223 1083 289 1144 dice
310 1085 427 1146 Tiliano
460 1089 528 1160 post
556 1084 587 1145 S.
611 1084 763 1147 Andream
786 1083 839 1145 SS.
862 1082 1025 1145 Gerrasins
1057 1091 1090 1145 et
1114 1085 1184 1142 Pro·
1249 1100 1250 1135 r

222 1159 316 1228 tesius
330 1167 480 1245 Martyres
497 1167 698 1228 nominantur.
715 1166 907 1227 Ambrosiani
922 1165 1035 1226 addunt
1046 1163 1183 1224 Ambro·
1249 1174 1250 1221 l

222 1248 310 1309 sium.
334 1248 414 1307 Dum
437 1250 537 1307 autem
560 1247 706 1310 Sacerdos
728 1249 766 1308 ad
782 1247 859 1307 trano
873 1246 1049 1310 Orationem
1066 1247 1181 1308 Litora
1249 1250 1250 1321 l

223 1349 276 1389 nos
297 1329 435 1407 pervenit
455 1326 597 1390 Patenam
626 1332 657 1390 in
685 1348 793 1391 manus
814 1330 947 1408 accipit,
974 1346 1105 1404 eamque
1138 1334 1181 1386 te·

223 1418 276 1472 net
298 1429 392 1488 usque
423 1410 459 1470 ad
483 1409 532 1470 illa
553 1412 668 1482 rerba,
693 1413 802 1488 quibus
823 1411 898 1471 haec
919 1409 1025 1471 Oratio
1047 1409 1178 1480 delinit,

224 1511 258 1554 ac
281 1500 423 1554 consueta
444 1492 599 1554 clausula:
624 1494 679 1553 Por
701 1493 865 1554 Dominum
886 1494 1089 1562 terminatur,
1114 1493 1180 1570 ipsa

222 1574 332 1636 Patena
355 1593 387 1634 se
409 1575 438 1634 in
461 1575 583 1635 modum
609 1571 714 1636 Crucis
736 1575 843 1652 signat,
867 1575 948 1650 quod
970 1592 1023 1651 per
1046 1571 1180 1634 Crucem
1249 1574 1250 1649 l

223 1657 363 1720 Christus
393 1675 430 1716 ea
451 1657 552 1716 omnia
573 1655 714 1734 dimouit,
737 1657 846 1732 quibus
869 1673 926 1730 pax
949 1661 1051 1717 nostra
1073 1662 1180 1731 pertu·
1249 1652 1250 1715 l

223 1741 334 1806 batur,
363 1746 428 1798 tum
457 1755 526 1797 cam
554 1739 725 1810 osculatur,
748 1739 821 1816 quia
848 1744 993 1806 laessi,
1018 1737 1179 1798 ubi‘sacra
1249 1730 1250 1803 i

222 1821 343 1900 ponitur
366 1817 568 1894 Eucharistia‚
594 1837 671 1898 quae
692 1837 764 1880 vera
784 1824 832 1880 est
854 1837 911 1896 pax
926 1817 1074 1878 Fidelium
1091 1817 1179 1878 Chri·
1249 1824 1250 1873 4

221 1904 401 1963 stianorurn.
425 1898 540 1960 Natalis
563 1900 733 1962 Alexander
754 1902 784 1959 in
800 1919 853 1961 sua
868 1900 1032 1977 Theologia
1047 1901 1178 1980 Dogma·
1249 1880 1250 1961 Ῐ

221 1983 281 2044 tica
302 1982 425 2042 Moralis
450 1980 517 2043 Lib.
541 1983 570 2043 11
592 1990 649 2044 art.
675 1981 695 2042 6
718 2003 753 2043 n.⁴
766 1981 804 2043 10
828 1981 1118 2060 postlnnocentium
1134 1980 1177 2042 111
1249 1988 1250 2063 l

222 2071 253 2126 et
277 2066 371 2130 alios,
395 2063 475 2123 hunc
498 2063 589 2125 ritum
616 2065 713 2127 refert
740 2065 778 2125 ad
799 2063 882 2140 pium
904 2063 1035 2124 officium
1058 2062 1176 2124 Sancta·
1249 2076 1250 2127 i

224 2163 293 2207 rum
316 2145 502 2214 Mulierum,
532 2163 610 2224 quae
633 2147 744 2225 emptis
770 2144 956 2207 aromatibus
978 2145 1065 2206 valde
1087 2163 1173 2206 mane
1249 2140 1250 2205 l

225 2233 376 2288 venerunt
404 2227 442 2286 ad
469 2235 725 2298 mouumentum,
749 2231 781 2289 et
802 2222 942 2287 dixerunt
962 2227 999 2286 ad
1022 2227 1172 2287 invicem:
1249 2250 1250 2259 2

225 2310 290 2387 puis
312 2310 439 2368 revolvet
464 2307 596 2388 lapidem
630 2310 666 2372 ab
689 2309 764 2370 ostio
794 2307 981 2368 monumenti
1002 2306 1114 2369 Patena
1135 2313 1177 2368 est
1249 2312 1250 2329 ¹

223 2391 318 2470 hujus
341 2389 446 2466 lapidis
469 2389 660 2469 Symbolum.
684 2390 724 2452 Se
745 2391 842 2468 signat
863 2389 1009 2451 Sacerdos
1025 2399 1102 2452 ‘oum
1124 2388 1177 2450 Pa·

225 2479 305 2544 tena,
328 2477 362 2532 ut
383 2474 543 2532 annunciet
563 2489 618 2548 per
639 2473 780 2541 Crucem,
802 2476 834 2532 et
848 2489 903 2550 per
917 2472 976 2531 hoe
989 2471 1176 2533 Sacrificium
1249 2482 1250 2537 ξ

221 2559 327 2632 pacata
358 2571 423 2614 esse
446 2554 545 2613 omnia
568 2553 600 2613 iu
621 2553 713 2615 Coelo
734 2560 765 2615 et
786 2555 816 2613 in
837 2553 938 2614 terris.
963 2550 1038 2613 Eam
1061 2553 1175 2615 oscula·
1249 2588 1250 2609 r

223 2642 285 2704 tur,
311 2640 343 2696 ut
364 2635 512 2697 ostendat.
535 2632 690 2696 Christum
711 2636 812 2696 statim
835 2632 1014 2696 satisfecisse
1029 2635 1175 2696 desiderio

224 2714 403 2777 Sanctarum
425 2716 604 2786 Mulierum,
627 2717 737 2795 quibus
758 2717 878 2777 obviam
900 2717 1044 2786 occurrit,
1061 2723 1093 2777 et
1108 2735 1179 2795 quas
1249 2782 1250 2789 χ

222 2798 373 2860 salutarit.
397 2797 470 2858 lllae
486 2799 516 2858 in
531 2815 627 2876 genua
642 2800 819 2878 provolutae
831 2797 989 2873 amplexae
1004 2804 1076 2860 sunt
1089 2798 1174 2861 Clrri·
1249 2792 1251 2913 l

222 2881 260 2941 sti
283 2881 385 2957 pedes.
410 2879 577 2942 Amorstnr
601 2878 686 2940 Palla
707 2899 723 2939 a
745 2878 844 2942 Calioe
866 2881 979 2948 statim,
995 2880 1073 2941 sicut
1101 2881 1173 2960 lapis
1249 2930 1250 2933 ,

223 2963 261 3023 ab
283 2961 397 3039 Angelo
424 2961 461 3022 ab
484 2962 560 3022 ostio
583 2963 767 3023 monumenti
791 2961 1004 3023 remotusinit.
1022 2961 1055 3021 ln
1072 2961 1173 3041 aliqui·
1249 2984 1250 3031 3

222 3043 278 3104 bus
299 3041 442 3104 Ecclesiis
457 3041 607 3106 Diaconos
624 3041 764 3104 Poteram
786 3043 853 3104 velo
876 3044 1017 3105 nudatam
1039 3047 1172 3108 ostende·

154 3135 156 3140 ’
222 3125 274 3186 irat
296 3125 427 3204 populo,
452 3132 485 3188 ut
506 3143 576 3186 eum
598 3127 636 3210 ad
658 3125 907 3188 Communiouem
929 3126 1081 3187 invitaret.
