2517 4059
472 253 475 261 .
585 183 832 271 abtim,
1239 184 1240 267 l

224 318 361 382 stlssimis
375 315 527 394 aliquibus
538 313 788 378 sacramentariis
809 315 867 376 hoc
889 312 956 374 loco
971 331 1029 372 non
1044 312 1128 373 adest
1144 312 1185 372 A·
1239 278 1240 355 l

224 419 308 469 rnen‚·
332 418 368 459 ac
389 415 494 474 reapse
517 398 640 474 quidem
662 397 769 457 Oratio
791 398 978 471 subsequens
1003 395 1111 456 Libere
1132 416 1185 456 nos

142 516 144 520 ·
226 492 274 543 est
302 499 397 558 prope
426 477 579 540 Orationis
606 479 784 538 Dominicae
806 477 1001 557 prosecuti03
1029 479 1183 553 usquead
1239 474 1240 551 l

223 561 289 641 ejus
306 562 395 623 finem
413 560 610 638 respondetur
625 559 734 620 Amen.
752 559 828 621 Cum
844 565 944 619 tamen
961 552 1092 617 Peterin
1104 558 1183 618 bunc
1239 578 1240 627 l

224 646 350 706 modum
380 642 457 719 apud
480 641 686 716 Evangelistae
709 643 847 709 desinat,
871 658 943 700 sane
966 641 1129 718 congruit,
1152 648 1184 701 ut

223 727 303 787 idem
327 741 446 801 qnoque
469 721 536 799 ejus
557 721 624 782 srnis
647 725 676 782 in
700 722 791 783 Missa
810 724 871 793 sits
894 740 930 782 ac
953 719 1053 790 Horo,
1079 730 1111 782 et
1132 724 1181 782 ite

222 810 314 885 migio
338 804 591 867 Autissiodorensi
613 804 828 872 referentibus,
845 804 968 864 saeculo
990 801 1043 862 lX'
1061 803 1127 864 lere
1149 823 1181 864 u·

221 889 315 966 bique
331 889 465 948 locorum
483 904 536 964 per
554 889 644 945 Amen
655 885 770 946 absolvi
782 888 975 947 consuevisse
988 885 1124 945 videtur.
1136 885 1182 946 bd

220 971 325 1049 populi
349 971 484 1044 potiones
510 966 674 1027 firmandas
696 968 754 1027 hoc
777 965 874 1027 Amen
895 986 912 1026 a
930 967 1096 1029 Sacerdote
1112 967 1179 1026 dici·
1239 938 1241 1095 q

220 1059 281 1114 tur.
307 1051 445 1111 lnioriori
468 1067 543 1110 aero
566 1053 634 1125 posi
647 1048 822 1110 Orationem
841 1049 1029 1108 Dominicam
1044 1045 1179 1110 Psalmns

219 1134 331 1209 aliquis
353 1149 408 1208 pro
432 1132 474 1189 rei
497 1131 676 1191 necessitate
699 1139 769 1190 tunc
794 1131 974 1201 cantandus,
998 1129 1177 1192 addebatur.

218 1211 405 1292 Huiusmodi
429 1212 574 1272 institutio
596 1210 743 1273 Clementi
766 1211 810 1272 lll
825 1211 961 1272 Romano
978 1210 1115 1272 Pontifici
1131 1213 1179 1271 tri-

217 1294 322 1356 buitur
344 1295 382 1354 ab
404 1292 520 1370 Angelo
543 1293 751 1372 Ratisponensi
773 1291 956 1370 Presbytero
978 1296 1007 1354 iu
1029 1290 1179 1354 Chronico

220 1375 259 1436 ad
282 1375 321 1435 Α.
345 1375 383 1435 D.
409 1372 501 1435 1188.
525 1374 677 1436 lohannes
699 1364 796 1437 XXll
811 1375 847 1435 A.
868 1374 904 1436 O.
925 1375 1004 1436 1327
1020 1376 1057 1435 ad
1075 1393 1177 1454 pacem

218 1454 376 1518 Ecclesiae
401 1475 417 1515 a
440 1456 504 1516 Deo
527 1457 776 1533 impetrandam,
799 1463 830 1517 et
851 1459 888 1516 ad
911 1456 1057 1518 sedandos
1080 1463 1176 1518 motus

218 1557 255 1601 ac
276 1539 502 1617 pertubationes
517 1538 554 1596 ab
571 1539 732 1600 haereticis
755 1543 786 1600 et
799 1539 999 1600 schismaticis
1021 1538 1174 1609 conflatos,

220 1621 301 1682 edita
323 1619 481 1681 sanctione
503 1619 597 1680 edixit
617 1619 823 1700 Etroooqont.
850 1620 964 1683 Comm.
982 1619 1050 1680 Lib.
1075 1621 1122 1698 111
1142 1619 1175 1680 de

222 1701 427 1765 Celebrotiono
449 1701 621 1772 Missurum,
647 1709 680 1763 ut
702 1704 731 1762 iu
754 1701 877 1778 singulis
899 1702 1017 1762 Missis:
1042 1702 1111 1763 Post
1131 1701 1175 1760 di-

220 1795 302 1846 riom
324 1801 343 1842 o
365 1782 555 1850 celebranto,
581 1783 670 1844 Potor
690 1795 791 1844 noster
805 1785 1050 1864 responsionesque
1065 1793 1172 1852 secuto,

216 1861 376 1928 Psaimus:
401 1868 545 1924 Loetotns
565 1883 654 1939 snm,
678 1883 748 1929 cum
771 1867 920 1926 nonnullis
940 1868 1122 1936 versiculis,
1144 1873 1173 1926 et
1239 1864 1240 1931 i

218 1947 353 2008 collectis
374 1947 537 2007 dicoretur.
1239 1934 1240 1977 ¹

258 2027 313 2089 lV.
338 2025 515 2104 Deprecatio
531 2029 640 2088 Libero
654 2049 708 2090 nos
723 2030 872 2107 reperitur
888 2031 919 2090 iu
934 2027 1099 2090 Ordinibus
1114 2029 1169 2091 Ro·

219 2111 316 2170 mauis
339 2108 351 2169 l
373 2110 402 2171 ll
424 2115 455 2169 et
477 2108 546 2172 lll.
570 2112 622 2187 qui
646 2113 800 2173 continent
820 2113 896 2172 ritus
918 2118 986 2170 ante
1007 2111 1166 2177 Saeculum

217 2189 369 2251 decimum
394 2193 422 2250 in
445 2187 580 2252 Ecclesia
595 2189 730 2253 Romana
746 2194 904 2254 adhibitos.
923 2193 1025 2254 Edidit
1040 2194 1168 2257 Edmnn·
1239 2228 1240 2237 .

216 2272 276 2333 due
296 2272 432 2332 Martene
453 2271 519 2331 Lib.
537 2270 550 2331 l
572 2272 608 2332 dc
630 2276 765 2353 antiquis
786 2273 936 2335 Ecclesiae
961 2273 1078 2335 Mittens
1099 2276 1167 2353 Cap.

217 2351 238 2412 i
254 2360 312 2415 art.
330 2351 358 2413 ll
374 2351 600 2429 Expositioncm
616 2354 728 2416 Missae
742 2358 895 2416 Romanae
909 2363 978 2416 ante
992 2375 1088 2428 annos
1103 2377 1169 2418 nou·

216 2443 322 2513 gentos
344 2436 563 2512 conscriptam,
588 2437 615 2494 in
638 2455 700 2513 qua
721 2440 827 2516 pagina
850 2437 921 2505 tte,
945 2437 993 2496 illa
1014 2437 1120 2499 Oratio
1134 2440 1168 2500 le·

216 2519 308 2594 gitur,
333 2523 363 2577 et
378 2518 560 2593 explicatur.
578 2515 645 2576 Non
661 2520 767 2580 eadem
783 2528 883 2580 mmon
900 2537 1020 2596 semper
1035 2527 1082 2581 est
1097 2521 1167 2582 baec

215 2596 321 2660 Oratio
343 2599 371 2657 in
395 2598 507 2660 Missali
529 2601 740 2667 Mozarabico.
764 2609 796 2662 et
818 2603 913 2662 veteri
936 2599 1103 2674 Gallicano,
1120 2604 1166 2664 sed

215 2682 352 2740 variatur
375 2697 430 2756 pro
452 2681 824 2754 diversitatelilissarum.
842 2681 937 2742 Porro
959 2684 1039 2742 banc
1054 2682 1167 2745 Oratio·
1239 2680 1240 2695 ³

216 2778 287 2821 nem
309 2761 418 2820 libero
432 2779 483 2822 nos
497 2763 535 2822 ab
550 2764 681 2842 antiquis
695 2763 909 2825 Embolismnm
923 2770 1063 2824 vocatam
1080 2765 1165 2827 luisse
1238 2748 1241 2883 J

215 2848 301 2906 recte
323 2841 465 2905 observat
485 2839 654 2906 Cardiualis
668 2845 762 2914 Bona,
779 2846 856 2923 quia·
872 2851 905 2906 ut
926 2846 968 2907 ait
989 2844 1019 2905 S.
1044 2845 1165 2925 Cypria·
1239 2886 1240 2897 .

212 2941 270 2985 nus
285 2925 425 2986 Sermone
440 2943 460 3003 q
475 2929 506 2986 et
516 2941 557 2985 'ox
574 2927 638 3004 ipso
654 2926 956 2989 AmulariusLib.lll
970 2926 1006 2986 de
1022 2925 1164 2990 Ecclesiu-
1239 2942 1240 2987 l

214 3006 296 3066 sticis
323 3002 434 3088 Officiis
454 3003 528 3083 Cap.
547 3008 598 3070 29:
618 3005 656 3068 In
672 3006 925 3069 comemmotione
952 3004 1164 3071 Orationisce
1239 2990 1240 3067 i

212 3087 260 3148 nit
281 3088 415 3147 ctonsnio
437 3089 595 3150 universos
614 3092 782 3172 petitiones,
800 3100 829 3151 et
844 3109 950 3168 precer
971 3100 1091 3151 nostros
1111 3095 1164 3154 coi·

212 3168 291 3229 lecto
311 3169 455 3231 breuitate
479 3171 666 3232 concludens.
683 3171 759 3246 Quis
774 3188 846 3232 uero
861 3170 1043 3231 Pontificum
1059 3172 1161 3234 Roma·
1239 3176 1240 3249 l

108 3261 116 3270 ’
213 3265 324 3310 norum
347 3250 424 3310 banc
447 3248 694 3314 Embolismalem
716 3251 891 3313 Orationem
913 3253 1095 3314 Dominicali
1116 3255 1161 3315 ad·

212 3328 323 3392 diderit
349 3331 561 3406 inquirendum
585 3340 653 3406 est;
678 3335 785 3394 volunt
807 3335 924 3410 aliqui,
948 3336 992 3395 ait
1013 3334 1159 3398 (lavantes

214 3409 346 3474 additam
375 3427 441 3472 esse
463 3431 480 3472 a
503 3413 534 3475 S.
558 3413 705 3492 Gregorio
726 3414 863 3492 Magno,
886 3421 918 3476 et
939 3417 1035 3477 innuit
1057 3417 1159 3478 liedul-

210 3491 290 3568 pbus
319 3491 502 3570 Tungreusis
523 3494 558 3554 do
580 3495 800 3558 bononuntio
826 3494 939 3581 Officiis
958 3495 1157 3576 Propositioue

211 3569 273 3639 23,
303 3579 333 3631 et
353 3591 496 3651 expresse
514 3576 612 3638 ¹docet
639 3577 793 3642 Honorius
822 3579 1103 3660 Augustodunensis
1129 3581 1155 3641 in
