2517 4059
526 182 666 255 scutit
691 192 750 253 sss·

162 321 227 375 tum
243 358 251 382 ‚
267 313 429 387 losephum
449 310 688 379 vicecomitem,
705 319 736 371 et
749 309 831 369 alios.
852 308 1029 385 Appellatur
1045 324 1117 385 ergo

164 396 259 473 Viros
282 391 467 460 Passurus,
490 399 522 452 et
543 393 635 452 latina
667 410 741 451 voce
770 389 903 467 pedore,
928 388 1005 464 quod
1028 387 1117 449 Festo

160 484 310 545 auctore,
332 483 379 534 est
400 473 528 533 Baculus
551 492 720 540 recurvus,
744 491 802 549 quo
824 469 964 530 Pastores
993 476 1117 531 utuntur

161 558 198 622 ad
221 556 541 632 compraehendendas
564 573 647 615 oves.
664 553 816 614 Honorius
839 552 1118 630 Augustodunensis

159 639 226 699 Lib.
251 640 268 693 1
290 636 366 717 Cap.
393 633 535 697 CCXVll
558 639 650 697 ctiam
668 635 798 713 ferulam
829 633 928 693 vocari
954 635 1015 701 ait,
1040 649 1119 709 quae

159 734 177 778 a
200 719 336 780 lerlcnrlo
359 736 468 777 nomen
494 718 595 779 habet.
614 717 647 776 lu
675 719 743 777 ritis
772 714 948 775 Sanctorum
968 712 1073 783 Galli,
1092 726 1119 774 et

159 796 359 878 haematiti,
382 806 414 859 et
441 798 571 858 aliorum
605 798 833 873 complurium,
865 797 907 857 uti
938 795 1040 856 ridere
1072 802 1118 855 est

159 884 239 956 apud
262 881 413 947 Surium,
448 886 478 939 et
499 878 579 953 apud
602 880 811 940 Bollaudianos
838 879 968 954 passim,
989 876 1117 938 Combo-

159 973 217 1031 ta‚
241 980 297 1022 seu
322 962 483 1024 Ccmtntto
513 968 665 1030 roratur,
690 979 766 1035 quae
796 958 942 1037 significat
975 958 1116 1017 haculum

158 1046 322 1103 retortum.
346 1043 394 1101 Ah
427 1043 493 1100 aliis
525 1042 635 1103 dicitur
669 1044 758 1103 etiam
786 1042 919 1117 Captum
942 1037 1114 1107 Geminis,

163 1123 330 1192 Caminos,
353 1132 385 1183 et
409 1123 539 1190 Crocia,
561 1126 598 1183 dc
630 1124 742 1200 quihus
775 1124 869 1183 videri
903 1128 1000 1199 potest
1021 1120 1057 1180 ad
1080 1137 1116 1179 ea

157 1206 250 1265 recha
274 1204 398 1266 Carolus
420 1204 570 1265 Dulresne
593 1206 621 1264 in
645 1224 697 1264 suo
712 1204 847 1272 mediae,
872 1210 902 1263 et
923 1202 1043 1282 infimos
1058 1206 1117 1261 Lo·
1142 1226 1146 1233 ·

160 1287 292 1346 tinitntis
318 1286 478 1351 Glossario.
499 1277 602 1346 Baculi
617 1287 801 1363 Episcopalis
823 1287 991 1363 originem,
1016 1290 1046 1343 et
1067 1300 1114 1341 au·

158 1369 329 1443 tiquitatem
365 1366 489 1426 trahunt
520 1366 650 1427 nonnulli
675 1364 711 1427 ix
735 1367 765 1427 S.
791 1364 878 1426 Petro
901 1365 1115 1441 Apostolorum

155 1446 317 1525 Principe,
335 1448 437 1509 lerunt
451 1449 532 1509 enim
556 1466 573 1507 a
595 1449 628 1509 S.
646 1446 798 1509 Eucherio
813 1446 1039 1507 Trevirensium
1056 1446 1115 1520 pri-

158 1547 209 1589 mo
230 1529 394 1590 Antistite.
418 1530 524 1590 baculo
546 1548 637 1607 quem
661 1547 678 1588 a
700 1531 791 1590 Beato
814 1527 902 1589 Petro
935 1532 1113 1601 acceperat,

157 1610 194 1671 ad
218 1612 311 1671 vitam
334 1614 487 1672 revocavit
509 1611 538 1670 S.
566 1611 737 1672 Maternum
760 1608 826 1687 ejus
848 1610 973 1669 socium.
991 1607 1115 1667 Testari-

156 1696 207 1750 tnr
239 1693 298 1753 hoe
321 1693 499 1753 miraculum
522 1690 676 1753 Honorius
697 1690 992 1769 Augustodnneusis,
1017 1694 1112 1751 Serm.

156 1770 193 1830 de
217 1775 268 1833 Ss.
294 1771 391 1837 Petro,
415 1782 442 1833 et
468 1776 577 1843 Possim
599 1793 635 1835 ac
659 1772 765 1833 Petrus
780 1770 983 1831 Clunieceusls
999 1768 1112 1837 Abbas,

155 1854 222 1913 Lib.
249 1856 268 1914 1
291 1853 375 1934 Epist
396 1854 428 1913 2.
452 1855 553 1930 Atque
569 1855 662 1933 hujus
686 1855 727 1912 rei
745 1854 899 1912 historiam
919 1850 1012 1912 relect
1026 1849 1114 1910 Chri·

156 1934 320 2012 stophorus
344 1937 517 1995 Brovverus
535 1938 642 1995 Annei.
664 1932 781 1995 Treuir.
800 1936 865 1994 Lilr.
892 1935 922 1989 11
940 1932 978 1990 od
993 1950 1110 1993 annom

155 2014 282 2075 Domini
296 2017 340 2076 50
351 2036 423 2095 pop.
437 2014 500 2076 rto
516 2014 586 2077 144.
599 2018 812 2092 Apostolorum
826 2033 901 2075 aero
912 2012 1012 2075 Baculi
1024 2032 1112 2075 usum

156 2098 291 2157 extitisse
304 2096 406 2159 firmat
417 2098 607 2159 lnuocentius
620 2096 662 2158 Ill
678 2096 712 2157 de
728 2095 876 2176 Mystcriis
888 2098 993 2157 Missae
1010 2096 1076 2154 Lih.
1096 2098 1113 2154 1

160 2177 235 2256 Cap.
260 2178 303 2237 62
322 2187 354 2239 et
374 2198 411 2239 ex
434 2180 498 2256 ipso
520 2177 697 2257 spondanus
718 2181 753 2237 ad
778 2196 893 2237 annom
921 2176 1031 2241 Christi
1059 2174 1110 2236 74.

197 2258 239 2320 ΙΙ.
263 2259 366 2319 Baculi
400 2278 492 2336 porro
515 2259 699 2337 Episcopalis
731 2261 939 2335 antiquitatem
970 2259 1113 2334 pleraque

156 2340 284 2416 probant
306 2348 444 2401 veterum
472 2341 658 2419 Scriptorum
691 2347 896 2400 monumenta.
922 2337 986 2398 lam
1009 2358 1025 2398 a
1048 2356 1113 2399 sae·

153 2422 224 2480 culo
245 2428 354 2497 quarto
377 2423 519 2483 eumdem
541 2422 696 2500 Episcopis
719 2422 871 2490 usitatum,
886 2439 922 2479 ex
945 2420 1109 2497 Sigeherto,

155 2508 186 2562 el
206 2503 343 2565 Mariano
359 2502 448 2563 Scoto
460 2507 587 2564 testatur
599 2503 745 2563 Baronius
761 2503 801 2561 od
824 2522 875 2563 en.
894 2500 957 2561 504
972 2521 1055 2560 num.
1071 2500 1113 2562 58

158 2583 209 2644 ubl
232 2585 295 2643 ait:
320 2580 465 2644 Boeotum
490 2582 522 2644 S.
547 2582 711 2664 Anqustini
731 2602 792 2643 ona
817 2604 884 2643 com
904 2586 967 2663 ejus
993 2601 1111 2662 corpore

154 2663 190 2722 in
211 2664 386 2725 Sardiniam
408 2667 566 2726 trosleium
587 2667 689 2745 [nisse.
707 2662 903 2743 Cupressinos
927 2663 1016 2725 luisse
1040 2666 1110 2724 olim

154 2743 329 2822 hujusmodi
354 2746 479 2805 Baculus
509 2748 712 2807 testimonium
744 2746 888 2805 hahemus
917 2745 944 2801 in
968 2743 1111 2821 Epistolis

156 2824 299 2902 Stephani
322 2826 681 2889 Tornacensis.Fuernnt
703 2836 803 2886 alitem
820 2826 980 2900 aliquando
1002 2833 1032 2886 et
1054 2828 1110 2886 ua-

155 2908 215 2966 euli
248 2910 349 2977 ossei,
373 2916 448 2968 teste
470 2906 605 2970 Honorio
628 2909 656 2966 in
682 2907 805 2968 Gemma
828 2910 959 2967 animae.
985 2906 1111 2983 lusuper

155 2988 280 3049 Baculos
296 2990 487 3065 Episcopales
502 2994 593 3051 ctiam
610 2990 774 3063 antiquitus
790 3006 864 3049 atrro
880 3029 887 3055 ‚
902 2987 949 3045 vel
972 2996 1107 3065 urgento,

154 3070 250 3129 aliare
272 3088 309 3130 ex
333 3073 458 3130 materia
481 3075 611 3146 pretiosa
633 3076 774 3136 ornatos,
799 3074 851 3129 aut
872 3070 962 3129 illitos
980 3071 1110 3145 plerum-

154 3168 213 3226 que
237 3151 329 3211 luisse
352 3171 405 3211 nos
432 3153 541 3212 docent
572 3153 771 3212 ecclesiastica
797 3158 999 3211 monumenta.
1024 3148 1108 3211 Circa

154 3229 256 3291 Baculi
273 3232 399 3292 lormam
416 3232 558 3293 observat
570 3233 733 3294 illactenins
745 3234 809 3293 Lib.
828 3230 843 3284 1
856 3231 889 3288 de
900 3229 1040 3311 Antiqois
1056 3232 1109 3294 Ec-

153 3313 259 3372 clesiae
275 3315 381 3373 ritibus
399 3312 474 3392 Cep.
493 3314 572 3373 VIII
584 3312 651 3373 Art.
670 3310 709 3371 X.
723 3332 805 3373 rrum.
819 3312 923 3375 xvltt
947 3332 1016 3372 eum
1034 3313 1105 3375 olim

125 3420 133 3433 ·
151 3392 254 3460 luisse,
267 3412 284 3452 a
298 3396 395 3469 eapite
410 3402 590 3461 arcuatum,
618 3396 646 3453 iu
674 3397 731 3453 ima
756 3394 914 3455 rellexum.
930 3392 1039 3454 Forma
1064 3402 1108 3456 lu·

146 3492 221 3538 -mcu
244 3475 347 3535 Baculi
370 3476 445 3552 apud
462 3474 631 3536 Orientales
658 3476 774 3536 diversa
791 3480 857 3547 est3
883 3495 939 3536 non
962 3483 1007 3537 est
1028 3479 1107 3538 enim

154 3556 182 3613 in
205 3558 379 3617 summitate
401 3575 511 3617 currus
540 3559 603 3619 sive
627 3563 779 3623 retortus,
802 3557 854 3617 sed
889 3576 1005 3618 summa
1041 3577 1108 3637 pars
