<?xml version="1.0" encoding="UTF-8"?>
<!DOCTYPE html PUBLIC "-//W3C//DTD XHTML 1.0 Transitional//EN"
    "http://www.w3.org/TR/xhtml1/DTD/xhtml1-transitional.dtd">
<html xmlns="http://www.w3.org/1999/xhtml" xml:lang="en" lang="en">
 <head>
  <title>
</title>
<meta http-equiv="Content-Type" content="text/html;charset=utf-8" />
  <meta name='ocr-system' content='tesseract 3.04.00' />
  <meta name='ocr-capabilities' content='ocr_page ocr_carea ocr_par ocr_line ocrx_word'/>
</head>
<body>
  <div class='ocr_page' id='page_1' title='image "./institutionesli00marigoog_0149.png"; bbox 0 0 2517 4059; ppageno 0'>
   <div class='ocr_carea' id='block_1_1' title="bbox 482 157 706 229">
    <p class='ocr_par' dir='ltr' id='par_1_1' title="bbox 482 157 706 229">
     <span class='ocr_line' id='line_1_1' title="bbox 482 157 706 229; baseline 0.049 -13"><span class='ocrx_word' id='word_1_1' title='bbox 482 157 706 229; x_wconf 57' lang='lat' dir='ltr'>eniteas·</span> 
     </span>
    </p>
   </div>
   <div class='ocr_carea' id='block_1_2' title="bbox 115 284 1106 1265">
    <p class='ocr_par' dir='ltr' id='par_1_2' title="bbox 115 284 1106 1265">
     <span class='ocr_line' id='line_1_2' title="bbox 124 284 1074 368; baseline 0.002 -24"><span class='ocrx_word' id='word_1_2' title='bbox 124 284 257 351; x_wconf 77' lang='lat' dir='ltr'>Bouiani,</span> <span class='ocrx_word' id='word_1_3' title='bbox 274 286 411 346; x_wconf 88' lang='lat' dir='ltr'>Barbari</span> <span class='ocrx_word' id='word_1_4' title='bbox 420 288 604 368; x_wconf 70' lang='lat' dir='ltr'>crucifixum</span> <span class='ocrx_word' id='word_1_5' title='bbox 616 286 711 346; x_wconf 84' lang='lat' dir='ltr'>Deum</span> <span class='ocrx_word' id='word_1_6' title='bbox 719 287 970 367; x_wconf 77' lang='lat' dir='ltr'>prenunciarent,</span> <span class='ocrx_word' id='word_1_7' title='bbox 992 287 1074 350; x_wconf 86' lang='lat' dir='ltr'>Cru-</span> 
     </span>
     <span class='ocr_line' id='line_1_3' title="bbox 120 370 1072 448; baseline 0.002 -21"><span class='ocrx_word' id='word_1_8' title='bbox 120 370 217 447; x_wconf 83' lang='lat' dir='ltr'>eirpue</span> <span class='ocrx_word' id='word_1_9' title='bbox 238 370 355 446; x_wconf 71' lang='lat' dir='ltr'>sianum</span> <span class='ocrx_word' id='word_1_10' title='bbox 377 370 487 427; x_wconf 86' lang='lat' dir='ltr'>bonore</span> <span class='ocrx_word' id='word_1_11' title='bbox 505 377 767 448; x_wconf 83' lang='lat' dir='ltr'>prosequerentur.</span> <span class='ocrx_word' id='word_1_12' title='bbox 792 370 872 429; x_wconf 80' lang='lat' dir='ltr'>Alibi</span> <span class='ocrx_word' id='word_1_13' title='bbox 895 387 1014 447; x_wconf 86' lang='lat' dir='ltr'>quoque</span> <span class='ocrx_word' id='word_1_14' title='bbox 1029 374 1072 429; x_wconf 84' lang='lat' dir='ltr'>te·</span> 
     </span>
     <span class='ocr_line' id='line_1_4' title="bbox 120 448 1073 530; baseline 0 -21"><span class='ocrx_word' id='word_1_15' title='bbox 120 454 215 509; x_wconf 86' lang='lat' dir='ltr'>statur</span> <span class='ocrx_word' id='word_1_16' title='bbox 236 450 264 508; x_wconf 89' lang='lat' dir='ltr'>in</span> <span class='ocrx_word' id='word_1_17' title='bbox 286 450 382 526; x_wconf 90' lang='lat' dir='ltr'>Caput</span> <span class='ocrx_word' id='word_1_18' title='bbox 405 448 418 508; x_wconf 86' lang='lat' dir='ltr'>l</span> <span class='ocrx_word' id='word_1_19' title='bbox 439 449 534 511; x_wconf 86' lang='lat' dir='ltr'>lsaiae</span> <span class='ocrx_word' id='word_1_20' title='bbox 563 452 755 511; x_wconf 81' lang='lat' dir='ltr'>consuevisse</span> <span class='ocrx_word' id='word_1_21' title='bbox 772 468 824 529; x_wconf 90' lang='lat' dir='ltr'>per</span> <span class='ocrx_word' id='word_1_22' title='bbox 841 451 868 509; x_wconf 89' lang='lat' dir='ltr'>id</span> <span class='ocrx_word' id='word_1_23' title='bbox 886 456 1004 530; x_wconf 87' lang='lat' dir='ltr'>tempos</span> <span class='ocrx_word' id='word_1_24' title='bbox 1020 468 1073 529; x_wconf 93' lang='lat' dir='ltr'>po·</span> 
     </span>
     <span class='ocr_line' id='line_1_5' title="bbox 122 529 1072 611; baseline 0.001 -20"><span class='ocrx_word' id='word_1_25' title='bbox 122 531 204 607; x_wconf 89' lang='lat' dir='ltr'>pulos</span> <span class='ocrx_word' id='word_1_26' title='bbox 224 549 327 591; x_wconf 90' lang='lat' dir='ltr'>omnes</span> <span class='ocrx_word' id='word_1_27' title='bbox 349 529 594 611; x_wconf 79' lang='lat' dir='ltr'>Hierosolymam</span> <span class='ocrx_word' id='word_1_28' title='bbox 619 531 788 599; x_wconf 85' lang='lat' dir='ltr'>confluere,</span> <span class='ocrx_word' id='word_1_29' title='bbox 804 531 903 593; x_wconf 84' lang='lat' dir='ltr'>videre</span> <span class='ocrx_word' id='word_1_30' title='bbox 918 532 1072 610; x_wconf 77' lang='lat' dir='ltr'>perticatas</span> 
     </span>
     <span class='ocr_line' id='line_1_6' title="bbox 121 612 1073 693; baseline -0.001 -20"><span class='ocrx_word' id='word_1_31' title='bbox 121 630 178 673; x_wconf 82' lang='lat' dir='ltr'>aaa</span> <span class='ocrx_word' id='word_1_32' title='bbox 204 631 363 672; x_wconf 87' lang='lat' dir='ltr'>murorum</span> <span class='ocrx_word' id='word_1_33' title='bbox 391 614 643 692; x_wconf 81' lang='lat' dir='ltr'>amplitudinem.</span> <span class='ocrx_word' id='word_1_34' title='bbox 661 660 691 678; x_wconf 88' lang='lat'>..</span> <span class='ocrx_word' id='word_1_35' title='bbox 711 659 718 673; x_wconf 95' lang='lat'><strong>.</strong></span> <span class='ocrx_word' id='word_1_36' title='bbox 742 614 793 675; x_wconf 85' lang='lat' dir='ltr'>sed</span> <span class='ocrx_word' id='word_1_37' title='bbox 820 616 989 693; x_wconf 87' lang='lat' dir='ltr'>sepulcrum</span> <span class='ocrx_word' id='word_1_38' title='bbox 1011 612 1073 673; x_wconf 87' lang='lat' dir='ltr'>Do·</span> 
     </span>
     <span class='ocr_line' id='line_1_7' title="bbox 120 694 1106 774; baseline 0.001 -22"><span class='ocrx_word' id='word_1_39' title='bbox 120 696 257 756; x_wconf 82' lang='lat' dir='ltr'>minirum</span> <span class='ocrx_word' id='word_1_40' title='bbox 274 704 301 754; x_wconf 88' lang='lat' dir='ltr'>et</span> <span class='ocrx_word' id='word_1_41' title='bbox 320 694 426 755; x_wconf 67' lang='lat' dir='ltr'>Curris</span> <span class='ocrx_word' id='word_1_42' title='bbox 440 698 568 774; x_wconf 72' lang='lat' dir='ltr'>sormam</span> <span class='ocrx_word' id='word_1_43' title='bbox 584 695 772 756; x_wconf 83' lang='lat' dir='ltr'>Dominicae.</span> <span class='ocrx_word' id='word_1_44' title='bbox 788 694 925 755; x_wconf 77' lang='lat' dir='ltr'>Profecto</span> <span class='ocrx_word' id='word_1_45' title='bbox 941 701 986 754; x_wconf 90' lang='lat' dir='ltr'>ter</span> <span class='ocrx_word' id='word_1_46' title='bbox 1002 712 1073 772; x_wconf 85' lang='lat' dir='ltr'>quo·</span> <span class='ocrx_word' id='word_1_47' title='bbox 1101 736 1106 744; x_wconf 81' lang='lat'>·</span> 
     </span>
     <span class='ocr_line' id='line_1_8' title="bbox 120 774 1072 855; baseline 0.003 -23"><span class='ocrx_word' id='word_1_48' title='bbox 120 778 164 836; x_wconf 88' lang='lat' dir='ltr'>vis</span> <span class='ocrx_word' id='word_1_49' title='bbox 183 795 259 836; x_wconf 90' lang='lat' dir='ltr'>anno</span> <span class='ocrx_word' id='word_1_50' title='bbox 282 778 456 837; x_wconf 89' lang='lat' dir='ltr'>solemniter</span> <span class='ocrx_word' id='word_1_51' title='bbox 480 781 662 853; x_wconf 79' lang='lat' dir='ltr'>propositam</span> <span class='ocrx_word' id='word_1_52' title='bbox 687 777 777 837; x_wconf 84' lang='lat' dir='ltr'>luisse</span> <span class='ocrx_word' id='word_1_53' title='bbox 792 775 1011 855; x_wconf 83' lang='lat' dir='ltr'>Hierosolymis</span> <span class='ocrx_word' id='word_1_54' title='bbox 1034 774 1072 835; x_wconf 90' lang='lat' dir='ltr'>ad</span> 
     </span>
     <span class='ocr_line' id='line_1_9' title="bbox 118 855 1072 935; baseline 0 -19"><span class='ocrx_word' id='word_1_55' title='bbox 118 858 301 933; x_wconf 88' lang='lat' dir='ltr'>adorandum</span> <span class='ocrx_word' id='word_1_56' title='bbox 323 876 390 917; x_wconf 91' lang='lat' dir='ltr'>eam</span> <span class='ocrx_word' id='word_1_57' title='bbox 413 858 521 919; x_wconf 80' lang='lat' dir='ltr'>Crucis</span> <span class='ocrx_word' id='word_1_58' title='bbox 544 860 731 935; x_wconf 91' lang='lat' dir='ltr'>portionem,</span> <span class='ocrx_word' id='word_1_59' title='bbox 755 877 845 935; x_wconf 88' lang='lat' dir='ltr'>quarn</span> <span class='ocrx_word' id='word_1_60' title='bbox 874 857 916 917; x_wconf 88' lang='lat' dir='ltr'>ibi</span> <span class='ocrx_word' id='word_1_61' title='bbox 941 855 1072 933; x_wconf 89' lang='lat' dir='ltr'>relique·</span> 
     </span>
     <span class='ocr_line' id='line_1_10' title="bbox 120 938 1073 1016; baseline -0.001 -18"><span class='ocrx_word' id='word_1_62' title='bbox 120 946 165 1000; x_wconf 89' lang='lat' dir='ltr'>rat</span> <span class='ocrx_word' id='word_1_63' title='bbox 184 938 323 1009; x_wconf 88' lang='lat' dir='ltr'>Helena,</span> <span class='ocrx_word' id='word_1_64' title='bbox 355 940 605 1016; x_wconf 89' lang='lat' dir='ltr'>subseqnentibus</span> <span class='ocrx_word' id='word_1_65' title='bbox 628 941 872 1001; x_wconf 88' lang='lat' dir='ltr'>luculentissimis</span> <span class='ocrx_word' id='word_1_66' title='bbox 895 938 1019 998; x_wconf 87' lang='lat' dir='ltr'>testibus</span> <span class='ocrx_word' id='word_1_67' title='bbox 1042 956 1073 997; x_wconf 88' lang='lat' dir='ltr'>e·</span> 
     </span>
     <span class='ocr_line' id='line_1_11' title="bbox 118 1016 1073 1090; baseline -0.004 -11"><span class='ocrx_word' id='word_1_68' title='bbox 118 1023 256 1082; x_wconf 85' lang='lat' dir='ltr'>uincitur.</span> <span class='ocrx_word' id='word_1_69' title='bbox 282 1020 313 1080; x_wconf 90' lang='lat' dir='ltr'>ld</span> <span class='ocrx_word' id='word_1_70' title='bbox 337 1021 483 1082; x_wconf 87' lang='lat' dir='ltr'>Paschate</span> <span class='ocrx_word' id='word_1_71' title='bbox 504 1020 569 1083; x_wconf 87' lang='lat' dir='ltr'>fieri</span> <span class='ocrx_word' id='word_1_72' title='bbox 585 1024 800 1090; x_wconf 80' lang='lat' dir='ltr'>consuevisse,</span> <span class='ocrx_word' id='word_1_73' title='bbox 825 1024 952 1081; x_wconf 87' lang='lat' dir='ltr'>testatur</span> <span class='ocrx_word' id='word_1_74' title='bbox 976 1016 1073 1077; x_wconf 86' lang='lat' dir='ltr'>Pauli-</span> 
     </span>
     <span class='ocr_line' id='line_1_12' title="bbox 118 1098 1072 1181; baseline -0.004 -20"><span class='ocrx_word' id='word_1_75' title='bbox 118 1121 170 1163; x_wconf 87' lang='lat' dir='ltr'>nus</span> <span class='ocrx_word' id='word_1_76' title='bbox 192 1104 331 1179; x_wconf 76' lang='lat' dir='ltr'>Epistola</span> <span class='ocrx_word' id='word_1_77' title='bbox 352 1104 396 1163; x_wconf 77' lang='lat'>51</span> <span class='ocrx_word' id='word_1_78' title='bbox 411 1103 450 1161; x_wconf 83' lang='lat' dir='ltr'>ad</span> <span class='ocrx_word' id='word_1_79' title='bbox 468 1102 622 1164; x_wconf 89' lang='lat' dir='ltr'>Seuerum:</span> <span class='ocrx_word' id='word_1_80' title='bbox 637 1103 773 1171; x_wconf 87' lang='lat' dir='ltr'>Crucem,</span> <span class='ocrx_word' id='word_1_81' title='bbox 789 1102 934 1180; x_wconf 82' lang='lat' dir='ltr'>inquiens,</span> <span class='ocrx_word' id='word_1_82' title='bbox 951 1098 1072 1181; x_wconf 85' lang='lat' dir='ltr'>Episco-</span> 
     </span>
     <span class='ocr_line' id='line_1_13' title="bbox 115 1181 1074 1265; baseline -0.003 -22"><span class='ocrx_word' id='word_1_83' title='bbox 115 1203 169 1260; x_wconf 89' lang='lat' dir='ltr'>pus</span> <span class='ocrx_word' id='word_1_84' title='bbox 195 1182 281 1244; x_wconf 80' lang='lat' dir='ltr'>Urbis</span> <span class='ocrx_word' id='word_1_85' title='bbox 302 1183 595 1264; x_wconf 76' lang='lat' dir='ltr'>Hierosolymitenae</span> <span class='ocrx_word' id='word_1_86' title='bbox 616 1186 788 1265; x_wconf 77' lang='lat' dir='ltr'>quotannis,</span> <span class='ocrx_word' id='word_1_87' title='bbox 807 1203 873 1244; x_wconf 85' lang='lat' dir='ltr'>curn</span> <span class='ocrx_word' id='word_1_88' title='bbox 890 1181 1004 1243; x_wconf 83' lang='lat' dir='ltr'>Parrha</span> <span class='ocrx_word' id='word_1_89' title='bbox 1019 1181 1074 1241; x_wconf 84' lang='lat' dir='ltr'>Da·</span> 
     </span>
    </p>
   </div>
   <div class='ocr_carea' id='block_1_3' title="bbox 3 1266 1075 1345">
    <p class='ocr_par' dir='ltr' id='par_1_3' title="bbox 3 1266 1075 1345">
     <span class='ocr_line' id='line_1_14' title="bbox 3 1266 1075 1345; baseline 0 -22"><span class='ocrx_word' id='word_1_90' title='bbox 3 1283 9 1294; x_wconf 92' lang='lat'>·</span> <span class='ocrx_word' id='word_1_91' title='bbox 118 1266 192 1325; x_wconf 85' lang='lat' dir='ltr'>mini</span> <span class='ocrx_word' id='word_1_92' title='bbox 211 1267 339 1343; x_wconf 78' lang='lat' dir='ltr'>apitur,</span> <span class='ocrx_word' id='word_1_93' title='bbox 364 1266 554 1339; x_wconf 73' lang='lat' dir='ltr'>adorandam</span> <span class='ocrx_word' id='word_1_94' title='bbox 566 1268 688 1345; x_wconf 87' lang='lat' dir='ltr'>populo,</span> <span class='ocrx_word' id='word_1_95' title='bbox 700 1268 840 1345; x_wconf 89' lang='lat' dir='ltr'>princeps</span> <span class='ocrx_word' id='word_1_96' title='bbox 854 1266 914 1343; x_wconf 84' lang='lat' dir='ltr'>ipsa</span> <span class='ocrx_word' id='word_1_97' title='bbox 928 1281 1075 1323; x_wconf 84' lang='lat' dir='ltr'>ueneran-</span> 
     </span>
    </p>
   </div>
   <div class='ocr_carea' id='block_1_4' title="bbox 109 1344 1094 3634">
    <p class='ocr_par' dir='ltr' id='par_1_4' title="bbox 109 1344 1094 2810">
     <span class='ocr_line' id='line_1_15' title="bbox 117 1344 1074 1424; baseline -0.002 -18"><span class='ocrx_word' id='word_1_98' title='bbox 117 1348 207 1416; x_wconf 79' lang='lat' dir='ltr'>tium,</span> <span class='ocrx_word' id='word_1_99' title='bbox 230 1347 354 1424; x_wconf 86' lang='lat' dir='ltr'>promit.</span> <span class='ocrx_word' id='word_1_100' title='bbox 380 1346 493 1407; x_wconf 83' lang='lat' dir='ltr'>Eodem</span> <span class='ocrx_word' id='word_1_101' title='bbox 522 1350 671 1424; x_wconf 85' lang='lat' dir='ltr'>respicere</span> <span class='ocrx_word' id='word_1_102' title='bbox 695 1354 818 1423; x_wconf 83' lang='lat' dir='ltr'>putatrrr</span> <span class='ocrx_word' id='word_1_103' title='bbox 843 1344 1074 1423; x_wconf 79' lang='lat' dir='ltr'>Hieronymus,</span> 
     </span>
     <span class='ocr_line' id='line_1_16' title="bbox 115 1426 1074 1508; baseline -0.002 -22"><span class='ocrx_word' id='word_1_104' title='bbox 115 1446 183 1488; x_wconf 92' lang='lat' dir='ltr'>cum</span> <span class='ocrx_word' id='word_1_105' title='bbox 208 1430 284 1488; x_wconf 89' lang='lat' dir='ltr'>haec</span> <span class='ocrx_word' id='word_1_106' title='bbox 307 1432 349 1487; x_wconf 93' lang='lat' dir='ltr'>ait</span> <span class='ocrx_word' id='word_1_107' title='bbox 371 1430 400 1496; x_wconf 89' lang='lat' dir='ltr'>in</span> <span class='ocrx_word' id='word_1_108' title='bbox 421 1429 519 1507; x_wconf 88' lang='lat' dir='ltr'>Caput</span> <span class='ocrx_word' id='word_1_109' title='bbox 542 1428 590 1490; x_wconf 78' lang='lat' dir='ltr'>rt&#39;</span> <span class='ocrx_word' id='word_1_110' title='bbox 601 1430 751 1508; x_wconf 83' lang='lat' dir='ltr'>Epistulae</span> <span class='ocrx_word' id='word_1_111' title='bbox 766 1428 806 1489; x_wconf 80' lang='lat' dir='ltr'>ad</span> <span class='ocrx_word' id='word_1_112' title='bbox 823 1428 950 1491; x_wconf 83' lang='lat' dir='ltr'>Galatas</span> <span class='ocrx_word' id='word_1_113' title='bbox 967 1446 997 1485; x_wconf 89' lang='lat' dir='ltr'>v.</span> <span class='ocrx_word' id='word_1_114' title='bbox 1017 1426 1074 1486; x_wconf 89' lang='lat'>10:</span> 
     </span>
     <span class='ocr_line' id='line_1_17' title="bbox 115 1506 1075 1591; baseline -0.002 -23"><span class='ocrx_word' id='word_1_115' title='bbox 115 1508 177 1569; x_wconf 83' lang='lat' dir='ltr'>Nos</span> <span class='ocrx_word' id='word_1_116' title='bbox 197 1527 375 1591; x_wconf 76' lang='lat' dir='ltr'>azynrorurn</span> <span class='ocrx_word' id='word_1_117' title='bbox 398 1510 512 1571; x_wconf 86' lang='lat' dir='ltr'>Pascba</span> <span class='ocrx_word' id='word_1_118' title='bbox 539 1530 599 1570; x_wconf 84' lang='lat' dir='ltr'>oon</span> <span class='ocrx_word' id='word_1_119' title='bbox 622 1513 828 1579; x_wconf 87' lang='lat' dir='ltr'>celebramus,</span> <span class='ocrx_word' id='word_1_120' title='bbox 852 1507 901 1569; x_wconf 80' lang='lat' dir='ltr'>sed</span> <span class='ocrx_word' id='word_1_121' title='bbox 929 1506 1075 1567; x_wconf 83' lang='lat' dir='ltr'>Resurre-</span> 
     </span>
     <span class='ocr_line' id='line_1_18' title="bbox 113 1590 1074 1671; baseline -0.003 -20"><span class='ocrx_word' id='word_1_122' title='bbox 113 1592 220 1651; x_wconf 83' lang='lat' dir='ltr'>ctionis</span> <span class='ocrx_word' id='word_1_123' title='bbox 244 1601 271 1651; x_wconf 88' lang='lat' dir='ltr'>et</span> <span class='ocrx_word' id='word_1_124' title='bbox 303 1590 422 1653; x_wconf 80' lang='lat' dir='ltr'>Crucis.</span> <span class='ocrx_word' id='word_1_125' title='bbox 447 1592 545 1652; x_wconf 87' lang='lat' dir='ltr'>Media</span> <span class='ocrx_word' id='word_1_126' title='bbox 572 1592 828 1671; x_wconf 82' lang='lat' dir='ltr'>Quadragesima,</span> <span class='ocrx_word' id='word_1_127' title='bbox 852 1591 981 1664; x_wconf 86' lang='lat' dir='ltr'>ideoque</span> <span class='ocrx_word' id='word_1_128' title='bbox 1004 1595 1074 1649; x_wconf 87' lang='lat' dir='ltr'>anto</span> 
     </span>
     <span class='ocr_line' id='line_1_19' title="bbox 114 1670 1074 1752; baseline -0.006 -19"><span class='ocrx_word' id='word_1_129' title='bbox 114 1673 257 1741; x_wconf 87' lang='lat' dir='ltr'>Pascha,</span> <span class='ocrx_word' id='word_1_130' title='bbox 288 1675 405 1749; x_wconf 89' lang='lat' dir='ltr'>publice</span> <span class='ocrx_word' id='word_1_131' title='bbox 437 1672 586 1735; x_wconf 83' lang='lat' dir='ltr'>ostensam</span> <span class='ocrx_word' id='word_1_132' title='bbox 606 1690 645 1735; x_wconf 81' lang='lat' dir='ltr'>&#39;ac</span> <span class='ocrx_word' id='word_1_133' title='bbox 672 1676 853 1752; x_wconf 90' lang='lat' dir='ltr'>populorum</span> <span class='ocrx_word' id='word_1_134' title='bbox 887 1670 1074 1731; x_wconf 77' lang='lat' dir='ltr'>venerationi</span> 
     </span>
     <span class='ocr_line' id='line_1_20' title="bbox 115 1752 1076 1832; baseline -0.006 -18"><span class='ocrx_word' id='word_1_135' title='bbox 115 1756 299 1832; x_wconf 89' lang='lat' dir='ltr'>propositam</span> <span class='ocrx_word' id='word_1_136' title='bbox 323 1754 414 1815; x_wconf 79' lang='lat' dir='ltr'>luisse</span> <span class='ocrx_word' id='word_1_137' title='bbox 438 1754 623 1815; x_wconf 82' lang='lat' dir='ltr'>Dominicam</span> <span class='ocrx_word' id='word_1_138' title='bbox 647 1755 793 1823; x_wconf 86' lang='lat' dir='ltr'>Crucem,</span> <span class='ocrx_word' id='word_1_139' title='bbox 820 1752 984 1813; x_wconf 87' lang='lat' dir='ltr'>memoriae</span> <span class='ocrx_word' id='word_1_140' title='bbox 1007 1768 1076 1826; x_wconf 89' lang='lat' dir='ltr'>pro·</span> 
     </span>
     <span class='ocr_line' id='line_1_21' title="bbox 113 1832 1074 1912; baseline -0.004 -17"><span class='ocrx_word' id='word_1_141' title='bbox 113 1836 219 1895; x_wconf 86' lang='lat' dir='ltr'>didere</span> <span class='ocrx_word' id='word_1_142' title='bbox 243 1836 431 1912; x_wconf 88' lang='lat' dir='ltr'>Sophronius</span> <span class='ocrx_word' id='word_1_143' title='bbox 458 1836 634 1898; x_wconf 87' lang='lat' dir='ltr'>Patriarcha</span> <span class='ocrx_word' id='word_1_144' title='bbox 657 1834 940 1897; x_wconf 87' lang='lat' dir='ltr'>Hierosalimitanus</span> <span class='ocrx_word' id='word_1_145' title='bbox 962 1832 1074 1907; x_wconf 84' lang='lat' dir='ltr'>aliique</span> 
     </span>
     <span class='ocr_line' id='line_1_22' title="bbox 111 1913 1075 1995; baseline -0.008 -17"><span class='ocrx_word' id='word_1_146' title='bbox 111 1936 245 1995; x_wconf 89' lang='lat' dir='ltr'>quorum</span> <span class='ocrx_word' id='word_1_147' title='bbox 268 1918 439 1978; x_wconf 88' lang='lat' dir='ltr'>testimonia</span> <span class='ocrx_word' id='word_1_148' title='bbox 466 1916 586 1995; x_wconf 83' lang='lat' dir='ltr'>collegit</span> <span class='ocrx_word' id='word_1_149' title='bbox 611 1918 772 1979; x_wconf 85' lang='lat' dir='ltr'>Gretserus</span> <span class='ocrx_word' id='word_1_150' title='bbox 800 1914 836 1974; x_wconf 89' lang='lat' dir='ltr'>T.</span> <span class='ocrx_word' id='word_1_151' title='bbox 862 1916 890 1975; x_wconf 94' lang='lat' dir='ltr'>ll</span> <span class='ocrx_word' id='word_1_152' title='bbox 913 1913 948 1971; x_wconf 80' lang='lat' dir='ltr'>cle</span> <span class='ocrx_word' id='word_1_153' title='bbox 979 1914 1075 1975; x_wconf 84' lang='lat' dir='ltr'>Cruce</span> 
     </span>
     <span class='ocr_line' id='line_1_23' title="bbox 112 1994 1076 2077; baseline -0.006 -18"><span class='ocrx_word' id='word_1_154' title='bbox 112 2018 184 2077; x_wconf 81' lang='lat' dir='ltr'>pag.</span> <span class='ocrx_word' id='word_1_155' title='bbox 209 1997 283 2057; x_wconf 71' lang='lat'><strong>212.</strong></span> <span class='ocrx_word' id='word_1_156' title='bbox 308 1997 341 2057; x_wconf 89' lang='lat' dir='ltr'>ln</span> <span class='ocrx_word' id='word_1_157' title='bbox 370 2001 432 2076; x_wconf 89' lang='lat' dir='ltr'>ipsa</span> <span class='ocrx_word' id='word_1_158' title='bbox 455 1999 653 2060; x_wconf 81' lang='lat' dir='ltr'>Exaltationis</span> <span class='ocrx_word' id='word_1_159' title='bbox 677 1998 850 2059; x_wconf 86' lang='lat' dir='ltr'>Donrinicae</span> <span class='ocrx_word' id='word_1_160' title='bbox 869 1995 977 2057; x_wconf 79' lang='lat' dir='ltr'>Crucis</span> <span class='ocrx_word' id='word_1_161' title='bbox 1000 1994 1076 2054; x_wconf 84' lang='lat' dir='ltr'>festa</span> 
     </span>
     <span class='ocr_line' id='line_1_24' title="bbox 112 2075 1077 2157; baseline -0.005 -18"><span class='ocrx_word' id='word_1_162' title='bbox 112 2082 187 2149; x_wconf 88' lang='lat' dir='ltr'>die,</span> <span class='ocrx_word' id='word_1_163' title='bbox 217 2080 392 2141; x_wconf 89' lang='lat' dir='ltr'>solemniter</span> <span class='ocrx_word' id='word_1_164' title='bbox 422 2082 512 2141; x_wconf 88' lang='lat' dir='ltr'>luisse</span> <span class='ocrx_word' id='word_1_165' title='bbox 535 2083 655 2157; x_wconf 93' lang='lat' dir='ltr'>populis</span> <span class='ocrx_word' id='word_1_166' title='bbox 677 2086 826 2139; x_wconf 89' lang='lat' dir='ltr'>ostensam</span> <span class='ocrx_word' id='word_1_167' title='bbox 850 2078 990 2142; x_wconf 83' lang='lat' dir='ltr'>Crucem,</span> <span class='ocrx_word' id='word_1_168' title='bbox 1007 2075 1077 2147; x_wconf 81' lang='lat' dir='ltr'>,An-</span> 
     </span>
     <span class='ocr_line' id='line_1_25' title="bbox 112 2158 1094 2239; baseline -0.004 -19"><span class='ocrx_word' id='word_1_169' title='bbox 112 2161 203 2222; x_wconf 90' lang='lat' dir='ltr'>dreas</span> <span class='ocrx_word' id='word_1_170' title='bbox 225 2159 378 2222; x_wconf 80' lang='lat' dir='ltr'>Cretensis</span> <span class='ocrx_word' id='word_1_171' title='bbox 400 2162 655 2239; x_wconf 77' lang='lat' dir='ltr'>Archiepiscapus</span> <span class='ocrx_word' id='word_1_172' title='bbox 673 2160 803 2221; x_wconf 87' lang='lat' dir='ltr'>affirmat</span> <span class='ocrx_word' id='word_1_173' title='bbox 818 2163 853 2220; x_wconf 91' lang='lat' dir='ltr'>in</span> <span class='ocrx_word' id='word_1_174' title='bbox 872 2158 1018 2219; x_wconf 80' lang='lat' dir='ltr'>Oratione</span> <span class='ocrx_word' id='word_1_175' title='bbox 1032 2176 1094 2217; x_wconf 50' lang='lat' dir='ltr'>sen</span> 
     </span>
     <span class='ocr_line' id='line_1_26' title="bbox 112 2240 1076 2318; baseline -0.006 -15"><span class='ocrx_word' id='word_1_176' title='bbox 112 2242 217 2303; x_wconf 77' lang='lat' dir='ltr'>cunda</span> <span class='ocrx_word' id='word_1_177' title='bbox 237 2248 272 2304; x_wconf 84' lang='lat' dir='ltr'>io</span> <span class='ocrx_word' id='word_1_178' title='bbox 287 2242 514 2304; x_wconf 76' lang='lat' dir='ltr'>Exultatianem</span> <span class='ocrx_word' id='word_1_179' title='bbox 539 2241 571 2303; x_wconf 86' lang='lat' dir='ltr'>S.</span> <span class='ocrx_word' id='word_1_180' title='bbox 588 2244 707 2305; x_wconf 79' lang='lat' dir='ltr'>Crucis.</span> <span class='ocrx_word' id='word_1_181' title='bbox 730 2240 843 2303; x_wconf 88' lang='lat' dir='ltr'>Merito</span> <span class='ocrx_word' id='word_1_182' title='bbox 864 2242 953 2300; x_wconf 83' lang='lat' dir='ltr'>etiarn</span> <span class='ocrx_word' id='word_1_183' title='bbox 969 2242 1076 2318; x_wconf 76' lang='lat' dir='ltr'>irpeas</span> 
     </span>
     <span class='ocr_line' id='line_1_27' title="bbox 112 2322 1077 2404; baseline -0.007 -19"><span class='ocrx_word' id='word_1_184' title='bbox 112 2325 189 2385; x_wconf 84' lang='lat' dir='ltr'>baec</span> <span class='ocrx_word' id='word_1_185' title='bbox 211 2325 372 2386; x_wconf 82' lang='lat' dir='ltr'>multitudo</span> <span class='ocrx_word' id='word_1_186' title='bbox 393 2325 479 2386; x_wconf 80' lang='lat' dir='ltr'>bodie</span> <span class='ocrx_word' id='word_1_187' title='bbox 502 2334 683 2404; x_wconf 78' lang='lat' dir='ltr'>conprepata</span> <span class='ocrx_word' id='word_1_188' title='bbox 705 2332 753 2392; x_wconf 86' lang='lat' dir='ltr'>eat,</span> <span class='ocrx_word' id='word_1_189' title='bbox 776 2336 810 2384; x_wconf 86' lang='lat' dir='ltr'>ut</span> <span class='ocrx_word' id='word_1_190' title='bbox 832 2332 858 2382; x_wconf 91' lang='lat' dir='ltr'>et</span> <span class='ocrx_word' id='word_1_191' title='bbox 876 2322 1002 2385; x_wconf 88' lang='lat' dir='ltr'>Crucem</span> <span class='ocrx_word' id='word_1_192' title='bbox 1025 2322 1077 2379; x_wconf 88' lang='lat' dir='ltr'>bo·</span> 
     </span>
     <span class='ocr_line' id='line_1_28' title="bbox 114 2396 1077 2486; baseline -0.004 -21"><span class='ocrx_word' id='word_1_193' title='bbox 114 2405 165 2465; x_wconf 79' lang='lat' dir='ltr'>die</span> <span class='ocrx_word' id='word_1_194' title='bbox 181 2406 375 2486; x_wconf 65' lang='lat' dir='ltr'>‚patefactam</span> <span class='ocrx_word' id='word_1_195' title='bbox 393 2408 623 2486; x_wconf 86' lang='lat' dir='ltr'>contempletur,</span> <span class='ocrx_word' id='word_1_196' title='bbox 644 2406 853 2483; x_wconf 76' lang='lat' dir='ltr'>Christumque</span> <span class='ocrx_word' id='word_1_197' title='bbox 869 2406 957 2464; x_wconf 86' lang='lat' dir='ltr'>simul</span> <span class='ocrx_word' id='word_1_198' title='bbox 971 2396 1077 2461; x_wconf 76' lang='lat' dir='ltr'>in‘illa</span> 
     </span>
     <span class='ocr_line' id='line_1_29' title="bbox 115 2482 1076 2566; baseline -0.005 -19"><span class='ocrx_word' id='word_1_199' title='bbox 115 2490 284 2548; x_wconf 76' lang='lat' dir='ltr'>exaltatum</span> <span class='ocrx_word' id='word_1_200' title='bbox 299 2488 418 2558; x_wconf 70' lang='lat' dir='ltr'>adoret:</span> <span class='ocrx_word' id='word_1_201' title='bbox 429 2489 584 2566; x_wconf 70' lang='lat' dir='ltr'>patefacta</span> <span class='ocrx_word' id='word_1_202' title='bbox 599 2490 679 2550; x_wconf 81' lang='lat' dir='ltr'>enim</span> <span class='ocrx_word' id='word_1_203' title='bbox 694 2497 747 2553; x_wconf 86' lang='lat' dir='ltr'>est,</span> <span class='ocrx_word' id='word_1_204' title='bbox 765 2496 798 2546; x_wconf 92' lang='lat' dir='ltr'>ut</span> <span class='ocrx_word' id='word_1_205' title='bbox 812 2486 974 2552; x_wconf 73' lang='lat' dir='ltr'>exaltetur,</span> <span class='ocrx_word' id='word_1_206' title='bbox 993 2482 1076 2543; x_wconf 80' lang='lat' dir='ltr'>caal-</span> 
     </span>
     <span class='ocr_line' id='line_1_30' title="bbox 114 2565 1076 2647; baseline -0.007 -18"><span class='ocrx_word' id='word_1_207' title='bbox 114 2580 204 2631; x_wconf 87' lang='lat' dir='ltr'>tetur</span> <span class='ocrx_word' id='word_1_208' title='bbox 219 2588 298 2637; x_wconf 87' lang='lat' dir='ltr'>aero,</span> <span class='ocrx_word' id='word_1_209' title='bbox 311 2580 346 2630; x_wconf 90' lang='lat' dir='ltr'>ut</span> <span class='ocrx_word' id='word_1_210' title='bbox 361 2571 578 2647; x_wconf 69' lang='lat' dir='ltr'>manifestetur.</span> <span class='ocrx_word' id='word_1_211' title='bbox 596 2565 772 2644; x_wconf 80' lang='lat' dir='ltr'>Quaenam?</span> <span class='ocrx_word' id='word_1_212' title='bbox 786 2566 840 2628; x_wconf 90' lang='lat' dir='ltr'>illa</span> <span class='ocrx_word' id='word_1_213' title='bbox 850 2565 985 2626; x_wconf 82' lang='lat' dir='ltr'>uidelicet</span> <span class='ocrx_word' id='word_1_214' title='bbox 1001 2581 1076 2644; x_wconf 86' lang='lat' dir='ltr'>quaa</span> 
     </span>
     <span class='ocr_line' id='line_1_31' title="bbox 109 2648 1077 2731; baseline -0.006 -21"><span class='ocrx_word' id='word_1_215' title='bbox 109 2654 206 2731; x_wconf 83' lang='lat' dir='ltr'>paulo</span> <span class='ocrx_word' id='word_1_216' title='bbox 228 2659 298 2709; x_wconf 86' lang='lat' dir='ltr'>anta</span> <span class='ocrx_word' id='word_1_217' title='bbox 318 2654 353 2712; x_wconf 89' lang='lat' dir='ltr'>iu</span> <span class='ocrx_word' id='word_1_218' title='bbox 368 2652 428 2710; x_wconf 87' lang='lat' dir='ltr'>loco</span> <span class='ocrx_word' id='word_1_219' title='bbox 446 2651 608 2714; x_wconf 83' lang='lat' dir='ltr'>Calcariae</span> <span class='ocrx_word' id='word_1_220' title='bbox 622 2648 864 2720; x_wconf 82' lang='lat' dir='ltr'>abscondebatur,</span> <span class='ocrx_word' id='word_1_221' title='bbox 881 2654 1077 2708; x_wconf 76' lang='lat' dir='ltr'>runcantem</span> 
     </span>
     <span class='ocr_line' id='line_1_32' title="bbox 114 2731 404 2810; baseline 0.003 -19"><span class='ocrx_word' id='word_1_222' title='bbox 114 2732 226 2810; x_wconf 81' lang='lat' dir='ltr'>ubique</span> <span class='ocrx_word' id='word_1_223' title='bbox 247 2731 404 2793; x_wconf 75' lang='lat' dir='ltr'>adoratur,</span> 
     </span>
    </p>

    <p class='ocr_par' dir='ltr' id='par_1_5' title="bbox 114 2806 1080 3634">
     <span class='ocr_line' id='line_1_33' title="bbox 160 2806 1077 2885; baseline -0.002 -14"><span class='ocrx_word' id='word_1_224' title='bbox 160 2812 214 2873; x_wconf 89' lang='lat' dir='ltr'>tv.</span> <span class='ocrx_word' id='word_1_225' title='bbox 239 2813 272 2874; x_wconf 89' lang='lat' dir='ltr'>In</span> <span class='ocrx_word' id='word_1_226' title='bbox 288 2814 438 2874; x_wconf 89' lang='lat' dir='ltr'>honorem</span> <span class='ocrx_word' id='word_1_227' title='bbox 454 2819 664 2876; x_wconf 77' lang='lat' dir='ltr'>sacrosanctae</span> <span class='ocrx_word' id='word_1_228' title='bbox 676 2810 779 2872; x_wconf 85' lang='lat' dir='ltr'>Crucis</span> <span class='ocrx_word' id='word_1_229' title='bbox 794 2806 1077 2885; x_wconf 73' lang='lat' dir='ltr'>dedicaruntmajo-</span> 
     </span>
     <span class='ocr_line' id='line_1_34' title="bbox 116 2890 1074 2968; baseline -0.003 -16"><span class='ocrx_word' id='word_1_230' title='bbox 116 2912 167 2954; x_wconf 83' lang='lat' dir='ltr'>res</span> <span class='ocrx_word' id='word_1_231' title='bbox 189 2896 296 2966; x_wconf 87' lang='lat' dir='ltr'>nostri,</span> <span class='ocrx_word' id='word_1_232' title='bbox 321 2896 432 2956; x_wconf 84' lang='lat' dir='ltr'>eximio</span> <span class='ocrx_word' id='word_1_233' title='bbox 454 2893 558 2956; x_wconf 90' lang='lat' dir='ltr'>Crucis</span> <span class='ocrx_word' id='word_1_234' title='bbox 580 2912 684 2956; x_wconf 90' lang='lat' dir='ltr'>amore</span> <span class='ocrx_word' id='word_1_235' title='bbox 707 2891 902 2961; x_wconf 85' lang='lat' dir='ltr'>inflammati,</span> <span class='ocrx_word' id='word_1_236' title='bbox 927 2890 1074 2968; x_wconf 92' lang='lat' dir='ltr'>Templa,</span> 
     </span>
     <span class='ocr_line' id='line_1_35' title="bbox 114 2971 1076 3049; baseline -0.008 -12"><span class='ocrx_word' id='word_1_237' title='bbox 114 2974 258 3037; x_wconf 88' lang='lat' dir='ltr'>Oratoria</span> <span class='ocrx_word' id='word_1_238' title='bbox 281 2983 313 3038; x_wconf 87' lang='lat' dir='ltr'>ot</span> <span class='ocrx_word' id='word_1_239' title='bbox 334 2978 462 3038; x_wconf 81' lang='lat' dir='ltr'>Altaria.</span> <span class='ocrx_word' id='word_1_240' title='bbox 486 2975 571 3037; x_wconf 84' lang='lat' dir='ltr'>Fecit</span> <span class='ocrx_word' id='word_1_241' title='bbox 592 2978 620 3035; x_wconf 91' lang='lat' dir='ltr'>id</span> <span class='ocrx_word' id='word_1_242' title='bbox 635 2974 848 3035; x_wconf 88' lang='lat' dir='ltr'>Constantinus</span> <span class='ocrx_word' id='word_1_243' title='bbox 863 2971 990 3049; x_wconf 85' lang='lat' dir='ltr'>Magnus</span> <span class='ocrx_word' id='word_1_244' title='bbox 1006 2986 1076 3049; x_wconf 51' lang='lat' dir='ltr'>¹pro</span> 
     </span>
     <span class='ocr_line' id='line_1_36' title="bbox 116 3052 1077 3135; baseline -0.005 -18"><span class='ocrx_word' id='word_1_245' title='bbox 116 3058 169 3117; x_wconf 88' lang='lat' dir='ltr'>ilia</span> <span class='ocrx_word' id='word_1_246' title='bbox 190 3076 246 3118; x_wconf 92' lang='lat' dir='ltr'>sua</span> <span class='ocrx_word' id='word_1_247' title='bbox 268 3076 423 3135; x_wconf 88' lang='lat' dir='ltr'>nunquam</span> <span class='ocrx_word' id='word_1_248' title='bbox 451 3060 524 3119; x_wconf 89' lang='lat' dir='ltr'>satis</span> <span class='ocrx_word' id='word_1_249' title='bbox 547 3059 719 3135; x_wconf 87' lang='lat' dir='ltr'>praedicata</span> <span class='ocrx_word' id='word_1_250' title='bbox 744 3058 774 3116; x_wconf 91' lang='lat' dir='ltr'>in</span> <span class='ocrx_word' id='word_1_251' title='bbox 801 3052 929 3114; x_wconf 90' lang='lat' dir='ltr'>Crucem</span> <span class='ocrx_word' id='word_1_252' title='bbox 956 3052 1077 3128; x_wconf 86' lang='lat' dir='ltr'>religio-</span> 
     </span>
     <span class='ocr_line' id='line_1_37' title="bbox 117 3132 1079 3218; baseline -0.005 -19"><span class='ocrx_word' id='word_1_253' title='bbox 117 3157 166 3200; x_wconf 86' lang='lat' dir='ltr'>ne.</span> <span class='ocrx_word' id='word_1_254' title='bbox 190 3139 306 3200; x_wconf 84' lang='lat' dir='ltr'>Rornae</span> <span class='ocrx_word' id='word_1_255' title='bbox 330 3142 359 3199; x_wconf 93' lang='lat' dir='ltr'>in</span> <span class='ocrx_word' id='word_1_256' title='bbox 382 3140 469 3201; x_wconf 77' lang='lat' dir='ltr'>Atria</span> <span class='ocrx_word' id='word_1_257' title='bbox 492 3140 689 3207; x_wconf 87' lang='lat' dir='ltr'>Sessoriano,</span> <span class='ocrx_word' id='word_1_258' title='bbox 718 3137 796 3218; x_wconf 88' lang='lat' dir='ltr'>apud</span> <span class='ocrx_word' id='word_1_259' title='bbox 819 3133 946 3196; x_wconf 85' lang='lat' dir='ltr'>Veneris</span> <span class='ocrx_word' id='word_1_260' title='bbox 968 3139 999 3195; x_wconf 90' lang='lat' dir='ltr'>et</span> <span class='ocrx_word' id='word_1_261' title='bbox 1020 3132 1079 3194; x_wconf 91' lang='lat' dir='ltr'>Gu-</span> 
     </span>
     <span class='ocr_line' id='line_1_38' title="bbox 118 3214 1078 3299; baseline -0.005 -20"><span class='ocrx_word' id='word_1_262' title='bbox 118 3222 227 3299; x_wconf 91' lang='lat' dir='ltr'>pidinis</span> <span class='ocrx_word' id='word_1_263' title='bbox 251 3222 410 3297; x_wconf 86' lang='lat' dir='ltr'>templum,</span> <span class='ocrx_word' id='word_1_264' title='bbox 428 3240 489 3297; x_wconf 82' lang='lat' dir='ltr'>quo</span> <span class='ocrx_word' id='word_1_265' title='bbox 512 3222 622 3293; x_wconf 89' lang='lat' dir='ltr'>diruto,</span> <span class='ocrx_word' id='word_1_266' title='bbox 642 3226 710 3297; x_wconf 92' lang='lat' dir='ltr'>post</span> <span class='ocrx_word' id='word_1_267' title='bbox 732 3224 883 3280; x_wconf 90' lang='lat' dir='ltr'>inventam</span> <span class='ocrx_word' id='word_1_268' title='bbox 907 3218 944 3276; x_wconf 96' lang='lat' dir='ltr'>ab</span> <span class='ocrx_word' id='word_1_269' title='bbox 960 3214 1078 3277; x_wconf 87' lang='lat' dir='ltr'>Helena</span> 
     </span>
     <span class='ocr_line' id='line_1_39' title="bbox 118 3297 1077 3379; baseline -0.008 -16"><span class='ocrx_word' id='word_1_270' title='bbox 118 3311 216 3365; x_wconf 88' lang='lat' dir='ltr'>matre</span> <span class='ocrx_word' id='word_1_271' title='bbox 237 3301 380 3371; x_wconf 87' lang='lat' dir='ltr'>Crucem,</span> <span class='ocrx_word' id='word_1_272' title='bbox 404 3302 574 3364; x_wconf 84' lang='lat' dir='ltr'>aedificavit</span> <span class='ocrx_word' id='word_1_273' title='bbox 596 3305 741 3379; x_wconf 80' lang='lat' dir='ltr'>insignem</span> <span class='ocrx_word' id='word_1_274' title='bbox 759 3300 935 3370; x_wconf 83' lang='lat' dir='ltr'>Ecclesiam,</span> <span class='ocrx_word' id='word_1_275' title='bbox 953 3297 1077 3359; x_wconf 88' lang='lat' dir='ltr'>sanclis-</span> 
     </span>
     <span class='ocr_line' id='line_1_40' title="bbox 118 3379 1077 3463; baseline -0.01 -16"><span class='ocrx_word' id='word_1_276' title='bbox 118 3386 213 3447; x_wconf 87' lang='lat' dir='ltr'>simae</span> <span class='ocrx_word' id='word_1_277' title='bbox 236 3383 342 3446; x_wconf 91' lang='lat' dir='ltr'>Crucis</span> <span class='ocrx_word' id='word_1_278' title='bbox 370 3386 454 3463; x_wconf 86' lang='lat' dir='ltr'>signo</span> <span class='ocrx_word' id='word_1_279' title='bbox 482 3403 622 3451; x_wconf 89' lang='lat' dir='ltr'>sacram,</span> <span class='ocrx_word' id='word_1_280' title='bbox 647 3386 696 3445; x_wconf 92' lang='lat' dir='ltr'>cui</span> <span class='ocrx_word' id='word_1_281' title='bbox 720 3384 911 3461; x_wconf 87' lang='lat' dir='ltr'>praeclaras,</span> <span class='ocrx_word' id='word_1_282' title='bbox 935 3396 1010 3456; x_wconf 88' lang='lat' dir='ltr'>quas</span> <span class='ocrx_word' id='word_1_283' title='bbox 1032 3379 1077 3438; x_wconf 91' lang='lat' dir='ltr'>di·</span> 
     </span>
     <span class='ocr_line' id='line_1_41' title="bbox 119 3464 1075 3544; baseline -0.007 -17"><span class='ocrx_word' id='word_1_284' title='bbox 119 3470 214 3528; x_wconf 85' lang='lat' dir='ltr'>rersis</span> <span class='ocrx_word' id='word_1_285' title='bbox 230 3467 419 3544; x_wconf 88' lang='lat' dir='ltr'>temporibus</span> <span class='ocrx_word' id='word_1_286' title='bbox 433 3466 607 3527; x_wconf 77' lang='lat' dir='ltr'>obtinuerat</span> <span class='ocrx_word' id='word_1_287' title='bbox 620 3466 774 3533; x_wconf 87' lang='lat' dir='ltr'>victorias,</span> <span class='ocrx_word' id='word_1_288' title='bbox 793 3464 909 3526; x_wconf 81' lang='lat' dir='ltr'>terebat</span> <span class='ocrx_word' id='word_1_289' title='bbox 924 3465 1075 3541; x_wconf 88' lang='lat' dir='ltr'>acceptas,</span> 
     </span>
     <span class='ocr_line' id='line_1_42' title="bbox 118 3544 1080 3634; baseline -0.005 -26"><span class='ocrx_word' id='word_1_290' title='bbox 118 3550 149 3610; x_wconf 93' lang='lat' dir='ltr'>in</span> <span class='ocrx_word' id='word_1_291' title='bbox 171 3568 233 3626; x_wconf 84' lang='lat' dir='ltr'>quo</span> <span class='ocrx_word' id='word_1_292' title='bbox 255 3551 346 3612; x_wconf 88' lang='lat' dir='ltr'>etiam</span> <span class='ocrx_word' id='word_1_293' title='bbox 369 3547 476 3609; x_wconf 90' lang='lat' dir='ltr'>Crucis</span> <span class='ocrx_word' id='word_1_294' title='bbox 499 3554 775 3634; x_wconf 61' lang='lat' dir='ltr'>repertaepartem</span> <span class='ocrx_word' id='word_1_295' title='bbox 800 3546 935 3625; x_wconf 80' lang='lat' dir='ltr'>religiose</span> <span class='ocrx_word' id='word_1_296' title='bbox 950 3544 1080 3606; x_wconf 89' lang='lat' dir='ltr'>collaca-</span> 
     </span>
    </p>
   </div>
   <div class='ocr_carea' id='block_1_5' title="bbox 257 3636 941 3705">
    <p class='ocr_par' dir='ltr' id='par_1_6' title="bbox 257 3636 941 3705">
     <span class='ocr_line' id='line_1_43' title="bbox 257 3636 941 3705; baseline -0.007 0"><span class='ocrx_word' id='word_1_297' title='bbox 257 3653 318 3705; x_wconf 78' lang='lat' dir='ltr'>ror.</span> <span class='ocrx_word' id='word_1_298' title='bbox 337 3636 372 3705; x_wconf 81' lang='lat' dir='ltr'>u&#39;.</span> <span class='ocrx_word' id='word_1_299' title='bbox 908 3650 941 3700; x_wconf 83' lang='lat' dir='ltr'>ro</span> 
     </span>
    </p>
   </div>
   <div class='ocr_carea' id='block_1_6' title="bbox 0 0 1264 4059">
    <p class='ocr_par' dir='ltr' id='par_1_7' title="bbox 0 0 1264 4059">
     <span class='ocr_line' id='line_1_44' title="bbox 0 0 1264 4059; baseline 0 1"><span class='ocrx_word' id='word_1_300' title='bbox 0 0 1264 4059; x_wconf 95' lang='lat' dir='ltr'> </span> 
     </span>
    </p>
   </div>
  </div>
 </body>
</html>
