2517 4059
600 143 804 217 *HM-

217 276 356 337 'eoadem
376 254 512 337 or'dincm
535 275 749 338 Melchisedech
776 273 921 353 Pontifex
942 276 1040 351 foetur
1070 277 1106 335 in
1130 294 1187 336 oe·

222 370 354 420 ternam.
379 359 437 419 Atii
454 359 556 420 dicunt
572 360 673 419 vetum
696 359 780 435 quasi
804 362 916 415 vestem
939 356 1054 433 Tempti
1071 358 1189 425 tuisse.

221 448 253 502 et
274 439 527 516 quemadmodum
550 439 653 501 ludaei
676 440 706 500 in
728 440 810 498 luotu
833 444 947 497 uestem
970 439 1108 498 scindere
1133 456 1188 498 so·

221 522 333 586 lebant,
358 522 399 579 ita
413 519 585 599 Tenipiumt
603 522 751 581 moriente
771 518 912 585 Christo,
937 519 1066 596 lugentis
1088 521 1187 580 modo

220 610 337 663 vestem
359 620 445 661 suam
461 603 625 663 discidisse.
649 601 759 663 htinsit
778 600 815 659 ad
831 600 908 659 hanc
929 600 1186 677 significationem

178 736 182 740 .
217 683 361 745 ¹Sedutius
384 684 447 742 tib.
473 683 515 742 tv
537 684 639 744 Carm.
657 682 797 743 Nounutii
821 686 926 759 putant
947 683 1005 742 hac
1027 684 1086 743 veti
1109 684 1187 743 scis·

221 766 303 825 sione
325 762 518 842 significatam
537 766 645 841 poputo
666 758 778 825 Iudaici
803 764 831 821 in
853 763 988 824 diversas
1009 772 1112 841 partes
1136 764 1185 823 di·

221 847 368 907 visionem
391 851 422 905 et
443 845 678 921 dissipationem.
702 846 844 926 Quidam,
867 843 1026 921 Templum
1044 845 1117 904 iitud
1143 846 1184 905 ed

221 926 292 985 ittud
318 945 412 1003 usque
428 932 547 1003 tempus
562 935 798 993 sacrosanctum,
822 926 962 1003 deinceps
991 927 1055 986 tore
1075 926 1183 1001 proia-

222 1026 305 1068 num.
340 1009 397 1068 htii
421 1009 586 1081 passionem
609 1007 721 1068 Christi
744 1006 857 1067 finitam
880 1024 959 1066 esse.
981 1007 1052 1078 ,nih
1074 1009 1184 1068 existi-

218 1094 304 1149 mant
326 1089 438 1147 idcirco
465 1088 558 1149 iteum
581 1089 621 1149 ite
637 1091 779 1154 votuisse,
804 1094 837 1148 ut
857 1086 1182 1164 signiticaretaTem·

220 1170 270 1247 pio
292 1170 421 1227 divinam
446 1171 603 1229 recessisse
625 1171 770 1247 gratiumr
794 1175 904 1244 etque
928 1170 999 1229 nutii
1022 1168 1066 1229 tas
1086 1176 1182 1230 autea

221 1248 328 1311 fuisset
348 1250 475 1327 ingredi,
500 1268 537 1310 eo
561 1256 677 1327 pateret
697 1251 835 1311 omnihus
857 1250 966 1311 aditus.

261 1330 334 1392 XX.
360 1330 426 1391 Veii
449 1332 582 1391 scissioni
605 1332 742 1411 adjungit
763 1331 934 1392 Matthaeus
955 1328 1028 1407 Cap.
1050 1328 1180 1394 xxvtt

220 1430 251 1473 v.
268 1414 306 1474 51
331 1416 559 1481 terraemotum,
579 1420 732 1487 petrarum
749 1413 924 1475 tracturam.
941 1412 1178 1489 seputohrorum

220 1495 417 1571 apertionem.
446 1490 549 1560 Terra,
574 1495 687 1569 inquit,
711 1505 794 1553 moto
816 1503 875 1562 ert,
900 1502 926 1552 et
943 1505 1046 1572 petrae
1067 1495 1179 1556 scisses

219 1582 299 1639 sent,
325 1586 351 1634 et
366 1586 555 1636 monomenta
577 1584 778 1651 operissent.
802 1574 897 1635 Terra
912 1576 1003 1651 igitur
1019 1582 1098 1635 mota
1114 1585 1176 1644 est,

220 1655 303 1731 quasi
326 1654 511 1716 Crucifixum
537 1654 697 1715 Dominum
719 1675 809 1717 suum
825 1657 906 1716 terre
928 1675 987 1716 nou
1009 1657 1171 1718 sustinens.

216 1736 383 1809 Quaeritur
400 1739 428 1795 in
444 1736 595 1797 iudaeane
611 1743 739 1805 tanturn,
756 1756 794 1797 an
816 1754 890 1797 vero
910 1739 980 1797 atihi
996 1739 1087 1797 etiam
1103 1755 1178 1798 con·

174 1882 179 1891 ,
219 1834 305 1878 cussa
321 1823 399 1879 terra
416 1818 463 1884 sit,
487 1826 590 1894 petrae
605 1818 771 1895 disruptae,
795 1825 826 1879 et
838 1826 1173 1899 apertamonumenra.

218 1897 364 1975 Origenes
386 1898 486 1960 Tract.
513 1898 638 1961 XXXV
659 1900 689 1958 in
712 1898 912 1965 Matthaeum.
943 1902 972 1960 io
994 1900 1103 1961 iudaea
1126 1917 1176 1960 so·

219 1980 282 2039 ium
305 1998 340 2039 ea
362 1980 449 2042 docet
470 1984 640 2058 contigisse.
668 1979 795 2042 Terram
819 2000 909 2057 porro
931 1983 1024 2044 tuisse
1046 1997 1173 2042 concus-

219 2078 294 2128 sam,
318 2067 348 2123 et
370 2068 471 2137 aperta
495 2068 701 2130 monumenta,
726 2069 886 2139 petrasque
908 2063 1059 2140 disruptas
1079 2064 1172 2123 etiam

219 2140 306 2212 longe
329 2144 366 2203 ab
380 2142 571 2215 Hierusalem
589 2151 620 2205 et
641 2142 763 2210 Iudaeo,
788 2145 950 2205 verisimile
965 2149 1022 2213 est,
1046 2161 1100 2204 nec
1121 2144 1173 2203 de·

219 2228 289 2283 eunt
311 2224 389 2301 apud
412 2224 575 2285 Barouium
604 2225 641 2285 ad
664 2241 776 2288 anuum
802 2224 912 2287 Christi
935 2225 974 2285 et
1005 2243 1086 2284 num.
1113 2222 1172 2285 128

219 2312 412 2365 monumenta
434 2322 472 2366 ex
495 2305 620 2366 historie
643 2304 829 2383 deprompta,
853 2312 884 2368 et
904 2308 983 2385 apud
1005 2303 1121 2366 Catmet
1141 2307 1170 2365 iu

218 2383 406 2447 Matthaeum
429 2384 502 2463 Cap.
525 2385 649 2448 XXVil
671 2404 701 2445 v.
726 2386 776 2447 51.
801 2387 841 2448 Et
861 2406 933 2449 sane
954 2389 1084 2464 Phtegon
1109 2390 1171 2447 ter-
1241 2429 1242 2456 ,

219 2484 271 2527 rae
286 2475 399 2528 motum
416 2468 487 2527 item
512 2474 546 2528 ut
561 2469 631 2543 sotis
647 2467 812 2545 detiquium
828 2477 1056 2531 commemorat.
1080 2466 1166 2529 Grot-

218 2565 304 2623 serus
327 2546 390 2609 ne.
415 2555 431 2611 1
450 2546 487 2609 de
511 2547 609 2611 Croce
631 2548 704 2625 Cap.
729 2548 871 2612 XXXlil
892 2553 986 2612 veteri
1008 2550 1162 2611 traditione

218 2630 261 2689 ait
281 2648 346 2689 esse
368 2635 546 2705 acceptum,
570 2631 734 2691 Atverniae
755 2638 888 2692 montem
911 2635 940 2692 in
963 2630 1110 2703 Etruria,
1133 2636 1164 2691 et

217 2709 461 2771 Promontorium
484 2729 577 2789 prope
598 2709 735 2804 §ajetaru
757 2731 794 2773 eo
817 2719 1001 2775 terraemotu
1028 2726 1094 2773 esse
1123 2712 1167 2771 di·

218 2792 320 2861 scissa,
346 2798 378 2851 ut
394 2792 484 2853 hodie
499 2800 655 2869 apparent.
681 2792 787 2853 Petrae
809 2796 899 2855 etiam
922 2797 1032 2855 scissae
1043 2801 1112 2855 sunt
1129 2808 1165 2853 ex

219 2878 406 2935 terraemotu
428 2874 517 2933 otiam
541 2875 570 2933 in
593 2874 696 2935 Monte
717 2872 889 2953 Gotgotha:
919 2877 1000 2937 uode
1021 2874 1051 2936 S.
1075 2874 1166 2954 Cyrit-

218 2953 265 3014 lus
297 2952 592 3032 Hierosolymitunus
618 2954 775 3017 Catechesi
797 2955 828 3016 X
857 2976 887 3018 n.
912 2956 973 3019 39:
1011 2954 1164 3033 Gotgothor

218 3035 285 3104 irte,
309 3036 417 3111 inquit,
442 3035 569 3096 Sanctus
581 3038 804 3122 supereminens
817 3039 967 3119 hocusque
988 3039 1162 3117 conspicuus,

218 3126 308 3195 ntqoe
322 3117 356 3175 in
368 3125 551 3195 praesentem
567 3117 647 3176 diem
661 3116 748 3197 fidem
762 3118 893 3195 tociens,
912 3118 1055 3200 quomode
1066 3129 1163 3196 petrae

215 3208 340 3277 propter
364 3198 516 3261 Christum
549 3216 581 3257 eo
604 3208 735 3275 tempore
754 3213 823 3260 rent
844 3201 958 3261 rcisrm.
992 3199 1037 3261 lta
1058 3206 1089 3260 et
1107 3200 1162 3259 Lu-

218 3279 322 3341 cianus
345 3280 486 3357 Martyr,
520 3279 598 3356 apud
622 3279 771 3341 liuttinum
804 3280 940 3343 Historia
966 3280 1161 3342 Ecclesiastico

218 3355 292 3437 Cap.
310 3357 330 3419 6
352 3360 402 3437 qui
417 3360 605 3421 Christianae
621 3359 783 3439 Retigionis
797 3364 986 3424 defensorem
1015 3380 1104 3440 agens
1120 3361 1160 3420 sie

216 3439 400 3502 Praeshtenu
423 3444 608 3520 attoquitur:
630 3442 666 3504 st
680 3444 779 3504 rainer
794 3444 892 3506 adhuc
914 3444 1059 3513 creditur,
1081 3441 1160 3503 otte·

217 3523 285 3585 teto
300 3525 378 3587 uehis
399 3524 488 3587 edam
502 3525 558 3587 toci
578 3524 684 3603 ipsios,
710 3526 745 3585 ie
774 3544 831 3607 quo
844 3547 891 3588 rer
913 3537 995 3608 gesta
1018 3535 1070 3598 ert,
1091 3522 1159 3584 esti·
