2517 4059
579 188 640 269 fue
661 178 784 247 soce

206 310 250 371 ris
265 307 391 368 nudatio
403 317 606 386 repraesentat
618 311 717 387 ipsum
731 328 767 368 ne
779 324 884 368 oerum
897 307 1011 370 Christi
1025 308 1167 371 nudatio·

178 414 179 421 ¹
204 410 285 463 nem,
303 388 548 468 quondo‘nrililes
565 408 631 449 eum
646 391 869 469 spoliaverunt.
889 434 897 449 .
918 432 926 447 .
949 388 1054 449 Altero
1068 391 1168 469 iqitur

206 472 344 533 nudatur
360 470 503 549 quoniam
529 470 665 532 Christus
686 473 783 531 osuis
798 470 951 550 discipulis
966 472 1163 551 relinquitur,

204 553 349 615 Omnium
373 557 474 611 tamen
497 552 692 611 disertissime
715 551 840 630 hujusce
869 555 944 612 ritus
966 555 1112 632 mysteria
1133 572 1165 615 e·

205 640 347 697 numerat
368 631 520 711 Rupertus
543 632 656 702 Abbas,
681 652 777 711 eaque
799 634 916 696 dnobus
937 634 1171 713 comprehendit¹

205 736 240 779 ca
262 716 364 776 itibus.
839 713 843 719 ’

242 737 333 860 billi.
358 795 561 872 Perantiquus
584 802 614 857 et
637 798 665 855 in
688 801 816 872 utraque
839 794 974 858 Ecclesia
997 801 1168 878 receptissi-

207 900 277 951 mus
299 899 364 940 mos
387 879 444 938 init
465 878 603 937 abluendi
626 878 741 939 Altaria
763 880 793 937 in
821 879 869 939 die
891 877 1009 940 Coenae
1032 879 1168 940 Domini.

206 963 373 1025 Meminere
388 957 479 1036 hujus
496 960 581 1026 ritus,
596 967 749 1035 tamquam
765 963 942 1037 pervetusti,
957 963 1070 1037 totique
1092 964 1167 1025 olim

206 1044 377 1105 Christiano
400 1042 467 1101 orbi
483 1041 663 1113 communis,
680 1059 786 1117 graves
806 1049 837 1102 et
851 1043 966 1117 antiqui
990 1044 1171 1121 scriptores,

204 1128 320 1187 scilicet
336 1124 495 1191 Alcmene,
505 1121 540 1181 dc
556 1120 676 1182 Divinis
690 1120 801 1205 Officiis
816 1123 921 1201 Cupite
937 1122 973 1182 de
992 1122 1093 1185 Coena
1108 1124 1170 1184 Do·

205 1205 496 1277 ruini‚·An1alarius,
513 1200 601 1264 Libro
617 1202 653 1263 de
668 1200 882 1266 Ecclesiasticis
907 1202 1016 1289 Officiis
1041 1205 1121 1285 Cup.
1133 1205 1173 1265 de

210 1288 313 1351 Coeno
326 1287 465 1354 Domini;
476 1286 616 1345 ltabanus
627 1284 762 1355 Maurus,
777 1286 813 1346 de
828 1286 1021 1347 institutione
1037 1286 1170 1348 Clerico·

208 1388 277 1430 rum
299 1368 364 1428 Lib.
379 1366 407 1427 ΙΙ
423 1368 494 1444 Cap.
505 1366 557 1434 363
574 1364 725 1443 Repertus
739 1367 854 1436 Abbas,
871 1366 906 1427 de
922 1365 1042 1431 Divinis
1058 1366 1174 1451 Officiis

206 1448 274 1511 Lib.
290 1448 316 1510 V
331 1448 403 1524 Cap.
422 1447 473 1518 31;
487 1444 680 1508 Guiliieimus
695 1446 864 1517 Durandus,
877 1450 905 1508 in
923 1446 1084 1509 Rotiouoli
1094 1449 1169 1511 dioi-

207 1550 317 1592 norum
330 1529 500 1614 officiorum
512 1528 578 1590 Lib.
589 1527 631 1587 vl
646 1526 720 1606 Cap.
734 1529 785 1593 37.
793 1530 859 1590 Non
875 1536 991 1591 tantum
1003 1532 1175 1608 antiquitus

208 1614 321 1691 ubique
345 1612 521 1673 lavabantur
544 1610 660 1671 Altaria
682 1609 756 1671 seria
780 1612 852 1672 Vin
873 1610 974 1673 Coena
988 1613 1121 1681 Domini,
1137 1620 1173 1673 ut

210 1701 355 1756 statutum
380 1693 481 1753 iuerat
502 1692 531 1751 in
546 1691 661 1753 Ordine
682 1693 829 1765 Romano,
853 1695 905 1755 sed
927 1694 1036 1766 alicubi
1059 1695 1172 1779 ageba-

210 1783 259 1838 tur
282 1776 331 1836 bic
354 1776 432 1835 ritus
454 1774 590 1850 sequenti
613 1774 690 1833 ieria
710 1774 753 1835 vl
774 1777 804 1837 in
829 1794 1015 1852 parasceve,
1039 1776 1175 1851 quadie
1254 1837 1255 1846 ,

209 1860 333 1935 ponitur
356 1857 394 1917 ab
416 1853 544 1931 Hugone
568 1857 604 1917 de
625 1853 658 1914 S.
674 1854 799 1917 Victore
821 1859 851 1917 in
865 1860 982 1938 speculo
1004 1856 1039 1917 de
1061 1858 1175 1938 Myste-

210 1940 266 2001 riis
283 1938 445 1999 Ecclesiae.
469 1934 568 2010 Quem
585 1954 701 1997 morem
725 1940 823 1998 innuit
843 1943 935 2000 etiam
952 1940 1097 2017 Magister
1112 1938 1174 2000 Re
1254 1973 1255 1980 κ

209 2022 299 2098 gulae
322 2020 400 2095 apud
424 2016 603 2080 Menardurn
628 2020 656 2078 in
680 2022 757 2079 notis
779 2019 820 2077 ud
841 2018 964 2083 Librum
987 2018 1172 2081 sacramen·
1253 2083 1254 2092 ,

209 2112 310 2162 lorum
333 2100 363 2161 S.
388 2098 526 2177 Gregorii
559 2119 626 2178 pag.
651 2096 704 2160 88.
729 2100 856 2163 Veteres
878 2121 998 2179 quoque
1023 2100 1173 2163 Monacbi

210 2181 328 2243 Altaria
351 2182 467 2243 lavandi
491 2182 742 2243 consuetudinem
765 2184 929 2259 antiquitus
962 2190 1171 2259 usurparunt,
1253 2235 1254 2264 ,

211 2281 333 2339 eaque,
360 2263 407 2321 vel
431 2263 460 2320 in
482 2263 530 2321 die
552 2260 670 2322 Coenae
693 2264 837 2329 Domini,
865 2266 912 2323 rel
934 2266 1070 2343 sequenti
1093 2266 1171 2326 seria

212 2352 297 2405 sexta
322 2346 351 2402 in
369 2342 544 2408 Parasceve,
562 2362 618 2421 pro
634 2344 753 2405 diverso
767 2344 1025 2407 Monasteriorum
1044 2365 1113 2413 usu,
1126 2349 1174 2409 la·
1252 2401 1253 2417 ,

210 2444 283 2485 vare
297 2424 443 2487 solebant.
468 2424 577 2486 Nostra
601 2432 700 2487 tamen
716 2432 825 2499 aetate,
850 2446 920 2489 cum
943 2429 1081 2506 plurimis
1104 2429 1176 2490 aliis

210 2508 339 2583 antiquis
355 2508 498 2567 institutis
522 2508 570 2566 bic
593 2507 684 2567 etiam
707 2508 782 2568 ritus
804 2510 833 2567 in
857 2528 963 2570 eorum
980 2512 1174 2573 monasteriis

211 2591 332 2667 penitus
346 2590 503 2649 obsolevit.
529 2589 560 2648 ln
577 2588 677 2649 Coena
693 2589 811 2649 Domini
829 2591 942 2651 Altaria
958 2594 1029 2653 otim
1044 2593 1173 2655 abluere
1251 2641 1252 2654 r

211 2677 433 2732 consueverant
447 2671 602 2747 Anglicani
619 2668 759 2730 Monachi
782 2672 837 2735 sub
852 2673 1018 2734 Dunstano.
1043 2675 1104 2735 Alii
1119 2692 1174 2737 ea·

212 2752 280 2811 dem
304 2753 362 2819 die,
386 2754 437 2812 sed
461 2752 586 2831 majoris
608 2751 720 2812 Missae
744 2758 901 2830 tempore.
927 2753 1005 2815 iacta
1027 2756 1175 2833 Corporis

209 2832 359 2894 Dominici
382 2832 547 2895 elevatione
569 2834 684 2894 Altaria
708 2836 859 2896 lavabant.
887 2835 952 2895 Post
975 2839 1172 2899 elevationem

214 2915 506 2995 Corportscnrtsri,
531 2917 626 2991 inquit
649 2914 842 2976 Ordinarium
865 2915 896 2975 S.
910 2918 989 2979 Petri
1012 2938 1102 2998 supra
1120 2920 1176 2979 Di·

210 3015 306 3067 nam,
331 2999 455 3057 abluant
477 2994 647 3058 Sacerdotes
668 2998 732 3056 bini
754 3007 781 3055 et
804 2998 869 3058 bini
889 2998 1013 3059 Altaria
1030 3020 1087 3078 per
1110 3004 1176 3064 eir·
1250 3023 1251 3036 ¹

174 3075 180 3084 ’
211 3079 337 3149 ruitum,
361 3079 502 3138 dicentes:
525 3076 798 3140 Circumdederunt
820 3098 866 3137 me
888 3082 948 3141 oiri
969 3082 1173 3163 etc.Compe·

164 3206 167 3213 .
212 3160 342 3228 dienses,
368 3161 418 3235 qui
434 3158 587 3237 vesperas
610 3160 644 3217 in.
662 3160 727 3235 ipsa
740 3158 832 3219 Missa
855 3160 999 3226 leriaeV
1018 3165 1048 3223 in
1070 3163 1174 3227 Coena

212 3240 332 3303 Domini
356 3242 531 3308 recitabant,
555 3258 590 3301 ea
612 3239 705 3313 linita,
724 3242 826 3301 statim
849 3245 1040 3318 expellebant
1060 3264 1095 3306 ac
1117 3249 1174 3311 ab·

210 3324 331 3386 luebant
344 3323 471 3383 Altaria.
485 3321 576 3391 Alibi,
589 3326 619 3382 el
634 3325 798 3399 praecipue
814 3342 867 3400 per
879 3322 1085 3395 Germaniam,
1098 3348 1173 3410 age·

212 3406 303 3465 batur
325 3405 374 3465 hic
406 3406 482 3463 ritus
505 3404 609 3464 eadem
634 3405 683 3465 die
715 3413 851 3479 tempore
880 3407 1074 3475 reiectionis,
1098 3412 1171 3484 vei,

213 3487 237 3547 si
253 3484 396 3546 Monachi
411 3491 512 3547 essent
526 3486 654 3547 nimium
677 3486 824 3563 impediti,
841 3488 1037 3550 differebatur
1059 3492 1089 3551 in
1103 3510 1171 3554 cra·

212 3568 334 3630 stinum.
359 3566 556 3645 Praecipuum
581 3571 681 3629 tamen
697 3569 891 3647 mysterium,
914 3572 992 3647 quod
1015 3573 1044 3629 in
1060 3576 1171 3653 capiis
