2517 4059
580 165 804 283 masiae.

215 344 272 403 dici
295 347 392 419 potest
413 348 529 403 tantum
561 358 753 419 quacumque
774 341 851 402 bora
881 344 919 403 ab
940 359 1051 402 aurora
1072 360 1171 420 usque

216 424 253 486 ad
275 426 444 485 meridiem.
468 423 513 484 lta
535 442 573 486 ex
596 423 725 484 Rubrioa
746 423 886 490 Missalb,
908 429 940 485 et
960 441 997 483 ex
1016 422 1091 503 Cap.
1108 424 1171 487 Ne-

217 525 290 569 cesse
313 519 352 568 cst
374 506 408 567 de
426 506 655 570 consecratione
671 506 741 566 dist.
759 504 787 565 1.
811 506 890 566 Hinc
913 523 969 565 non
985 512 1084 583 potest
1104 525 1170 569 am·

150 656 153 672 ¹
215 592 292 669 plius
315 607 393 650 nunc
422 589 568 649 celebrari
592 596 730 665 ternpore
751 586 929 665 vespertino
959 606 996 649 ex
1017 588 1171 651 Constitu-

215 674 295 732 tione
318 670 359 729 lv
382 672 412 731 S.
436 670 479 729 Pii
501 670 528 730 V
550 672 640 749 incip.
664 670 887 738 Sanctissimae,
910 670 969 730 ubi.
985 673 1085 730 omnia
1107 672 1171 748 pri-

215 754 324 829 vilegia
346 754 442 829 quoad
466 752 523 813 hoc
540 757 815 821 revocantur31uec
838 758 903 829 post
925 751 1031 813 boram
1048 751 1169 813 Nonam

112 878 115 883 -
215 854 252 897 ex
274 833 489 896 Constitutione
510 834 586 897 XIV
608 835 773 895 iunocentii
795 832 838 893 IV
859 834 949 912 incip.
974 834 1033 895 Sub
1058 836 1169 899 Catto-

215 919 302 979 licuc.
328 917 430 990 Quare
452 936 529 977 nunc
551 918 634 977 iuxta
656 915 762 976 Solum
787 922 906 994 tempus
927 922 1072 977 statutum
1096 916 1171 978 Mis.-

215 1003 255 1061 sis
277 1000 464 1060 celebrandis
496 999 533 1059 ab
555 999 638 1059 initio
662 999 797 1058 Aurorae
819 1016 915 1073 usqne
945 997 983 1057 ad
1005 998 1169 1059 Meridiem

216 1100 411 1159 quocumque
434 1090 569 1158 tempore
591 1082 660 1141 anni
683 1080 826 1148 decurrit,
850 1081 904 1139 nisi
921 1080 1008 1141 aliter
1031 1099 1068 1141 ex
1091 1099 1174 1141 novo

215 1165 373 1241 privilegio
402 1180 577 1223 eoncessum
601 1162 704 1223 luerit.
729 1162 762 1222 ln
785 1163 874 1221 terris
894 1160 1059 1222 infidelium
1090 1163 1172 1222 cele-

216 1246 299 1306 brari
323 1252 419 1321 polest
441 1263 499 1305 una
523 1245 597 1305 hora
620 1249 689 1304 aule
705 1244 865 1312 Auroram,
890 1248 921 1304 et
935 1262 993 1304 una
1008 1243 1083 1303 bora
1101 1252 1171 1321 post

215 1328 373 1387 meridiem
397 1345 434 1385 ex
449 1326 667 1389 Constitutione
688 1325 773 1387 Pauli
795 1324 821 1385 V
844 1322 895 1386 Ec
915 1327 1060 1387 omnibus.
1077 1326 1172 1386 Missa

216 1414 317 1469 autem
335 1408 555 1473 Conventualis.
574 1416 603 1469 et
616 1409 766 1469 Solemnis
788 1407 844 1466 hoc
867 1408 972 1467 ordine
993 1409 1051 1466 dici
1066 1408 1169 1468 debet.

216 1491 250 1552 ln
275 1491 357 1550 lestis
380 1491 559 1567 duplicibus,
583 1497 615 1551 et
635 1490 901 1567 semiduplicibus‚
926 1488 1112 1557 Dominicis,
1137 1497 1170 1551 et

216 1572 293 1634 inira
315 1570 446 1633 Octavas
462 1573 526 1633 'dici
550 1573 639 1633 debet
660 1579 727 1650 post
747 1573 857 1631 dictam
880 1574 908 1631 in
931 1570 1030 1632 Cboro
1053 1572 1165 1631 boram

215 1655 358 1715 Tertiam.
383 1654 427 1714 lla
449 1673 484 1715 ex
508 1654 661 1715 Amalario
681 1653 749 1713 Lib.
772 1653 815 1715 ΙΙΙ
837 1651 910 1729 Cap.
935 1651 996 1721 tl,
1020 1654 1111 1731 idque
1132 1672 1171 1715 ea

214 1737 341 1797 fortasse
374 1738 486 1796 ratione
518 1742 738 1815 praeceptum,
768 1736 845 1812 quod
875 1753 910 1795 ea
932 1734 1008 1796 hora
1029 1734 1175 1797 Christus-

218 1822 248 1879 in
265 1817 392 1879 Crucem
417 1819 584 1879 ascenderit
606 1820 681 1879 idest
704 1818 810 1892 linguis
832 1816 1012 1877 ludaeorum
1035 1818 1170 1877 clamau-

216 1902 290 1962 tium
311 1900 469 1981 Crucifipn
493 1902 576 1977 quasi
592 1899 683 1969 Cruci
705 1898 811 1960 affixus
833 1901 889 1969 sit3
913 1900 961 1959 vel
983 1900 1052 1975 quia
1075 1903 1109 1959 ut
1124 1901 1168 1960 ait

214 1982 406 2060 liudulphus,
426 1983 498 2042 bora
521 1984 608 2043 tertia
631 1984 741 2042 missus
762 1979 818 2041 luit
833 1980 960 2058 Spiritus
976 1980 1115 2042 Sanctus.
1133 1980 1168 2041 ln

217 2066 303 2125 iestis
326 2064 537 2143 simplicibus,
562 2070 592 2123 et
613 2063 695 2125 ieriis
717 2081 772 2139 per
794 2081 904 2122 aunirrn
929 2062 1061 2141 Liturgia
1081 2080 1171 2125 sacra

215 2145 352 2207 habenda
378 2153 423 2206 est
445 2152 513 2225 post
528 2146 650 2207 Sextum
673 2147 782 2205 dictam
807 2146 836 2203 in
851 2143 960 2205 Cboro.
978 2144 1010 2205 ln
1028 2145 1169 2206 Adventu

216 2234 327 2295 autern,
352 2227 598 2303 Quadragesima‚
622 2228 757 2301 Quatuor
781 2228 984 2305 temporibus,
1008 2229 1098 2286 etiam
1121 2228 1169 2287 in-

214 2310 260 2370 ira
283 2307 428 2369 Octavam
453 2307 662 2377 pentecostes,
685 2328 721 2369 ex
746 2308 860 2387 Vigiliis
880 2327 957 2385 quae
978 2308 1169 2387 jejunantur,

215 2391 352 2469 quamvis
364 2392 422 2451 sint
436 2392 500 2452 dies
515 2391 674 2460 solemnes,
684 2390 772 2451 Missa
786 2392 823 2452 de
835 2389 970 2467 temp'ore
984 2392 1099 2451 cantari
1113 2391 1170 2450 de·

215 2474 267 2535 bet
289 2478 356 2551 post
379 2471 505 2536 Nonam.
528 2471 679 2533 Cantanda
701 2478 746 2533 est
767 2479 832 2552 post
854 2472 974 2533 Sextum
997 2474 1027 2533 in
1049 2471 1172 2533 Proles-

216 2558 272 2626 tis‚
297 2556 398 2631 qualia
420 2562 490 2617 sunt
510 2554 586 2615 lesia
608 2555 767 2631 simplicia,
790 2560 820 2616 et
839 2554 950 2623 Feria,
975 2556 1045 2631 quia
1069 2558 1103 2614 ut
1123 2556 1168 2614 ait

216 2638 363 2698 Alouinus
384 2636 451 2697 Lib.
469 2636 483 2696 l
504 2636 575 2715 Cap.
594 2636 654 2696 113
668 2633 804 2696 Christus
826 2636 900 2696 bora
924 2644 1005 2696 sexta
1028 2635 1170 2697 manibus
1187 2678 1192 2686 -

216 2718 379 2781 Gentilium
403 2717 565 2780 crucifixus
586 2725 642 2780 est.
659 2717 784 2779 Laetitia
807 2719 835 2777 in
851 2715 948 2779 Festis
969 2718 1076 2779 boram
1093 2716 1169 2778 Ter-

218 2804 291 2862 tiam
315 2802 467 2877 requirit,
491 2800 590 2861 luctus
612 2800 739 2861 Nonam.
763 2798 914 2861 Cantanda
936 2818 1009 2860 vero
1032 2805 1077 2861 est
1099 2808 1168 2877 post

215 2885 332 2946 Nonam
355 2885 384 2942 in
408 2882 513 2943 diebus
533 2881 718 2961 jejuniorum
740 2882 809 2958 quia
833 2888 865 2942 ut
891 2883 934 2942 ait
954 2881 1165 2958 Micrologus,

214 2966 363 3046 jejunium
388 2966 458 3026 olirn
481 2965 622 3042 usquead
638 2973 796 3041 vesperam
813 2964 1055 3041 protrahebatur.
1072 2964 1167 3024 Missa

216 3048 436 3110 Deiuuctorum
460 3046 584 3106 dicenda
604 3053 651 3108 esi
672 3051 739 3123 poet
759 3046 889 3106 Primam
913 3046 994 3117 diei;
1017 3049 1064 3107 est
1084 3047 1168 3106 enim

215 3130 439 3208 properandum
470 3130 499 3188 in
530 3128 681 3204 suffragiis
708 3127 938 3188 Delunctorum.
963 3128 996 3187 ln
1025 3128 1073 3188 die
1092 3144 1170 3188 vero

216 3211 516 3275 Commemorationis
527 3211 662 3270 omniurn
675 3207 823 3270 Fidelium
837 3208 1167 3278 ueliiactorumlltissa

215 3292 425 3355 Conventualis
448 3299 512 3369 post
526 3290 640 3350 Nonam
663 3291 782 3356 dicitur,
804 3293 874 3368 quia
896 3308 931 3351 eo
947 3292 995 3353 die
1017 3299 1064 3353 est
1083 3292 1184 3369 pring

216 3375 329 3455 cipalis,
355 3380 385 3435 et
406 3375 476 3452 qula
498 3372 625 3451 denique
649 3372 723 3434 hora
738 3372 822 3433 Nona
843 3375 992 3433 moeroris
1012 3379 1068 3446 est,
1085 3373 1167 3433 utin

215 3458 265 3520 die
290 3456 403 3535 'ejunii

256 3478 296 3600 lfl
320 3536 492 3599 Generatim
516 3536 678 3617 loquendo,
695 3536 881 3599 Sacrificium
901 3536 1010 3597 Missae
1031 3537 1060 3595 in
1075 3534 1162 3595 Tem·

215 3619 272 3696 plis
292 3619 329 3681 ab
345 3616 555 3700 Episcopo‚ed
578 3637 669 3697 quern
692 3620 789 3683 solum
806 3618 1041 3683 Consecrationia
1055 3623 1162 3679 aucto·
