2517 4059
479 208 704 278 wb53ss·

100 334 231 404 etesiae,
256 318 345 414 cujus
367 337 444 405 ioco,
468 343 499 397 et
521 337 585 396 vice
610 337 765 407 Sacerdos,
789 343 822 398 ut
843 336 979 397 Minister
1001 335 1070 415 ejus

99 416 274 484 sacrificat,
298 422 329 477 et
344 425 420 486 orat,
444 420 587 496 seipsum,
611 426 642 479 ct
656 420 730 478 otios
744 426 925 496 peccatores-
943 436 1070 493 pronun-

99 499 211 566 tians,
243 517 361 559 memor
384 500 497 560 scilicet
522 501 621 560 dilecti
650 500 733 562 iltius
758 500 870 562 Christi
893 500 1065 576 Disciputi3

99 581 157 657 qui
184 581 255 640 ticet
276 581 315 641 ob
337 583 416 640 vitae
439 599 512 642 suae
535 584 717 658 puritatem,
741 589 772 642 et
795 582 993 643 innocentiam
1017 599 1067 642 su-

99 679 160 738 pra
177 669 282 739 pectus
298 663 415 722 Domini
439 664 616 723 recumbere
640 665 817 734 meruissem
841 666 887 724 sni
911 663 1001 741 ipsius
1023 668 1068 724 ts·

97 761 175 803 rnen
196 787 204 812 ‚
228 751 258 804 et
279 745 550 820 condiscipulorum
573 762 725 815 suorum,
749 747 900 822 totiusque
922 745 1068 804 conditio·
1143 819 1147 824 .

98 826 150 885 nis
175 826 328 886 humanae
359 826 550 903 fragititatem
578 843 637 886 non
662 828 809 889 dubitavit
837 844 1001 902 agnoscere
1022 826 1067 885 dt-

98 907 222 967 cendo:
247 908 280 970 Si
302 907 469 968 disserimus
491 911 636 986 quoniam
655 920 809 988 peccatum
831 927 893 968 noo
914 910 1063 977 bohemos,

98 989 164 1069 ipsi
188 1007 240 1049 nos
261 989 439 1057 seducimus,
464 1000 491 1050 et
513 992 622 1050 ueritas
643 990 680 1050 s'o
702 992 783 1051 nobis
805 1008 865 1049 ooo
888 1000 939 1050 est.

144 1069 335 1132 ll.'Pcracta
357 1071 560 1141 Sanctorum,
584 1077 615 1132 et
638 1070 817 1133 Sanctarum
840 1073 1063 1141 emundatione,

99 1151 208 1212 subdit
229 1152 386 1221 Sacerdos,
409 1154 495 1214 intro
517 1171 644 1232 psoram
664 1174 717 1214 nos
738 1155 916 1214 consortium
939 1172 998 1212 non
1019 1170 1065 1212 oe-

7 1301 8 1306 *
99 1235 241 1294 stimotor
254 1236 356 1294 meriti
370 1239 430 1296 etc.
455 1251 513 1294 uon
536 1234 648 1296 debent
668 1237 747 1296 sumi
768 1237 799 1295 iu
816 1236 874 1296 hoc
889 1253 990 1303 sensu,
1007 1235 1064 1294 sci-

100 1315 186 1386 licet,
211 1316 289 1393 quod
306 1317 388 1376 Deus
409 1316 557 1375 bonorum
582 1318 761 1377 meritorum
785 1320 902 1378 nonsit
925 1320 1064 1378 aestima·

101 1402 174 1469 tora
198 1403 244 1458 est
265 1399 345 1458 enim
369 1416 426 1458 non
449 1402 565 1458 tanturn
588 1399 782 1464 aestimator,
806 1398 859 1459 sed
880 1399 958 1459 nitra
979 1416 1063 1458 men·
1101 1447 1106 1454 .
1174 1391 1181 1406 “

99 1495 207 1540 suram
231 1496 350 1556 quoque
373 1495 537 1560 generosus
560 1487 795 1542 remunerator:
823 1486 985 1555 usurpatur
1009 1481 1063 1539 ita·

7 1605 9 1622 .
100 1578 162 1638 que
185 1561 226 1620 ibi
250 1561 392 1622 meritum
415 1563 509 1622 rotate
531 1561 567 1620 ad
584 1563 625 1631 id,
642 1562 721 1638 quod
746 1569 867 1639 peccata
883 1569 982 1622 nostra
1001 1579 1064 1622 me·

100 1649 235 1714 rentur3
263 1644 376 1703 habent
397 1644 476 1704 enim
506 1647 537 1704 ct
558 1651 681 1719 peccata
703 1645 847 1705 meritum
870 1661 985 1711 suum,
1010 1644 1064 1703 scd

100 1727 229 1796 molum,
253 1725 334 1803 quod
358 1726 462 1801 poenis
483 1726 673 1795 retribuitur,
699 1730 731 1786 et
745 1723 988 1790 adversitatibus,
1012 1723 1063 1802 ju·

7 1829 9 1862 i
99 1813 151 1866 xta
174 1807 246 1868 iitud
270 1817 393 1886 proptor
415 1813 540 1884 peccota
560 1809 686 1867 veniunt
707 1806 842 1871 adverso.
866 1803 945 1866 Hinc
968 1804 1063 1866 Divus

7 1907 8 1962 ᾗ
100 1887 291 1966 Augustinus
314 1888 406 1949 Libro
429 1889 464 1947 do
485 1905 563 1948 coro
578 1907 639 1967 pro
660 1891 787 1950 menois
807 1888 881 1964 Cap.
906 1888 920 1948 l
942 1887 984 1946 sic
1007 1887 1061 1946 ha·

7 1965 9 1988 ¹
99 1969 178 2029 bet:
207 1968 344 2044 Quorum
375 1981 437 2031 tom
460 1971 541 2029 moia
562 1981 634 2030 sont
655 1973 791 2042 morito,·
819 1977 851 2030 ut
883 1970 986 2046 itaque
1008 1985 1063 2044 per

7 2043 9 2114 ῗ
100 2051 170 2112 lesu
193 2051 305 2112 Christi
330 2052 428 2119 bona,
452 2068 487 2112 ac
511 2050 624 2113 infinita
647 2054 777 2119 merita,
801 2052 888 2112 venia
910 2051 1062 2113 tribuatur

7 2151 9 2174 t
100 2134 218 2194 meritis
240 2135 325 2194 matis
348 2135 468 2201 nostris,
484 2139 597 2194 etcum
621 2134 805 2195 adstantibus
828 2135 989 2210 praecipue
1009 2131 1062 2191 ad·

101 2215 240 2278 mittatur
274 2218 302 2274 in
325 2213 442 2282 Coele,
470 2215 616 2276 Sacerdos
649 2217 865 2293 prosequitur:
890 2212 949 2273 Per
974 2231 1063 2292 qoam
1168 2251 1174 2261 ·

7 2325 9 2346 τ
100 2297 170 2356 hess
203 2299 306 2374 omnio
329 2298 456 2357 Domine
486 2314 600 2374 sempor
624 2298 700 2357 bono
722 2315 817 2357 orsos.
841 2295 1061 2358 intermiscitur

8 2435 9 2438 ,
101 2379 229 2438 orationi
256 2379 435 2440 huiasotita
458 2377 613 2438 clausula:
638 2375 698 2438 Por
723 2379 877 2441 Christum
897 2376 1062 2436 Dominum

102 2469 258 2525 nostrum,
283 2477 373 2534 quam
398 2459 544 2520 Sacerdos
573 2459 692 2537 profert
720 2459 892 2520 immediate
919 2464 988 2517 ante
1009 2458 1062 2518 iiia

9 2534 10 2584 ἒ
101 2541 203 2608 amba,
224 2542 276 2601 Per
298 2559 383 2618 qoam
398 2543 468 2600 boec
490 2543 593 2599 omnio
608 2547 666 2602 eto.
692 2543 762 2618 quia
777 2539 916 2602 Christus
937 2541 1001 2614 ipse
1016 2539 1062 2597 di·

102 2621 155 2686 xit.
175 2641 261 2681 nemo
282 2621 366 2683 eadit
387 2621 428 2686 od
444 2621 568 2682 Petram
590 2623 651 2681 nisi
666 2639 801 2698 perros:
822 2621 887 2696 ipse
909 2621 1002 2683 enim.
1025 2624 1061 2680 ut

8 2707 9 2724 ³
103 2701 229 2764 babetur
251 2703 368 2764 ioanrris
390 2704 462 2780 Cap.
486 2703 517 2763 X
540 2715 580 2764 cst
603 2703 706 2764 Pastor
725 2705 847 2770 coium,
872 2712 899 2761 st
923 2701 1010 2763 coitis
1030 2719 1061 2759 o·

9 2817 11 2874 p
102 2785 201 2844 stiam.
220 2783 288 2844 Post
304 2787 469 2846 ctausutam
486 2784 545 2844 Per
563 2785 716 2846 Christum
733 2783 899 2843 Dominum
921 2792 1061 2845 nostrum

9 2881 10 2895 ¹
103 2883 144 2926 ex
166 2864 297 2927 Robrica
321 2885 376 2926 non
401 2868 582 2944 praecipitur
603 2866 661 2925 dici
684 2872 787 2936 Amen,
812 2864 957 2925 uidetur
979 2863 1060 2924 intet-

102 2946 173 3026 tagi,
197 2949 277 3024 quod
300 2949 434 3008 clausula
459 2949 533 3009 baec
555 2947 744 3008 connectitur
765 2963 819 3006 seu
842 2947 1061 3006 connexionem

103 3034 201 3090 servat
222 3048 290 3091 cum
315 3031 361 3090 his
375 3027 435 3089 Per
449 3049 535 3109 poam
556 3037 616 3090 etc.
642 3036 676 3090 ut
696 3029 827 3089 advertit
841 3027 906 3088 bist
928 3024 1002 3102 Cap.
1018 3025 1061 3086 eo

9 3127 10 3170 ξ
103 3118 132 3172 ei
151 3107 304 3172 Gavantus
329 3113 405 3183 hic3
440 3119 471 3174 et
495 3117 713 3189 consequenter
745 3109 910 3170 orationem
936 3112 1060 3170 omnino

8 3227 9 3256 r
103 3193 197 3266 mbos
219 3195 413 3264 continuari,
441 3201 471 3254 et
492 3197 529 3254 sd
552 3193 680 3255 eaodem
700 3190 830 3253 &nonis
852 3198 969 3268 partem
991 3208 1060 3268 spe·

103 3281 194 3338 ctare.
219 3275 285 3336 Mos
308 3281 375 3334 erat
395 3276 466 3335 oiim
490 3275 593 3353 iruges
615 3275 651 3334 ad
675 3271 1060 3341 desumpsissent

104 3375 140 3419 ex
165 3356 317 3417 veteribus
339 3357 509 3418 Missalibus
534 3364 565 3418 ct
586 3356 728 3433 Liturgtis
755 3354 934 3431 comprobat
954 3351 1058 3412 Cardi-

104 3437 268 3500 uaiisboua
292 3437 358 3498 Lib.
375 3437 403 3497 11
426 3437 497 3516 Cep.
516 3437 556 3498 ib
578 3457 663 3500 num.
679 3436 711 3497 5:
734 3435 848 3504 dieite,
872 3435 978 3512 inquit,
1001 3436 1059 3495 W

8 3543 9 3572 2
103 3519 242 3590 motione,
263 3529 330 3598 post
351 3521 519 3586 ditaveris,
537 3522 668 3596 turpiter
687 3516 823 3586 admitto,
838 3517 865 3578 si
878 3534 973 3577 nonos
993 3515 1057 3592 [roe

105 3621 170 3683 pes,
194 3611 250 3672 sot
273 3602 419 3682 quoslibet
440 3603 528 3670 otio,
551 3601 694 3663 homenis
714 3600 815 3662 ositos
835 3599 1055 3671 inservientia,
