2517 4059
458 213 681 287 wirtem-

464 423 589 486 CAPUT
612 425 686 486 XX.

290 608 331 648 DE
356 606 555 648 montlieu:
578 607 679 648 Olim?
703 608 844 650 Pleiades
853 636 860 656 ‚

313 691 352 730 ET
376 687 418 730 llll
441 687 597 742 secantis
618 689 845 731 ouldton'tat'S.

140 836 165 898 1.
190 835 352 906 Oratione,
380 830 499 914 Sasoipe
516 833 627 896 Sancta
648 829 800 902 Trinitas,
824 833 861 893 ad
884 832 974 895 finem
991 854 1057 912 pcr-

93 920 210 982 dueta,
233 916 379 977 Sacerdos
401 917 556 977 osculatur
579 915 703 984 altare,
728 934 761 975 se
776 915 814 974 ad
830 917 972 992 populum
991 934 1057 976 rer-

96 1002 146 1068 lit‚
172 1017 279 1062 manus
300 998 445 1066 extendit,
469 998 635 1058 etiterum
659 995 769 1076 jungit,
792 1005 824 1056 ct
846 997 935 1058 dicit:
965 997 1057 1058 Orate

93 1079 240 1148 Fratres,
264 1085 297 1142 ut
318 1081 471 1141 adstantes
493 1083 654 1158 gesta-ac
677 1097 749 1138 voce
771 1078 808 1138 ad
833 1081 1056 1140 meditationem

93 1165 233 1231 excitet,
257 1179 389 1240 suosque
412 1158 536 1223 Fratres
560 1159 712 1220 adstantes
735 1169 898 1238 nuncupat.
922 1160 990 1224 Hoc
1006 1180 1059 1224 eos

96 1246 222 1306 nomine
245 1243 276 1304 S.
301 1244 470 1324 Cyprianus
493 1241 528 1301 de
549 1240 696 1301 Oratione
712 1243 875 1304 Dominrra
898 1251 964 1321 post
980 1245 1060 1320 lipo-

96 1327 212 1390 stolum
235 1327 416 1403 appellabat.
440 1325 543 1402 Atque
568 1325 606 1382 ita
624 1322 662 1381 ab
680 1324 830 1384 Ecclesiae
852 1327 975 1384 exordio
991 1324 1060 1385 lide·

97 1411 145 1471 les
167 1426 199 1468 se
221 1413 324 1468 mutuo
346 1408 516 1469 vocabant:
541 1405 678 1465 uniuersi
699 1423 749 1465 aaa
771 1417 798 1466 et
820 1405 934 1483 sinpnlr'
950 1405 1061 1486 [ratleo

97 1491 192 1559 estis,
220 1489 315 1565 inquit
337 1489 489 1550 Arnobius
514 1505 553 1548 aa
577 1485 676 1548 eodem
696 1497 784 1567 patre
802 1487 928 1556 Christo,
945 1488 1062 1548 eadem-

98 1591 159 1652 qne
176 1580 271 1631 matra
288 1569 420 1629 Ecclesia
436 1570 513 1630 nati.
541 1567 737 1644 Prosequitur
753 1575 883 1630 secreto:
901 1580 933 1629 nt
950 1588 1061 1638 meam,

97 1672 137 1713 aa
160 1661 290 1712 vestram
313 1651 504 1731 Sacrificium
528 1650 708 1730 acceptabile
729 1649 767 1710 rit
788 1650 870 1728 apud
891 1650 987 1710 Deam
1004 1648 1061 1709 Pa·

101 1745 181 1796 trem
208 1729 458 1812 omnipotentem.
483 1731 566 1794 Olim
589 1731 734 1791 Sacerdos
758 1732 785 1790 id
810 1751 901 1792 unrrrn
925 1732 1059 1794 dicebat:

106 1815 214 1884 Orate,
239 1817 299 1886 vel,
327 1809 418 1874 Orate
437 1834 493 1895 pro
515 1832 562 1872 me
582 1823 745 1893 peccatore.
772 1812 805 1871 lu
822 1809 930 1874 Usibus
951 1815 1062 1874 Cister-

102 1897 257 1958 ciensibus
280 1902 394 1956 tantum
419 1899 549 1974 legitur:
581 1893 685 1963 Orate,
709 1893 844 1970 fratres,
866 1914 924 1976 pro
946 1915 991 1954 me
1003 1913 1065 1972 pec·

102 1988 205 2040 catara
238 1979 278 2040 ad
302 1976 464 2038 Dominam
489 1975 586 2036 Deam
616 1985 763 2034 nastrum.
788 1974 821 2034 ln
844 1975 954 2037 Codice
976 1975 1062 2036 Tilia-

104 2081 145 2122 no
169 2061 242 2120 haec
265 2060 424 2137 postulatio
447 2062 491 2118 sic
513 2059 717 2135 exprimitur:
746 2055 839 2118 Orate
857 2079 917 2139 pro
932 2078 978 2118 me
994 2077 1062 2138 pac-

102 2153 203 2204 catore
225 2142 360 2220 fratres,
384 2150 411 2201 et
434 2157 572 2200 sorores.
596 2149 631 2198 nt
653 2157 773 2202 meam.
803 2151 829 2200 et
852 2152 981 2202 oestrnm
1009 2137 1064 2200 Sa-

102 2223 255 2304 crificium
278 2230 432 2301 acceptam
456 2223 507 2301 fiat
531 2219 663 2280 Domina
685 2218 746 2278 Deo
768 2222 965 2300 omnipotenti
993 2232 1064 2294 ante

101 2303 290 2382 connectam
313 2321 411 2364 snam.
435 2302 544 2363 Graeci
569 2319 689 2378 qrroque
711 2301 888 2364 Sacerdotes
912 2323 965 2380 pro
981 2321 1013 2362 se
1036 2303 1063 2362 in

101 2406 159 2448 sua
180 2385 313 2464 Liturgia
338 2383 442 2460 Populi
464 2383 625 2444 Orationes
649 2389 799 2460 poscunt,
827 2391 860 2445 ut
882 2392 964 2445 notat
984 2382 1065 2444 Goar

102 2470 142 2528 ad
153 2466 290 2528 'Missam
313 2465 531 2544 Chrysostomi.
569 2464 715 2525 Sacerdos
738 2466 812 2524 dicit
839 2486 938 2526 meam
960 2484 996 2525 ac
1016 2483 1064 2525 ae-

103 2559 201 2611 stram
227 2545 421 2627 Sacrificium
436 2547 507 2624 quia
523 2547 605 2606 iuxta
621 2554 756 2607 veterem
774 2544 930 2607 Ecclesiae
949 2564 1063 2606 morem

102 2648 210 2692 omnes
232 2631 387 2692 afferrent,
411 2629 568 2688 additare
588 2626 642 2686 llei
665 2645 770 2704 paoem
796 2634 827 2688 et
850 2629 965 2691 vinum,
986 2645 1065 2704 quae

102 2710 258 2774 Sacrificio
281 2711 493 2770 inserviebant.
522 2709 649 2786 Propter
675 2710 859 2770 oblationem
887 2707 1063 2787 hujusmodi

102 2793 292 2856 Sacrificium
309 2791 345 2850 ad
361 2792 512 2851 adstantes
528 2793 631 2866 aliquo
648 2789 736 2850 modo
755 2793 898 2868 pertinet.
924 2789 986 2850 Nec
1004 2797 1061 2862 est,

103 2875 185 2955 quod
203 2892 280 2935 nunc
296 2875 374 2933 dicta
391 2873 502 2934 oblatio
517 2873 665 2933 materiae
688 2873 812 2930 cessarit
828 2895 837 2943 ;
861 2891 928 2931 nam
945 2873 968 2930 si
987 2888 1064 2931 nnnc

105 2976 165 3017 non
180 2954 214 3018 fit
229 2955 401 3016 immediate
425 2956 509 3034 panis
524 2959 555 3014 et
570 2953 629 3012 viui
646 2953 771 3016 oblatio.
794 2951 828 3012 fit
846 2955 974 3012 mediate
994 2971 1064 3012 cum

105 3037 211 3100 fideles
227 3040 273 3098 vel
291 3038 411 3112 stipem.
436 3055 490 3098 seu
512 3037 737 3115 eleemosynam
760 3035 928 3095 conterant.
948 3033 1065 3095 Dictam

105 3121 283 3182 Orationem
301 3115 390 3180 Orate
406 3114 529 3179 Fratres
545 3136 562 3178 a
579 3115 737 3197 lladulpho
750 3119 897 3178 asseritur
913 3117 1005 3177 luisse
1022 3118 1065 3175 in-

108 3203 243 3264 stitutam
267 3221 282 3260 a
306 3200 337 3260 S.
357 3200 453 3261 leone
469 3199 493 3258 l.
517 3200 673 3260 Gavantus
697 3206 780 3278 putat
802 3199 838 3257 de.
854 3217 890 3259 ea
905 3207 973 3258 ante
990 3197 1068 3258 leo-

107 3301 177 3344 nem
201 3283 382 3343 mentionem
405 3283 513 3344 lecisse
536 3281 688 3342 Soterum.
715 3279 864 3358 letojus
882 3280 1067 3340 invitationis

108 3366 271 3444 praecipua
294 3381 383 3422 causa
407 3382 484 3440 quae
507 3363 608 3423 adlrnc
631 3364 756 3428 obtinet,
780 3380 815 3421 ea
838 3368 896 3430 est,
921 3378 980 3438 qua
997 3380 1065 3439 pro-

107 3449 299 3525 pius·tamen
322 3444 467 3506 Sacrificii
491 3450 611 3520 tempus
633 3452 700 3508 est.
724 3462 759 3502 eo
784 3445 879 3522 magis
901 3444 1009 3515 oratio,
1034 3448 1067 3504 et

109 3530 236 3590 attentio
259 3527 434 3603 requiritur.
459 3526 497 3587 So
520 3527 643 3604 quidem
667 3525 813 3586 Sacerdos
835 3531 1008 3603 comparat,
1033 3530 1067 3586 ut

112 3612 141 3668 in
166 3607 280 3670 Sancta
302 3607 487 3670 Sanctorum
506 3607 615 3687 pcdcm
640 3607 758 3681 inierat,
783 3615 814 3670 et
836 3612 869 3670 ut
890 3608 931 3669 ita
952 3607 1063 3675 dicam,
