2517 4059
432 213 638 285 ⁴273&-

70 349 96 390 ee
108 334 317 396 verberantem
334 336 463 399 affirmat
486 338 593 401 Petrus
610 340 768 401 blesensis.
793 340 872 400 l’arre
893 346 924 399 et
939 358 1016 417 aqua

69 413 254 491 jejunabatur
279 424 311 477 ut
332 436 369 479 ex
385 416 516 481 Concilio
534 423 774 499 Aqrriegranense
795 421 950 485 erronee
971 440 1020 500 pe·

65 501 122 585 Ιίθιτ
145 497 183 555 Ie
201 500 363 561 Pae-ascrae
377 502 452 562 nihil
466 502 562 569 aliod,
586 505 648 565 nisi
657 506 759 585 persis,
783 514 809 563 et
823 520 904 583 aqua
919 521 1020 563 euma-

70 587 123 637 tur.
157 578 292 657 leirenari
315 584 470 657 usquead
494 584 660 661 vesperam
680 584 767 663 jubet
787 584 951 646 Concilium
974 584 1017 644 lV

69 657 251 731 toletanum,
268 664 482 742 indignumque
504 668 639 727 declarat
658 666 1017 727 Communionel’ascha·

69 740 94 807 li,
115 744 164 816 qui
188 743 226 802 ad
253 744 358 804 boram
381 765 489 807 noriam
513 751 684 809 manducat.

102 822 181 884 Vlll.
198 824 263 885 Ter
277 824 413 887 Christus
430 832 596 901 passionem
612 848 697 893 suem
722 828 879 907 Discipulis
900 830 1017 907 praedi-

69 904 113 971 rit,
136 912 171 964 ut
193 908 408 967 animadvertit
430 908 555 972 loannes
576 913 747 988 Stephanus
768 910 946 973 Merrachius
969 906 1017 968 tr-
1105 951 1109 960 ·

68 985 113 1043 bro
138 986 241 1049 Vide
274 989 344 1049 Vita
369 988 491 1050 Christi.
526 986 599 1071 Cap.
624 994 644 1052 3
671 992 742 1066 Η.
768 992 903 1052 Primum
936 992 1015 1067 apud

67 1064 248 1143 Malthaeum
265 1068 339 1147 Cap.
357 1066 430 1129 xvi
449 1090 476 1131 v.
494 1070 529 1132 at
545 1075 654 1133 iterum
671 1074 874 1147 spectarem
891 1070 1018 1149 Cap.lX

69 1164 93 1203 v.
109 1146 143 1207 tr
170 1152 264 1211 tertio
286 1152 365 1228 apud
380 1153 522 1213 eumdem
539 1154 728 1216 biatthaecm
742 1154 815 1231 Cep.
833 1153 895 1215 XX
913 1173 942 1213 v.
963 1153 1013 1213 ts.

68 1225 212 1292 Praedixit
235 1240 337 1293 autem
361 1234 400 1292 ab
421 1252 488 1293 eam
513 1254 587 1303 rem,
613 1244 646 1297 nt
667 1238 802 1315 auferret
824 1239 1017 1297 adserentem

70 1328 160 1370 eorem
177 1314 351 1380 tristitiam,
369 1314 601 1395 ailliulhymius
613 1319 641 1376 in
651 1316 799 1378 Matthaei
809 1318 908 1397 Caput
918 1312 1015 1385 xiii,

74 1388 194 1455 tm
205 1395 405 1456 Bibliothecae
427 1395 557 1458 Patrem
579 1417 646 1477 pag.
662 1399 740 1461 556:
764 1398 1017 1474 quemadmodum

69 1488 133 1533 vero
155 1479 265 1537 scribit
286 1476 318 1537 S.
342 1474 570 1559 Hieronymus,
595 1482 623 1539 in
647 1480 755 1540 Malth.
780 1479 877 1556 Caput
897 1477 963 1539 XX
983 1486 1019 1538 ert

70 1553 102 1611 ad
122 1562 317 1619 tentationem
339 1576 387 1618 eas
406 1569 542 1637 pararet,
564 1579 601 1620 ne
625 1582 694 1622 com
713 1563 825 1622 ueniret
843 1562 1017 1641 pesecutio,

71 1643 93 1692 et
119 1636 226 1700 Crucis
262 1641 432 1717 ianaminia
463 1641 763 1704 scandalizarentur.
796 1644 820 1703 Α
850 1642 1017 1719 proditione

70 1713 151 1778 iudae
182 1724 285 1801 coepit
306 1719 374 1783 lesu
396 1721 507 1783 Christi
531 1726 640 1800 passio.
666 1723 754 1786 ludas
775 1725 856 1783 enim
879 1739 958 1783 unas
977 1738 1016 1783 ax

70 1795 233 1875 Discipulis‚
253 1821 328 1880 quos
343 1820 410 1865 assu
447 1812 547 1883 pserat
561 1806 597 1865 ad
615 1804 836 1881 Apostolaturn,
846 1803 936 1866 biduo
950 1808 1020 1863 ante

71 1876 181 1951 Pascha,
206 1886 267 1945 hac
289 1890 335 1945 est
356 1884 414 1961 die¹
458 1886 581 1949 ercurii,
607 1889 695 1947 tertia
717 1892 749 1948 et
769 1886 912 1945 vicesimo
934 1900 1018 1945 men·

73 1960 105 2019 sis
127 1963 238 2032 Martii,
262 1967 335 2026 adiit
358 1963 549 2033 Sacerdotem
574 1966 724 2044 Principes
747 1964 775 2025 in
798 1967 866 2026 auia
888 1964 1021 2043 Caiphae

73 2037 213 2107 Pantifieis
235 2048 461 2116 consultantes,
483 2051 643 2125 ,quomoda
661 2049 759 2111 [esrem
792 2047 860 2125 dolo
882 2064 1020 2124 compre·

74 2122 191 2187 bensum
216 2127 430 2199 interficerent,
446 2134 680 2207 'pactusqueest
702 2148 770 2190 cum
789 2128 859 2205 ip'sis
882 2129 1035 2199 mercede

74 2206 183 2284 triginta
206 2216 422 2288 argenteorum
445 2228 477 2271 se
500 2210 678 2288 Magistrum
700 2228 789 2272 suum
819 2212 1019 2287 proditurum.

75 2284 162 2358 Quare
179 2293 235 2351 -ad
258 2311 329 2353 eum
354 2298 455 2370 pastea
478 2308 620 2353 reversus
654 2294 728 2354 nibil
753 2293 848 2368 magis
877 2294 1019 2356 curavit.

76 2378 214 2443 quamut
236 2381 372 2449 tempore
394 2375 430 2433 ad
453 2391 520 2434 eam
544 2373 609 2435 rem
624 2381 713 2451 capto
736 2372 869 2434 nefariae
891 2374 1018 2451 pactioni

76 2452 263 2515 satisfaceret.
288 2453 400 2519 Nocte.
425 2472 502 2531 quae
525 2453 603 2516 lovis
625 2457 704 2515 diem
726 2463 864 2532 quartum
886 2462 918 2517 et
939 2457 1019 2513 rice·

77 2531 172 2595 simum
197 2535 298 2597 hlartii
321 2536 458 2612 proxime
479 2542 583 2596 secuta
606 2546 661 2597 est.
680 2535 761 2598 lesus
782 2534 918 2599 Cirrietue
939 2536 1019 2597 enim

77 2609 162 2676 toene
180 2617 389 2678 Eucharistica
405 2634 473 2676 cum
489 2616 645 2677 duodecim
665 2617 820 2698 discipulis
833 2615 905 2686 sais,
928 2622 1020 2696 etque

79 2692 135 2755 idea
159 2698 252 2758 etiam
282 2716 353 2759 cum
375 2697 449 2759 luda
479 2699 656 2775 proditore,
686 2716 813 2776 vespere
841 2699 991 2760 celebrate
1008 2710 1025 2767 ,'

78 2790 204 2842 termetis
226 2798 263 2840 ex
280 2778 371 2847 Urbe,
396 2797 430 2839 ac
451 2779 550 2838 media
565 2790 655 2845 nocte,
679 2786 713 2839 ut
733 2778 1022 2857 eitChrysaslomus

80 2853 201 2922 Humilia
222 2861 267 2921 82
286 2866 320 2921 ia
337 2861 479 2922 loannem
502 2863 653 2924 transiens
674 2873 831 2922 torrentem
849 2860 969 2923 Cedros
991 2860 1021 2920 in

80 2950 199 3005 monum
214 2942 370 3003 Olivarum
387 2959 419 3002 se
435 2943 572 3011 contulit,
596 2950 626 3003 et
643 2944 671 3000 in
688 2941 1022 3003 hortum‘Gethsemani

81 3014 186 3085 Patrem
212 3032 355 3084 oraturus
377 3024 510 3084 secessit.
527 3022 633 3101 ltaque
655 3022 743 3083 ludas
759 3023 943 3101 praeclaram
966 3021 1023 3081 eibi

83 3107 254 3166 occasionem
288 3105 324 3163 ad
349 3104 530 3181 irremissum
553 3107 726 3165 solvendum
754 3104 884 3164 oblatam
914 3107 1018 3173 ratus,

83 3196 128 3255 ⁰⁰,
149 3188 199 3250 obi
223 3174 291 3248 ciat
310 3184 472 3257 Christus,
495 3186 578 3245 venit
598 3202 669 3247 cum
693 3186 835 3245 militibus
858 3179 1017 3254 Praesidis,

83 3268 106 3324 et
123 3268 264 3331 ministris
286 3266 473 3333 Pontificum,
497 3263 637 3345 Eumque
657 3269 820 3336 esculatus,
842 3267 921 3343 qrrod
943 3265 1022 3326 inter

83 3342 148 3420 ipses
169 3354 373 3419 cenaenerat,
397 3349 515 3426 signum
538 3348 621 3408 dedit
642 3366 748 3409 manus
780 3349 810 3407 in
832 3349 930 3425 ipsum
953 3344 1024 3424 iuji·

83 3427 174 3492 ciendi.
207 3429 347 3492 Christus
369 3447 441 3490 vero
463 3429 592 3489 inimicis
623 3433 687 3489 suis
706 3429 825 3489 obviarn
859 3428 1023 3507 procedens

87 3523 131 3569 nan
151 3515 240 3575 moda
263 3531 320 3573 non
344 3512 464 3577 restitit,
481 3511 532 3570 sed
556 3517 722 3587 prostratos
742 3511 841 3572 erexit
857 3553 865 3579 ,
883 3510 1024 3571 turbatos

85 3592 269 3664 confirmavit,
292 3592 424 3671 trepidas
442 3594 627 3668 provocarit,
644 3608 738 3667 seque
753 3592 833 3652 ultra
847 3592 1024 3651 satellitibus
