2517 4059
460 204 600 276 ‘misit
623 213 685 275 Q·

91 330 221 391 sculari.
242 325 387 390 Nonnulli
409 330 534 393 Saeculo
552 331 612 393 Xll
636 340 669 394 ut
690 330 814 410 propius
832 348 850 390 a
865 328 986 392 Christo
1000 346 1052 407 pa·

87 429 164 473 cem
181 410 377 507 perciperent,
388 410 780 512 'llostiamuosculahantun
797 411 1052 506 quemadmodum

89 491 681 668 titianumittam
696 494 929 650 tristent?
942 493 1054 646 situ

87 673 156 733 que
178 655 315 716 Hostiam
338 659 490 720 osculandi
513 677 630 722 morem
660 661 689 719 in
712 659 862 736 plerisque
886 655 1050 717 Galliarum

92 738 240 802 Ecclesiis
262 736 423 800 obtinuisse
445 740 594 819 colligitur
614 759 653 802 ex
675 758 783 818 magno
807 739 972 801 Missalium
996 757 1051 800 nu·
1158 755 1163 767 ·

92 839 194 882 mero.
219 820 249 880 lu
272 822 420 882 nonnullis
442 820 583 884 Ecclesiis
606 821 753 883 Sacerdos
778 821 973 882 osculabatur
994 818 1049 880 Ca·

90 903 205 970 licem,
229 903 308 978 quod
331 902 427 973 adhuc
450 905 637 965 Dominioaui
661 903 785 964 iaciunt.
809 901 843 962 ln
859 903 928 963 aliis
940 900 1049 980 Corpo-

91 985 170 1053 rate,
184 1001 237 1044 ssu
251 982 341 1046 lintea
356 987 482 1055 scilicet,
494 1003 571 1064 quae
585 986 702 1062 Corpus
716 983 824 1046 Christi
841 985 961 1045 Domini
979 1001 1050 1044 con·

92 1068 239 1146 tigeront.
264 1065 395 1127 Tandem
418 1067 482 1130 lere
503 1069 614 1145 ubique
639 1073 780 1144 receptus
803 1083 889 1136 mos,
913 1067 965 1142 qui
987 1065 1047 1124 Ro·

92 1167 163 1210 mae
179 1165 298 1222 semper
314 1150 418 1226 viguit3
443 1149 548 1210 hilare
562 1149 677 1209 seilicet
692 1148 855 1217 osculandi,
879 1147 957 1224 quod
973 1145 1047 1208 Cor·

90 1233 175 1308 poris
188 1228 299 1291 Christi
313 1229 431 1290 Domini
447 1230 539 1292 Sedes
551 1236 607 1292 est:
624 1230 686 1290 Pax
701 1232 804 1292 osculo
818 1231 953 1292 nuntiata
968 1247 1049 1292 sem·

91 1331 147 1390 per
171 1313 238 1380 luit,
262 1314 445 1389 quicumque
466 1331 503 1376 er
518 1312 624 1374 eodem
647 1330 722 1373 sexu
743 1317 841 1383 erant,
866 1312 922 1372 sibi
944 1316 1050 1373 mutuo

91 1395 176 1470 pacis
197 1393 333 1455 osculum
355 1392 565 1468 conterebant,
589 1395 660 1454 hinc
682 1395 760 1463 viri,
784 1394 865 1454 illine
888 1392 1047 1455 faeminas.

90 1474 235 1538 Sanctum
259 1475 397 1536 osculum
411 1476 468 1537 hoc
484 1476 619 1556 Apostoli
642 1475 938 1546 commendaverant3
962 1475 1050 1538 Sulu-

90 1567 155 1620 tute
176 1557 303 1618 inuicem
323 1558 357 1616 iu
379 1560 475 1619 osculo
496 1568 599 1620 sancto
621 1558 750 1620 loannes
763 1556 837 1632 Cap.
853 1554 931 1617 XVI
947 1575 976 1617 v.
996 1556 1048 1625 16,

93 1639 122 1700 id
146 1643 249 1700 autem
271 1638 421 1714 quomodo
443 1640 506 1709 liat,
529 1646 560 1702 et
581 1659 638 1701 cur
658 1639 794 1718 explicat
814 1636 845 1699 S.
862 1639 1049 1717 Augustinus

6 1731 7 1740 ’
92 1718 237 1782 Sermone
260 1719 313 1780 83:
340 1719 412 1782 Post
432 1721 528 1802 ipsum
552 1721 739 1802 (Orationem
760 1717 981 1800 Dominicam)‚
1005 1720 1049 1778 iu·

92 1804 176 1880 quit,
191 1800 320 1863 dieitur:
331 1802 398 1864 Parc
412 1806 576 1875 uobiscum·
591 1813 619 1864 et
630 1805 806 1865 ouulomur
817 1819 847 1862 se
866 1799 1047 1863 Christiani.

5 1925 7 1954 i
92 1884 180 1944 Pacis
194 1883 312 1962 siguum
329 1895 381 1956 est·
401 1888 479 1946 sicut
493 1883 653 1946 ostendunt
673 1886 763 1952 tutio.
785 1883 839 1964 fiat
853 1885 888 1942 iu
903 1885 1049 1965 courmos-

5 1971 6 1992 ³
90 1967 163 2034 tia:
183 1963 277 2036 idest,
301 1961 445 2044 quomodo
468 1967 549 2028 lotia
570 1975 624 2027 tuo
647 1965 687 2026 acl
701 1967 782 2028 tatio
801 1967 910 2044 [ratris
930 1965 979 2026 tui
999 1984 1049 2026 ac·

4 2041 6 2106 l
89 2046 227 2117 cedunt,
249 2049 292 2107 sio
315 2067 367 2109 cor
388 2058 475 2110 tuum
495 2068 514 2110 a
536 2049 624 2110 eorde
647 2049 710 2130 eius
731 2065 791 2107 uou
804 2048 936 2109 recedat.
959 2044 1047 2108 Com·

4 2147 6 2184 i
90 2129 236 2190 mendant
250 2127 316 2207 ejus
331 2131 518 2191 sanctitatem
532 2129 671 2192 Clemens
686 2128 907 2191 Alexandrinus
921 2128 987 2190 Lib.
1001 2127 1047 2190 111

90 2208 206 2289 Pedug.
229 2210 355 2289 Capll,
379 2217 409 2272 et
430 2212 638 2291 Athenagoras
659 2212 739 2271 circa
762 2210 853 2272 linem
869 2211 1043 2289 Apologiae.

4 2315 6 2372 p
91 2292 256 2368 Aptissime
277 2298 402 2361 autem,
429 2301 461 2354 ot
481 2294 634 2372 eleganter
654 2292 890 2373 Chrysostomus
911 2291 1047 2353 Homilio

4 2375 6 2402 l
90 2372 132 2433 30
146 2374 180 2433 in
194 2372 359 2452 missorem
374 2372 405 2434 ll
424 2373 464 2434 ad
481 2375 651 2438 Corinthios
673 2392 764 2451 agens
778 2374 815 2434 de
830 2373 942 2445 osculo,
965 2375 1046 2452 quod

90 2451 300 2518 Communioui
317 2458 533 2532 praemittitur:
556 2459 601 2518 De
616 2458 680 2524 icoc,
704 2458 808 2532 inquit,
831 2467 932 2516 saucio
947 2458 1044 2516 osculo

90 2535 178 2604 uliud
200 2555 314 2616 quoque
336 2536 555 2619 afferripotcst.
585 2536 732 2618 Templum
751 2535 864 2599 Christi
878 2555 990 2598 sumus.
1014 2535 1046 2598 1-

90 2630 182 2695 tuque
204 2619 304 2696 templi
324 2619 485 2687 uestibulo,
510 2630 539 2680 et
559 2619 676 2680 aditum
699 2620 881 2688 osculamur,
905 2638 973 2680 cum
988 2619 1045 2680 otti

91 2699 169 2760 ulios
189 2701 365 2761 osculemur.
389 2698 492 2781 Neque
509 2701 587 2762 euim
601 2700 722 2778 culpari
743 2700 873 2778 quodam
891 2701 1001 2760 honore
1015 2719 1047 2762 or

90 2791 226 2842 uestrum
247 2779 393 2864 officitur,
416 2801 483 2843 cum
506 2781 619 2864 Corpus
642 2781 834 2842 Dominicum
857 2783 982 2862 exeipit:
998 2802 1047 2844 eo·

4 2889 5 2898 ³
91 2880 147 2940 quo
165 2866 349 2942 praesertim
370 2862 406 2923 de
428 2883 519 2925 ceusu
541 2877 605 2928 tum
626 2873 733 2924 mutua
753 2866 855 2924 osculo
875 2865 1044 2944 jungimur.

91 2941 183 3004 Plura
205 2944 241 3004 de
264 2943 436 3023 hujusmodi
458 2948 558 3009 osculo
580 2951 684 3006 sancto
711 2951 781 3005 ante
807 2941 1046 3006 Eucharisticam

91 3022 337 3108 Communioulcm
361 3028 438 3104 apud
461 3027 570 3089 Christi
592 3026 696 3089 fidelos
717 3027 747 3086 iu
770 3043 826 3087 usu
850 3027 952 3087 habito
973 3044 1047 3088 eru·
1073 3043 1076 3051 ’

90 3105 152 3168 dite
173 3108 321 3185 congessit
349 3108 477 3169 Aleisius
499 3107 668 3171 Novarinus
697 3107 784 3170 Socr.
810 3107 903 3169 Eteri.
927 3107 993 3168 Lib.
1020 3107 1046 3165 V

91 3186 164 3266 Cap.
182 3187 233 3250 61.
257 3186 387 3267 Postque
409 3192 507 3268 ipsum
522 3189 613 3269 lingo
627 3190 790 3253 hisnardus
806 3191 836 3249 in
852 3192 927 3250 notis
942 3191 978 3251 ad
994 3189 1048 3250 Sa·

92 3268 569 3348 uramentarium.Gregoriauum
599 3292 669 3352 pag.
697 3271 768 3332 377.
792 3270 898 3333 Veteri
926 3272 1047 3334 tandem

93 3352 285 3428 simplicitate
308 3354 336 3412 in
352 3355 496 3415 malitiam
520 3354 720 3432 degenerante
741 3354 925 3414 subtractum
947 3353 1046 3432 paula·

94 3434 146 3502 tim
170 3439 216 3495 est
238 3434 398 3503 osculum,
428 3443 459 3496 et
480 3437 548 3516 ejus
569 3438 637 3497 vice
658 3453 723 3496 mos
744 3435 931 3497 introductus
952 3435 1046 3511 porri-

92 3517 179 3593 geudi
200 3515 341 3578 tabellam
364 3535 433 3580 cum
456 3517 572 3588 Crucis,
596 3520 644 3578 vel
665 3516 777 3579 Christi
798 3518 939 3596 imagine.
961 3515 1046 3578 Haec

94 3602 197 3660 autem
220 3597 329 3662 tabella
350 3599 467 3678 vulgari
488 3599 631 3662 vocabulo
648 3601 712 3660 Pau
726 3600 905 3680 appellatur:
929 3599 982 3661 sed
995 3601 1047 3661 va·
