2517 4059
490 194 550 255 ἢ
572 184 715 253 esces

124 318 176 377 bos
188 312 403 377 Ecclesiasticis
416 312 551 391 Capffi.
566 315 599 375 ln
616 313 753 375 Romana
769 312 902 379 Ecclesia
919 321 1003 396 putat
1018 314 1078 377 Ab·

124 400 176 459 bas
199 396 297 457 Berno
324 398 353 457 in
376 396 467 456 Libro
495 395 530 455 do
553 396 652 457 Rebas
671 395 713 456 od
735 395 860 458 Missum
882 400 1083 478 spectantibus

122 478 180 542 GP.
209 479 387 557 Symbolum
410 479 542 555 coepisse
565 478 686 537 recitari
709 479 738 537 in
761 478 851 539 Missa
874 480 994 541 ineunte
1010 479 1079 541 Sae-

123 563 193 621 culo
209 560 268 627 XI,
291 560 458 621 Ecclesiam
476 567 598 636 regente
621 558 786 621 benedicto
800 558 884 622 Vlll.
907 562 1080 622 Beruooem

121 648 291 719 mouentur
312 641 406 713 Bona,
430 640 544 719 Lupus.
569 640 718 708 Casalius,
740 632 890 721 Guyetus,
914 650 946 704 et
965 641 1083 702 Gasan-

121 728 181 785 tus.
206 720 310 799 Neque
332 724 413 783 enim
435 722 545 782 desunt
566 722 637 788 alii,
661 725 704 784 uti
728 722 930 790 blabillouius‚
954 722 1079 801 Georgi,

121 811 153 866 et
175 805 333 872 Marione,
358 822 413 865 neo
436 801 564 863 iniirmis
590 820 662 864 saue
684 804 779 863 innixi
803 804 988 876 rationibus,
1011 809 1084 866 ante

120 885 317 947 Benedictum
341 884 412 946 Vlll
441 886 469 945 in
492 882 627 945 Romana
651 882 785 945 Ecclesia
808 886 927 947 recitari
951 885 1079 965 Symbo-

120 966 185 1027 lum
209 969 411 1027 consuevisse.
439 966 484 1027 lta
507 967 585 1027 enim
614 966 727 1027 habent
754 968 949 1029 vetustissimi
972 966 1079 1029 Libelli

119 1047 250 1109 Romani
275 1046 407 1108 Ordinis.
438 1049 472 1109 lu
493 1046 607 1107 Ordine
636 1046 773 1108 Romano
796 1048 879 1111 ll'n.
904 1047 923 1108 9
946 1050 1078 1127 legitur:

120 1128 193 1191 Post
214 1132 322 1190 lectam
351 1128 438 1191 anm
459 1130 571 1197 elium,
600 1129 742 1190 coodclos
761 1131 796 1189 io
817 1132 880 1190 loco
907 1148 960 1191 sato
981 1131 1082 1190 extio

121 1210 982 1371 attibuit..‚ttltitttsttbtlttt
998 1228 1082 1353 allia

122 1372 289 1453 Episcopus
313 1375 377 1433 Pom
398 1376 476 1442 tibi;
499 1382 526 1431 et
543 1382 659 1451 postca,
685 1372 784 1434 Credo
804 1379 841 1433 io
861 1392 956 1433 onam
973 1373 1079 1433 Deum.
1179 1432 1182 1438 ,

119 1452 161 1515 Et
183 1456 321 1531 cananitis
343 1454 385 1515 Le
408 1454 490 1515 Brun
513 1453 631 1514 Toml
653 1472 721 1531 pag.
738 1453 800 1515 ate
821 1456 968 1531 epocham
991 1457 1081 1515 intro·

120 1536 205 1597 ducti
222 1535 312 1595 huius
328 1537 404 1597 ritus
420 1536 449 1595 in
466 1536 600 1595 Ecclesia
616 1533 764 1605 Romana,
781 1538 817 1597 ad
834 1535 988 1596 Benedicti
1004 1533 1078 1595 Vlll

119 1624 259 1693 tempora
281 1616 488 1685 constituerat,
513 1622 612 1677 tamen
635 1615 671 1675 Τ.
697 1615 725 1676 ll
747 1634 783 1676 ea
803 1616 895 1677 alleri
915 1619 1082 1677 documen·

121 1705 174 1765 ta,
204 1699 314 1775 quibus
341 1698 528 1766 ostenditur,
560 1697 618 1757 iam
642 1716 658 1756 a
682 1716 760 1757 nouo
787 1716 883 1773 usque
905 1696 1026 1759 saeculo
1050 1698 1079 1758 iu

120 1776 259 1840 Ecclesia
274 1779 410 1839 Romana
432 1796 549 1839 morem
573 1778 665 1838 luisse
686 1780 717 1836 iu
734 1778 825 1839 Missa
841 1778 1020 1858 Symbolum
1036 1794 1083 1839 re-

120 1860 245 1921 citandi.
278 1860 455 1939 Symbolum
485 1861 622 1930 canitur,
653 1862 701 1921 nel
724 1860 832 1920 dicitur
855 1867 923 1936 post
944 1860 1081 1936 Evange-

116 1942 218 2012 lium,
243 1942 279 2001 ad
304 1941 552 2003 manifestandum
576 1938 731 2004 fructum.
756 1942 808 2017 qui
831 1960 868 2002 ex
890 1940 1025 2010 Christi,
1048 1945 1080 2001 et

120 2024 339 2100 Apostolorum
364 2023 585 2101 praedicatione
600 2029 647 2083 est
661 2022 691 2081 iu
707 2020 841 2085 Ecclesia
862 2027 1077 2099 consequutus.

118 2102 201 2165 llinc
224 2103 317 2164 Divus
339 2104 472 2165 Thomas
495 2104 514 2163 3
536 2108 614 2180 part.
631 2122 660 2179 q.
677 2102 718 2163 73
740 2110 797 2164 art.
814 2102 846 2162 t:
872 2102 911 2164 Et
925 2122 988 2174 ooo,
1006 2104 1081 2181 quic

123 2185 243 2247 Christo
265 2186 413 2250 credimus
435 2196 589 2264 tamquam
612 2185 733 2245 dioimoc
760 2183 891 2246 Veritoti
904 2229 912 2257 ,
935 2188 1011 2246 lecto
1037 2181 1078 2243 E-

117 2262 253 2345 oomyelio
276 2268 447 2345 Symbolum
469 2264 557 2325 Fidei
578 2277 740 2336 cantator,
770 2267 804 2326 im
827 2286 883 2345 quo
899 2267 1031 2347 popolus
1049 2283 1080 2323 o·

119 2348 231 2408 stendit
253 2366 281 2409 sc
299 2366 357 2427 per
379 2345 506 2415 Fidem,
541 2348 659 2411 Christi
678 2347 832 2411 doctmooo
857 2350 1010 2410 assentire.
1041 2345 1081 2407 Et

117 2428 296 2505 liudulphus
319 2428 563 2507 Pronuntiare
586 2432 732 2503 rationem
755 2432 900 2505 assignat,
924 2428 1003 2505 quod
1026 2444 1081 2505 per

117 2510 263 2572 Sanctum
287 2508 486 2587 Evangelium
515 2511 606 2570 corde
634 2511 768 2571 creditur
796 2511 833 2569 ad
855 2511 1024 2589 justitiam,
1047 2513 1079 2567 et

117 2608 174 2670 por
197 2590 373 2670 Symbolum
395 2608 448 2652 ore
467 2590 501 2651 iit
516 2591 667 2651 confessio
688 2590 887 2651 adsalutem.

159 2672 215 2734 lll.
239 2672 416 2751 Symbolum
449 2672 606 2747 aliquando
635 2689 743 2749 graece
765 2672 916 2748 aliquibus
943 2672 972 2733 iu
1002 2668 1076 2731 locis

117 2761 272 2816 cantatum
295 2754 387 2814 luisse
409 2755 569 2815 ostendunt
597 2753 819 2829 manuscriptae
841 2752 1075 2814 constitutiones

116 2833 270 2897 Ecclesiae
291 2833 529 2919 Neapolitanae,
560 2834 589 2898 in
611 2833 722 2910 quibus
747 2834 822 2893 haec
844 2835 1005 2909 leguntur:
1038 2830 1077 2891 lo

117 2916 167 2977 dic
190 2915 428 2978 Resurrectiom‘s
459 2916 538 2977 dicto
566 2913 732 2992 Eccoyclio
757 2912 1078 2989 neocaesareense

115 2995 1078 3156 subtillimus.⁹i“ttss,'itt⁰t3.ltlt'leitil

115 3162 201 3221 citari
224 3160 423 3239 praescribit3
447 3159 631 3237 llicrologus
648 3157 742 3218 relert
756 3160 916 3220 recitatum
938 3158 1030 3218 luisse
1046 3157 1076 3216 iu

114 3240 215 3303 ldissis
241 3240 322 3303 Festi
345 3240 516 3302 Natiuitatis
543 3240 687 3306 Domini,
716 3241 746 3300 in
769 3239 891 3301 Octavis
916 3239 1076 3300 Fastorum

113 3324 317 3391 solemnium,
347 3329 378 3384 et
399 3324 428 3381 in
450 3322 617 3399 Epiphania
641 3320 773 3381 Domini.
803 3323 848 3383 lta
874 3323 988 3399 pariter
1010 3317 1076 3379 lieri

111 3406 304 3468 Innocentius
319 3403 363 3465 lll
385 3404 420 3464 dc
436 3406 585 3482 Mystoriio
601 3400 711 3465 Mimos
733 3402 799 3463 Lib.
817 3400 844 3463 ll
867 3401 940 3479 Cap.
958 3400 997 3463 51
1015 3407 1076 3460 tra·

111 3488 157 3550 dit
170 3488 247 3550 feria
262 3487 366 3563 qbiuta
382 3487 411 3545 iu
427 3485 524 3549 Coena
539 3482 673 3552 Domini,
694 3484 725 3544 in
740 3484 930 3545 solemnitate
946 3480 1077 3543 Pascha·

112 3570 173 3641 tis,
197 3566 409 3641 hsceusionis,
439 3574 470 3629 et
490 3565 707 3635 Pentecostes,
736 3567 808 3643 quia
830 3565 940 3627 horum
964 3570 1076 3643 myste-
