2517 4059
496 153 556 215 oms
578 142 638 202 357
660 152 720 211 se«.

130 270 233 347 ibique
256 268 416 331 lntroitnm
441 272 553 347 incipit.
571 271 726 342 lntroitus,
751 272 801 348 qui
824 272 853 330 in
876 272 989 332 Missali
1013 274 1088 333 Am·

129 353 269 411 brosiano
284 351 432 429 inpressa,
451 354 479 411 in
496 353 696 419 Mozarabico‚
713 359 742 413 el
759 356 787 412 in
803 349 1084 424 Cartbnsianornm,

130 432 273 494 Fratrum
290 433 549 504 Praedicatorum,
574 442 604 494 et
626 434 860 494 Carmelitarum
882 436 994 495 blissali
1023 434 1091 517 Offi-

131 518 213 575 cium
235 516 358 581 dicitnr,
383 522 470 575 etex
494 516 679 592 Antiphone,
703 515 833 587 Psalmo,
857 521 889 576 et
909 513 1011 575 Gloria
1032 518 1088 576 Pa-

128 598 168 657 tri
191 603 316 663 constat,
340 598 381 656 ita
403 598 581 673 appellatur,
598 614 652 657 seu
675 598 755 673 qrrod
771 596 881 657 Missae
903 598 1087 673 principium

128 684 186 746 est,
211 694 263 737 seu
286 680 355 753 quia
378 677 509 738 aCboro
532 679 707 746 canebatur,
730 696 798 738 curn
815 677 960 737 Sacerdos
982 678 1018 737 ad
1035 680 1088 738 ΑΙ-

129 766 196 819 tare
218 762 443 825 conscenderes,
466 762 517 835 qui
541 766 702 837 propterea
717 758 877 819 lntroitum
901 778 959 818 non
981 760 1088 818 recita-

128 842 193 902 bat.
211 838 294 899 Nunc
308 858 382 901 vero
404 840 487 900 illurn
506 841 577 918 legit
598 848 660 900 tam
683 843 712 899 in
725 843 825 903 Missis
840 842 977 918 privatis,
995 858 1087 916 quarn

127 924 158 981 in
181 922 373 983 solemnibus.
390 921 571 988 Waliridus,
588 921 782 998 Micrologus,
805 929 836 982 et
858 922 906 981 alii
922 922 1088 981 introitum

127 1003 159 1063 S.
185 1001 354 1063 Caelestino
377 1002 389 1061 1
413 1003 570 1072 tribuunt;
595 1005 646 1063 sed
669 1003 743 1064 baec
772 1004 871 1081 opinio
898 1004 978 1062 omni
1001 1008 1086 1063 caret

127 1084 335 1151 fundamento,
352 1091 383 1144 et
396 1085 589 1145 verisimilius
605 1083 768 1151 Honorius,
784 1093 815 1145 et
828 1084 959 1150 Brunus,
972 1082 1085 1144 SGre·

126 1166 246 1242 gorium
276 1164 343 1243 ejus
366 1166 456 1226 luisse
480 1164 646 1227 Auctorem
675 1169 856 1228 existimant.
881 1166 1025 1226 Sacerdos
1053 1182 1086 1225 se

128 1247 234 1308 Crucis
258 1248 285 1305 in
302 1248 425 1307 modum
443 1249 556 1324 signats
580 1250 660 1324 quod
684 1250 712 1305 in
729 1266 848 1325 quaque
870 1248 1037 1307 inchoanda
1054 1264 1087 1307 ro

125 1327 343 1389 Christifidoles
367 1330 468 1389 lacere
491 1336 726 1391 consueverunt.
751 1328 814 1389 Nec
830 1331 960 1402 deerant
982 1327 1085 1389 Eccle-

125 1412 201 1476 siae,
226 1411 381 1487 inquibus
404 1412 494 1470 etiam
511 1412 757 1488 exprimeretur:
781 1414 816 1470 in
837 1412 957 1468 nomina
972 1408 1085 1479 Patris,

126 1502 156 1552 at
178 1488 261 1558 Filii,
287 1500 314 1551 st
336 1492 471 1568 Spiritus
486 1492 601 1563 Sancti,
625 1494 675 1552 rel
697 1493 843 1552 auxilium
859 1490 984 1550 Domini
1005 1492 1087 1552 nati·

127 1590 211 1633 scum
226 1574 276 1640 sit,
300 1574 400 1632 statim
417 1578 486 1633 ante
502 1573 688 1646 lntroiturn;
712 1581 802 1650 atque
823 1573 870 1633 bis
884 1572 986 1631 verbis
1008 1588 1086 1630 sern-

124 1672 180 1730 per
197 1654 303 1715 Crucis
318 1655 435 1731 signum
453 1655 520 1714 addi
536 1656 623 1715 solet.
642 1654 831 1716 Dominicani
846 1655 998 1713 retinuere
1019 1669 1085 1711 rno-

125 1752 192 1794 rem
217 1734 355 1795 dicendi:
378 1732 418 1795 'In
440 1740 558 1796 nomina
575 1736 687 1796 Patris.
711 1735 819 1796 Prirnis
834 1734 987 1794 Ecclesiae
1010 1739 1084 1793 tenr-

127 1817 254 1893 poribus
276 1814 419 1877 lntroitus
443 1818 549 1895 integri
572 1816 682 1877 Psalmi
711 1818 886 1878 recitatione
913 1815 1084 1875 contineba-

127 1904 190 1958 tur.
208 1896 286 1957 Turn
311 1903 378 1974 post
399 1915 491 1957 annos
513 1900 636 1958 circiter
657 1899 741 1959 mille
763 1904 830 1976 post
844 1915 951 1961 unum.
975 1902 1028 1955 aut
1042 1896 1085 1955 al·

123 1986 222 2039 terum
246 1980 430 2039 versiculum
448 1974 612 2057 Episcopus
635 1980 711 2040 inira
728 1979 832 2039 sture
847 1980 1010 2038 consistens
1032 1995 1084 2037 an·
1135 2022 1139 2029 .

125 2059 249 2127 nuebat,
274 2067 308 2120 ut
328 2058 430 2119 Gloria
452 2059 532 2120 Patri
555 2062 719 2121 diceretur.
742 2058 783 2121 Et
803 2077 874 2121 sane
896 2060 1007 2119 Missae
1028 2059 1083 2119 ini·

123 2143 202 2201 tium
226 2158 283 2200 non
306 2142 427 2202 aliunde
451 2140 558 2203 melius
579 2143 649 2203 duci
672 2148 782 2220 potest,
805 2158 897 2218 quam
920 2139 1085 2201 aSanctis·

123 2224 219 2282 simae
241 2221 393 2282 Trinitatis
416 2223 517 2292 laude,
541 2227 591 2283 cui
607 2223 749 2284 Sanctum
766 2223 952 2284 Sacrificium
975 2222 1082 2282 offerri

122 2303 223 2364 debet.
248 2304 393 2363 introitus
416 2304 540 2381 insuper
562 2306 607 2365 bis
629 2312 715 2367 terte
738 2307 942 2380 repetebatur.
967 2301 1083 2363 Rotbo·

121 2384 273 2463 magensis
287 2391 318 2444 et
332 2385 510 2445 Senonensis
526 2384 692 2455 Ecclesiae,
710 2385 931 2448 etCarrnelitae
947 2386 976 2443 in
992 2400 1079 2461 prae·

123 2467 219 2543 cipnis
235 2464 341 2525 diebus
357 2483 425 2527 curn
450 2472 496 2525 ter
510 2468 676 2529 etiamnum
699 2469 803 2528 dieunt
817 2469 854 2526 ad
870 2466 1017 2543 majorem
1032 2482 1081 2523 sn-

121 2548 321 2609 lemnitatem.
346 2547 380 2606 ln
395 2547 616 2624 Antiphonario
640 2549 671 2610 S.
685 2549 824 2623 Gregorii
847 2564 952 2607 omnes
974 2544 1083 2607 lntroi·

122 2635 172 2689 tus
194 2646 211 2687 e
231 2628 358 2687 Psalmis
380 2629 548 2705 deprompti
570 2638 665 2699 sunt,
688 2629 794 2708 paucis
815 2629 974 2705 exceptis,
1003 2644 1080 2703 quos

119 2708 283 2770 Durandus
305 2708 496 2789 lrrapularas
518 2713 675 2788 appellat,
705 2718 739 2771 ut
766 2711 786 2768 ii
807 2712 860 2787 qni
883 2710 1023 2770 dicuntur
1049 2709 1081 2767 in

120 2788 295 2853 Natiuitate.
319 2797 349 2851 et
371 2791 553 2851 Ascensione
575 2792 717 2867 meini3
741 2792 770 2850 in
787 2789 974 2855 Pentecoste,
997 2796 1028 2850 et
1049 2790 1079 2847 in

121 2870 213 2933 Festo
241 2872 272 2931 S.
296 2872 609 2948 Petribpostolorum
633 2872 801 2948 Principis,
829 2872 936 2933 sediti
960 2886 1081 2946 quoque

121 2972 139 3013 e
162 2953 252 3014 Sacra
271 2953 427 3028 Scriptura
449 2954 599 3031 desumpti
616 2960 696 3014 sunt.
712 2954 772 3014 Alii
788 2954 908 3029 quidum
923 2952 1080 3012 inveniun-

106 3040 195 3101 ‘tur,
220 3035 269 3111 qui
295 3051 392 3109 neque
415 3053 431 3094 e
453 3033 600 3105 Psalmis,
627 3052 723 3110 neque
745 3054 763 3095 e
785 3035 875 3095 Sacra
897 3034 1078 3110 Scriptura.

121 3132 219 3190 neque
242 3133 279 3175 ex
301 3117 489 3191 Gregoriano
511 3116 732 3193 Antiphonario
754 3117 840 3194 petiti
861 3122 947 3181 sunt,
971 3130 1096 3195 nempe·

124 3194 211 3257 Salac
231 3206 337 3255 sancta
355 3214 490 3274 pareas;
515 3196 709 3259 Gaudeamus
730 3215 840 3266 omncs,
856 3195 1019 3256 Benedicta
1041 3196 1081 3253 sit

119 3276 235 3339 Sancta
252 3274 384 3338 Trinitas
406 3288 434 3337 at
455 3280 583 3355 accipite
601 3278 838 3359 jucunditatem.
861 3278 1003 3355 Symbola
1025 3276 1079 3335 Ia·

120 3361 229 3419 troitus
250 3359 332 3418 varia
348 3363 427 3417 sunt.
443 3359 546 3419 Simon
562 3359 943 3435 Thessalonicenstsputat
957 3376 1011 3434 per
1026 3357 1078 3417 In·

110 3442 248 3501 ¹troitum
276 3440 305 3500 in
333 3440 439 3517 primis
460 3438 622 3515 significari
644 3440 816 3502 Adventum
840 3438 1004 3501 Salvatoris
1026 3456 1081 3498 no·

119 3522 173 3581 stri
197 3521 225 3579 in
249 3524 384 3581 terram:
408 3526 439 3581 et
461 3522 528 3583 ideo
551 3521 638 3583 illurn
660 3522 727 3583 cani
748 3526 834 3601 putat
856 3538 892 3583 eo
914 3526 1076 3599 ternpore,
