2517 4059
437 208 642 279 *iiiiii*

66 334 153 393 ooitor
167 336 235 412 ajon
250 344 278 394 ot
293 333 453 413 despectos.
479 336 563 399 Licet
577 344 679 398 autem
697 336 811 397 Pitaius
824 336 887 415 jam
903 339 932 397 in
948 340 1011 415 ipso

66 412 207 474 Tribunati
233 422 328 485 esset,
352 424 451 479 tamen
478 425 548 479 tune
574 437 694 497 quoque
708 417 862 478 Christum
888 438 1011 481 servare

65 497 267 556 contendebat.
285 497 336 557 nn
350 501 429 558 enim
445 498 570 561 loannes
585 502 666 578 Cap·
678 499 775 559 XiX:
793 500 867 559 aava
885 499 953 560 nee
964 519 1012 561 oo·

64 584 114 635 ster
132 575 186 637 iiii
217 589 323 638 nutam
351 580 544 643 clamabant:
566 582 644 649 toito‚
672 582 748 648 totta,
772 580 908 659 ororifipa
931 600 1009 642 eum.

63 654 134 717 Dicit
156 648 197 717 e'ia
215 657 349 719 Pilatus.
377 660 486 741 Reponi
506 671 637 723 oestrum
657 661 860 742 crucifiqomi
883 661 1012 742 Respon·
1126 717 1131 726 .

65 736 162 800 tierent
181 739 352 821 Pontifices:
376 762 436 802 non
461 745 599 804 habemus
624 743 733 820 Repem
758 745 818 802 nisi
836 743 1006 805 Caesarem.

64 818 157 879 Victus
174 822 269 898 igitur
286 822 397 884 Pilatus
414 826 649 901 pertinacissima
667 825 847 883 iudaeorum
864 826 1010 899 importu-

64 901 156 969 nitate,
187 904 313 963 tradidit
336 904 374 965 iis
389 905 496 973 iesum,
524 907 807 986 uterocipiperrtur.
836 904 868 963 S.
886 904 1010 967 ioannes

63 979 288 1059 Chrysostomus
310 985 338 1044 in
353 984 364 1044 1
380 989 416 1047 ad
428 985 597 1047 Corinthios
613 989 755 1048 Sermone
771 987 875 1044 ultimo
891 986 927 1043 do
939 988 1011 1047 eiro-

62 1082 171 1141 nosynn
190 1072 288 1140 putat,
315 1067 443 1127 Pilatum
462 1087 518 1127 non
535 1071 637 1128 tutisse
652 1069 831 1145 sententiam
854 1069 958 1129 mortis
980 1069 1009 1128 in

63 1142 219 1206 Christum.
253 1146 367 1208 Verum
395 1152 488 1210 muita
503 1158 571 1211 suunt
594 1168 671 1225 (quae
685 1149 853 1215 ostendunt,
881 1147 1009 1209 Pitaium

62 1230 230 1288 sententiam
244 1231 347 1291 mortis
363 1232 391 1288 in
406 1228 558 1291 Christum
577 1230 799 1309 pronunciasse,
827 1231 878 1305 qui
895 1238 926 1290 et
941 1232 1010 1291 titu-

62 1306 116 1367 lum
130 1328 318 1385 causamque
349 1314 452 1371 mortis
478 1313 616 1388 scripsit:
641 1312 742 1371 Primo
763 1311 833 1385 quia
859 1310 933 1372 sedit
952 1332 1010 1389 pro

62 1390 200 1452 intonata·
216 1390 336 1453 Pilatus
346 1392 424 1453 sedet
435 1392 640 1474 judicaturos,
657 1393 753 1469 inquit
767 1391 798 1451 S.
812 1390 941 1468 Cyritius
952 1392 1009 1453 Ca·

62 1470 162 1531 techesi
178 1472 270 1532 xttt.
298 1472 328 1533 S.
346 1476 530 1551 Augustinus
556 1476 585 1532 in
606 1472 757 1534 Psaimnm
780 1471 832 1531 63:
850 1470 906 1532 Itte
929 1474 1011 1536 dixit

63 1551 157 1627 inquit.
174 1556 210 1611 in
227 1574 296 1615 eom
312 1558 500 1622 sententiam,
524 1562 550 1614 et
561 1556 652 1636 jussit
669 1573 735 1613 eum
749 1553 893 1632 oructfipi.
921 1554 1009 1615 Dein·

62 1632 101 1699 de,
118 1634 218 1695 irrdaei
233 1637 273 1694 nit
291 1637 345 1696 nisi
357 1639 533 1699 seutentiam
550 1638 655 1697 mortis
666 1636 823 1712 urgebant,
836 1643 897 1694 eta
915 1636 1009 1697 Pitato

63 1718 273 1792 extorquebant
288 1718 398 1777 insanis
421 1718 478 1777 iltis
500 1718 692 1782 clamoribus,
713 1714 799 1782 rona
828 1718 895 1776 totta
915 1720 1010 1777 croci·

64 1793 109 1873 fios
123 1816 196 1858 eom.
226 1798 331 1859 Tertio
356 1799 494 1860 Christus
520 1797 684 1859 crucifixus
698 1804 744 1857 est
770 1816 786 1855 a
803 1800 964 1875 gentitibus
979 1806 1011 1859 et

65 1876 195 1939 militibus
213 1880 320 1950 erran,
345 1882 564 1957 exequentibus
579 1880 755 1959 sententiam
772 1876 930 1938 Praesidis.
957 1878 1011 1940 De·

64 1956 140 2031 nique
162 1962 218 2037 ipsi
244 1962 344 2021 ludaei
368 1963 525 2024 dicebant:
550 1958 642 2023 Notis
663 1978 726 2017 non
750 1961 820 2019 iicet
841 1960 1008 2040 interficere

65 2054 249 2117 quemquam,
267 2045 436 2121 utiliegitur
450 2044 530 2119 apud
546 2042 687 2102 loannem
704 2040 777 2116 Cap.
795 2039 914 2102 xvltt.
935 2041 1010 2103 Cae·

66 2120 152 2180 terum
174 2126 240 2184 sive
263 2125 375 2185 Pilatus
397 2123 590 2187 ludaeorum.
615 2124 680 2183 sive
695 2121 902 2183 Romanorum
926 2125 1010 2183 insti·

66 2202 119 2257 tuto
140 2222 249 2266 manus
271 2207 402 2274 laverit,
426 2213 544 2267 certum
567 2209 613 2265 est
635 2221 652 2263 a
674 2204 809 2271 sceiere,
834 2211 866 2264 et
886 2206 1008 2282 quidam

67 2280 295 2353 immanissimo,
320 2289 443 2347 minime
465 2288 556 2347 iuisse
578 2287 756 2363 expiatum:
780 2289 889 2345 Munus
911 2287 1005 2354 tavit,

66 2362 107 2421 ted
129 2384 178 2427 aar
192 2387 283 2428 usum
298 2369 401 2427 tooure
423 2388 483 2428 non
493 2368 603 2449 potuit,
628 2366 670 2426 ait
692 2366 870 2427 Ambrosius
891 2367 1010 2428 Sermo·

67 2460 95 2499 ot
108 2444 143 2506 11
157 2450 191 2507 in
215 2447 368 2509 Panlmum
387 2449 445 2509 118
460 2449 570 2509 mansit
586 2449 692 2508 scotare
704 2447 845 2525 potiatur,
870 2452 1005 2527 quomam

67 2540 159 2588 monos
179 2548 252 2590 runs
266 2550 364 2609 aquae
378 2532 529 2609 infusione
550 2532 678 2591 lavisset.

100 2605 180 2671 Xlii.
206 2612 326 2671 Protata
349 2613 377 2670 in
400 2610 501 2687 lesum
524 2630 541 2671 a
564 2609 662 2671 Pilato.
679 2610 846 2675 sententia.
871 2611 1009 2675 obtinue-

69 2690 275 2758 nathinnaei,
304 2693 382 2769 quod
406 2695 435 2753 in
457 2694 682 2753 damnationem
703 2694 798 2751 suam·
815 2692 1009 2770 pertinaciter

69 2768 231 2845 exigebant:
256 2774 454 2851 &scoparum
475 2784 574 2835 nutem
590 2772 690 2835 ionum
706 2771 830 2833 ioannes
843 2772 917 2849 Cap.
931 2775 1010 2837 xix

68 2861 92 2906 t.
108 2850 142 2911 it
164 2868 189 2916 et
212 2854 403 2923 adunarunt:
426 2866 453 2915 et
474 2856 613 2935 hojnions
635 2853 692 2916 sihi
720 2854 845 2917 Crucem
860 2857 954 2917 emisit
974 2861 1010 2919 in

73 2945 136 3002 itm.
158 2938 212 3013 pot
235 2936 351 2998 dicitur
370 2936 530 2999 caluariae
545 2938 655 2997 iocum.
678 2932 831 2997 Christum
846 2937 948 3011 atiquo
963 2939 1010 2999 iti·
1062 2967 1067 2974 ·

72 3012 137 3074 neris
151 3021 256 3095 spatio,
282 3019 423 3077 nimirum
446 3019 599 3093 usquead
623 3024 741 3095 portam
763 3017 907 3080 Civitatis.
932 3017 1009 3080 Cru·
1078 3030 1083 3035 “

73 3104 126 3152 tem
156 3098 291 3159 humeris
317 3101 380 3159 suis
403 3106 539 3173 portasse
571 3099 695 3168 sotum,
729 3099 847 3160 videt-un
879 3098 1010 3161 indicare

74 3166 97 3227 S·
117 3174 238 3241 ioannes
260 3180 334 3259 Cap.
357 3180 436 3241 xlx
456 3198 488 3241 n.
517 3181 554 3240 17
577 3179 704 3241 dicens:
728 3178 768 3240 Et
789 3181 929 3261 tnjoinns
952 3183 1009 3241 sihi

78 3249 187 3321 Crucem
210 3263 304 3323 exivit
325 3268 384 3322 eto.
415 3262 456 3322 nt
476 3280 546 3323 cum
569 3259 635 3340 ejus
656 3268 756 3322 essent
781 3262 946 3322 exhaustae
967 3263 1010 3321 vi·

74 3346 120 3403 ¹0³,
142 3348 203 3403 turn
227 3345 265 3405 ob
281 3346 405 3403 tolerata
429 3338 530 3421 priinra
552 3349 713 3413 tormenta,
739 3349 802 3403 tum
823 3343 862 3401 ob
884 3345 1007 3405 crebras

74 3414 123 3477 toa
142 3433 225 3487 noete
248 3430 373 3503 totoque
394 3443 481 3486 mane
504 3424 541 3485 ab
564 3427 683 3485 uno-ad
699 3424 779 3485 atiud
798 3424 927 3485 tribunal
949 3426 1008 3487 dis·

76 3501 233 3589 trusionem
258 3507 415 3574 videntes,
439 3524 509 3567 eum
532 3507 616 3567 oneri
639 3524 735 3584 usque
758 3506 794 3565 ad
816 3506 918 3586 locum
937 3524 1008 3583 sup·

76 3572 138 3648 ilrnii
151 3583 272 3649 terendo
294 3589 440 3667 imparem
456 3604 534 3657 esse,
558 3589 659 3649 statim
681 3604 716 3648 ae
731 3595 817 3649 extra
832 3593 948 3666 portam
958 3587 1008 3651 Ci-
