2517 4059
541 198 600 258 *aiii
623 188 763 257 3666&

174 320 346 379 describens
367 317 482 377 obitum
506 316 603 377 Sancti
626 317 745 377 loannis
759 316 897 395 Episcopi
912 316 1134 395 Neapolitani:

175 404 211 463 ad
227 401 403 467 Ecclesiam,
427 400 532 474 inquit,
554 403 709 477 processit,
726 410 753 459 ct
767 418 887 459 ascenso
910 400 1059 459 tribunali
1076 420 1132 479 po·

172 486 277 565 putum
294 500 332 540 erc
346 498 427 538 more
448 481 601 545 salutauit,
619 483 864 559 resalutatusque
881 500 900 540 u
921 485 1030 559 populo
1050 479 1133 540 Oru-

174 568 284 625 tioucm
306 561 410 627 dedit,
440 572 466 620 cl
492 562 621 623 Coltecta
646 565 780 621 oratioue
801 560 942 640 spiritum
965 564 1132 622 eadelm-it.

174 646 288 707 Eadem
311 644 412 721 phrasi
430 643 524 701 utitur
540 642 713 703 Anastasius
735 645 763 702 in
781 644 850 703 Vita
866 643 961 720 Sergii
977 645 1007 705 ΙΙ
1029 646 1132 719 ipsum

175 727 309 789 reserens
330 724 497 785 Ecclesiam
523 726 713 799 ingressum,
737 743 807 785 cum
829 726 980 784 Ladonico
1003 723 1132 785 Franco-

174 828 241 870 rum
265 808 373 884 Rege,
405 823 509 865 omnes
532 812 824 882 autemprostralos
845 807 883 865 ad
905 806 1131 869 contessionem

173 892 208 951 B.
226 889 307 949 Petri
324 904 436 955 orasse,
455 896 482 945 et
498 885 572 945 doto
594 886 772 967 aPoutificc
786 906 875 967 super
891 890 1035 967 populum
1055 886 1134 947 Oro·

175 975 256 1032 tione
284 986 427 1047 repressos
450 986 518 1027 esse.
543 968 714 1045 Aliquando
747 972 775 1028 in
804 972 883 1030 dicta
905 969 1048 1029 Oratione
1076 988 1133 1047 per

174 1054 301 1114 verbum
330 1048 457 1121 Oramus
486 1051 627 1110 monebat
649 1050 795 1111 Sacerdos
827 1068 881 1127 pro
911 1052 1019 1127 quibus
1040 1067 1131 1110 oran-

174 1136 246 1194 dum
269 1132 346 1191 loret
368 1148 404 1190 ea
427 1129 566 1200 formula,
590 1150 646 1208 qua
671 1151 746 1193 nunc
767 1133 863 1191 utitor
877 1130 1010 1192 Ecclesia
1031 1134 1059 1192 in
1076 1130 1135 1192 ot-

173 1215 240 1274 srcio
256 1212 363 1273 Feriac
385 1218 487 1272 sextae
503 1214 627 1291 majoris
644 1213 949 1283 hebdomadam-cun·
971 1232 1025 1289 pro
1047 1214 1132 1273 omni

175 1302 253 1357 statu
277 1296 562 1373 hominumpreces
584 1294 702 1355 scindit:
727 1296 868 1370 adquam
892 1312 1008 1353 morem
1025 1296 1132 1356 alludit

175 1378 358 1454 Augustinus
382 1374 512 1451 Epistola
535 1376 595 1433 217
619 1396 647 1435 n.
671 1376 691 1435 ἓ
712 1378 749 1436 ad
766 1377 896 1437 Vitalem
912 1376 1132 1453 Carthaginen-

175 1478 249 1526 sem,
274 1459 325 1534 qui
349 1474 505 1533 perperam
529 1456 656 1517 docebat
677 1477 734 1518 non
757 1476 822 1518 esse
845 1459 991 1518 orandum
1015 1476 1068 1533 pro
1085 1461 1131 1518 in-

175 1540 316 1601 credulis.
340 1538 437 1609 Certis
459 1538 564 1597 diebus
596 1546 755 1615 postquam
789 1540 862 1599 dixit
884 1539 1028 1599 Sacerdos
1054 1537 1130 1600 Ore·

174 1642 250 1688 mus,
274 1622 297 1679 si
321 1621 437 1695 private
453 1620 596 1685 celebret,
614 1620 687 1682 dicit
699 1620 865 1680 Flectamus
879 1640 988 1698 qcaua,
1006 1627 1036 1681 et
1052 1622 1143 1682 haec‘

174 1704 275 1762 dicens
298 1720 390 1777 genua
413 1699 517 1768 flectit,
540 1701 584 1759 sin
608 1707 710 1763 autem
734 1701 905 1761 solemniter
926 1702 1069 1773 celebret,
1086 1704 1129 1763 di·

174 1787 214 1843 cit
236 1783 379 1842 Sacerdos
406 1780 544 1851 Oramus,
561 1782 710 1843 Diaconus
732 1784 831 1842 subdit
845 1782 1010 1860 Flectomus
1032 1804 1132 1861 praua

174 1870 205 1925 et
219 1864 423 1925 Subdiaconus
446 1882 524 1923 nunc
541 1866 704 1939 respondet
714 1862 831 1925 Leoom.
848 1864 920 1924 Post
934 1867 1129 1927 monitionem

174 1945 296 2007 Diaconi
318 1944 534 2019 aliquantulum
558 1946 684 2006 orabant
704 1944 829 2015 fideles,
859 1951 923 2005 tum
947 1948 1069 2015 moniti,
1095 1956 1127 2010 ut

174 2028 309 2087 levarent
330 2045 373 2093 sc,
398 2027 571 2103 surgebant,
596 2032 627 2086 et
649 2027 795 2088 Sacerdos
817 2025 872 2085 illis
894 2028 1050 2096 stantibus,
1075 2032 1128 2090 ab·

175 2109 310 2168 solvebat
334 2107 505 2169 collectum.
530 2108 645 2167 Alludit
666 2109 703 2168 ad
726 2109 805 2167 hunc
827 2109 919 2167 ritum
947 2108 977 2167 S.
1001 2109 1131 2171 Basilius

173 2189 300 2266 Magnus
322 2188 412 2248 Libro
435 2188 470 2247 de
484 2188 603 2269 Spiritu
619 2190 728 2251 Sancto
750 2188 822 2265 Cap.
840 2188 882 2248 27
903 2190 1026 2248 dicens:
1054 2190 1132 2265 Quo-

175 2272 228 2331 ties
250 2288 347 2347 qeuua
369 2270 538 2350 flectimus,
569 2279 596 2329 ct
618 2288 741 2331 rursum
769 2272 935 2348 eripimur,
964 2273 1028 2348 ipso
1050 2272 1132 2349 sacto

175 2350 366 2419 ostendimus,
392 2349 469 2429 quod
491 2352 524 2409 ob
543 2362 697 2427 peccatum
717 2353 751 2412 ia
774 2363 857 2412 terro
879 2350 993 2431 delapsi
1014 2371 1129 2423 sumus,

175 2443 202 2493 et
219 2451 276 2510 per
297 2433 516 2491 humanitatem
540 2434 612 2511 ejus,
630 2434 683 2511 qui
697 2434 809 2494 creauit
830 2452 891 2501 nes,
913 2436 946 2493 iu
962 2436 1072 2493 coelum
1087 2454 1131 2495 rc·

177 2515 275 2575 uocati
295 2532 407 2573 sumus.
432 2512 473 2573 At
494 2514 606 2581 hodic,
630 2532 700 2573 cum
724 2515 840 2576 nullum
863 2512 915 2574 frat
935 2516 1129 2577 intervallum

175 2597 252 2654 inter
267 2592 437 2655 Flectamus
459 2612 568 2672 prauo,
594 2592 754 2667 celerate,
778 2596 924 2655 sancitum
940 2602 996 2664 est,
1020 2603 1054 2657 ut
1068 2600 1129 2675 pri-

174 2693 260 2735 mum
282 2694 298 2733 a
320 2673 466 2747 Diacono,
491 2684 522 2737 ct
542 2676 671 2738 alterum
695 2678 812 2737 dicatur
833 2696 850 2737 a
873 2676 1072 2739 Subdiacono.

216 2755 256 2819 ll.
280 2754 464 2827 Orationes,
488 2776 565 2833 quae
588 2760 618 2816 in
641 2757 732 2818 Missa
753 2758 914 2826 dicuntur,
938 2759 1132 2836 appellantur

176 2838 265 2899 etiam
286 2837 440 2910 Collinae,
461 2839 592 2901 Collecta
608 2845 726 2899 estnon
747 2842 921 2916 aequivoca,
946 2858 1013 2899 nam
1035 2844 1132 2901 sumi·

175 2924 225 2979 tur
258 2920 417 2995 aliquando
446 2938 501 2997 pro
531 2922 665 2997 qualibet
693 2919 849 2980 hominum
879 2921 1070 2981 multitudine
1098 2926 1129 2983 ia

176 3018 269 3059 unrnn
292 3008 483 3079 congregata,
504 3004 634 3062 sumitur
656 3002 743 3061 modo
765 3020 821 3078 pro
835 3001 1073 3080 Congregationc
1094 3004 1131 3064 lr-

176 3080 287 3141 delium
312 3082 398 3142 simul
422 3084 663 3143 convenientium
687 3084 723 3142 ad
746 3082 930 3151 Orationem,
954 3092 1044 3160 atque
1067 3086 1127 3147 hoc

175 3178 262 3221 sensu
285 3162 402 3237 phrasis
425 3170 471 3223 est
492 3166 622 3241 antiquis
637 3161 786 3230 Patribus,
809 3170 840 3224 et
854 3164 1010 3225 Historicis
1026 3164 1130 3227 Eccle-

175 3243 301 3303 siasticls
322 3244 408 3304 valde
431 3247 565 3314 usitata,
593 3245 738 3307 Collectos
763 3263 874 3323 apere,
903 3248 1060 3307 conuenire
1088 3248 1132 3307 ad

179 3322 347 3399 Calliclem,
363 3324 461 3385 adesse
478 3325 641 3395 collectam
655 3328 765 3387 adcout
780 3328 836 3387 lroc
853 3346 960 3389 nomeu
976 3328 1128 3406 adipsum

174 3403 310 3463 divinum
333 3404 483 3473 Officium,
506 3414 537 3468 ct
559 3408 595 3467 ad
610 3408 720 3468 Missae
742 3407 927 3469 Sacrificium
951 3409 1128 3472 translatum

177 3485 224 3543 sit.
251 3480 365 3547 Eadem
388 3504 460 3547 voce
482 3486 593 3549 Paulus
615 3488 777 3567 Apostolus
809 3508 878 3551 usus
899 3498 945 3551 est
966 3490 980 3550 1
1012 3491 1049 3551 ad
1071 3491 1129 3553 Co·

177 3564 306 3665 rinthios
328 3566 400 3646 Cap.
425 3567 499 3628 XVI
523 3588 575 3649 pro
597 3568 818 3650 eleemosynis,
841 3590 921 3651 quae
948 3574 984 3633 ad
1007 3572 1129 3637 alendos
