2517 4059
553 200 776 273 medeae

561 408 688 472 CAPUT
711 410 769 471 tx.

359 579 405 625 lIE
433 577 673 629 insteuleus
698 576 978 629 episcopellum

447 756 489 797 nu
510 755 633 799 caereis
656 755 696 798 ET
718 754 878 799 SANDALIS.

230 900 255 961 l.
273 900 411 961 Sandalia
426 919 481 978 pro
496 903 599 978 caligis
614 901 773 977 aliqnando
788 900 1020 977 ascriptoribus
1036 902 1143 965 Ecule-

189 984 318 1043 siasticis
332 989 454 1059 accepta
470 982 571 1051 luisse,
599 983 700 1043 multis
715 982 803 1043 docel
817 983 950 1060 Angelus
964 982 1062 1044 llocca
1084 984 1141 1045 Ta-

189 1066 336 1143 gastensis
350 1062 528 1141 Episcopus,
545 1068 576 1123 in
592 1083 683 1142 opere
704 1066 753 1123 cui
777 1064 896 1125 titulus:
920 1062 1141 1139 Observationes

188 1150 223 1206 in
237 1146 382 1223 imagines
410 1144 441 1204 S.
461 1145 602 1225 Gregorii
626 1166 646 1207 o
662 1148 791 1205 Iohanne
815 1146 950 1206 Diouem
965 1148 1138 1228 descriptus.

188 1228 310 1287 Etenim
341 1246 377 1287 ea
398 1228 491 1287 verba
506 1230 637 1289 Actuum
655 1226 868 1305 Apostolorum
890 1228 961 1304 Cap.
977 1228 1035 1290 Xll
1058 1248 1088 1289 v.
1106 1227 1138 1289 8.

187 1306 399 1387 Proccinperc,
427 1319 455 1369 ct
483 1310 583 1369 calceo
598 1321 626 1370 tc
642 1311 753 1387 caligas
778 1318 857 1378 taus,
886 1312 914 1369 in
941 1330 1029 1389 greco
1055 1318 1138 1373 textu

177 1386 332 1449 .σανδαλια
357 1409 412 1467 pro
437 1392 539 1469 caligis
563 1399 658 1459 sunt;
686 1399 716 1452 et
740 1390 943 1471 Hieronymus
974 1395 1003 1452 in
1029 1393 1139 1453 isaiam

190 1472 265 1551 cap.
283 1470 345 1531 XX
362 1474 573 1543 calceamenta,
590 1480 620 1533 et
641 1473 771 1533 sandalia
794 1490 847 1549 pro
862 1474 967 1533 eadem
984 1493 1016 1537 re
1032 1476 1136 1536 sumit.

184 1551 300 1631 Caligas
315 1559 414 1615 autern
432 1572 486 1629 pro
501 1556 610 1615 calceis
637 1556 793 1632 usurpavit
807 1556 895 1615 etiarn
923 1555 955 1616 S.
970 1556 1134 1636 Gregorius

184 1636 386 1713 Dioloporam
411 1632 512 1699 Lib-I
535 1633 680 1713 capll',
705 1642 735 1695 et
756 1636 903 1697 lohannes
930 1636 1080 1699 Diaconos
1106 1641 1135 1698 in

184 1719 249 1779 cito
265 1718 394 1799 ejusdcm
420 1716 452 1776 S.
472 1716 612 1796 Gregorii
626 1714 690 1777 Lib.
709 1718 756 1780 IV
771 1718 847 1798 Cup.
865 1717 1030 1783 LXXXIII.
1048 1720 1136 1782 lsido

183 1818 238 1861 rus
260 1801 459 1878 praeteream
476 1800 663 1879 etymologiis
678 1816 732 1877 per
747 1797 895 1866 sandalia,
916 1804 1026 1881 caligas
1048 1803 1134 1863 intel·

185 1882 277 1961 ligere
303 1882 433 1941 videtur.
460 1880 564 1943 Tradit
593 1880 731 1941 laudatus
759 1882 947 1960 Tagastensis
972 1885 1132 1956 Antiates,

183 1963 273 2025 hodie
288 1964 412 2021 nonnisi·
429 1961 598 2023 Romanum
619 1960 803 2034 Pontificem,
818 1962 993 2043 Episcopus,
1018 1973 1048 2026 et
1064 1965 1137 2027 Pre-

183 2046 321 2124 sbyteros
348 2044 517 2105 Cardinales
547 2044 719 2111 otiantem,
751 2046 924 2122 etquidem
952 2066 968 2107 a
995 2054 1134 2109 veterum

182 2128 384 2186 sandaliorum
397 2126 492 2186 turma
506 2126 697 2187 dissimilibus
711 2146 718 2186 ε
743 2128 903 2204 aliquando
919 2148 991 2190 vero
1005 2129 1134 2209 Presby-

183 2210 266 2271 teris
282 2224 316 2268 ac
331 2205 490 2276 Ducenio,
515 2214 545 2267 et
566 2207 759 2268 subdiaconis
781 2210 809 2269 in
832 2208 985 2271 Sacrificio
1007 2214 1134 2287 permis-

182 2308 224 2349 sa.
255 2288 299 2348 ne
328 2306 398 2348 vera
429 2291 458 2348 in
484 2291 706 2351 consecratione
733 2288 872 2369 Episcopi
900 2292 1052 2368 sandalia,
1076 2312 1133 2355 cen

182 2389 274 2433 unum
302 2373 535 2431 exornamentis
551 2370 777 2450 Episcopalibus
807 2382 1013 2435 recensentur.
1039 2372 1133 2435 Ortus

181 2461 283 2514 autern
298 2450 420 2513 videtur
435 2464 500 2512 mos
514 2453 552 2512 ab
569 2452 719 2529 Apostolis
729 2452 837 2530 unibus
854 2454 997 2517 Dominus
1010 2473 1134 2533 praece-

179 2538 236 2612 pit,
264 2542 298 2596 ut
312 2534 443 2596 sandalia
467 2542 630 2613 gestarent,
659 2536 856 2612 quoiactum‚
884 2544 918 2598 ut
946 2539 982 2599 ab
997 2535 1132 2599 Ecclesia

182 2618 351 2678 institutum
375 2615 478 2681 luerit,
506 2616 669 2695 Episcopus
692 2618 734 2677 nli
756 2618 905 2685 sandaliis,
930 2620 1003 2679 dum
1022 2618 1130 2681 sacrifi-

180 2704 250 2759 cant
264 2697 446 2759 solemniter.
463 2697 550 2771 Quod
574 2716 647 2757 veru
664 2699 700 2758 de
716 2695 872 2777 Episcopis
887 2707 933 2762 est
949 2702 1129 2768 institutum,

179 2786 213 2841 ut
228 2779 358 2841 sandalia
373 2780 519 2847 delerant,
536 2780 564 2838 id
586 2780 787 2857 autApostoli
801 2779 917 2859 jussere
933 2790 986 2845 aut
1002 2785 1020 2843 ii
1037 2785 1127 2861 primi

179 2862 260 2923 bunc
276 2862 366 2922 ritum
382 2863 540 2923 induxere.

219 2943 258 3003 ll.
275 2942 482 3005 Sandaliorum
498 2944 609 3002 mentio
639 2943 718 3019 apud
733 2961 837 3005 omnes
852 2962 1007 3007 sacrarum
1025 2964 1126 3013 caere·

178 3026 346 3084 munierum
358 3024 527 3103 Scriptores
540 3026 683 3084 occurrit.
712 3022 862 3100 Rupertus
877 3026 1037 3089 Tulliensis
1063 3044 1130 3087 sau-

177 3106 267 3170 dalia‚
296 3105 456 3183 peculiaria
474 3104 691 3183 Episcopornnr
716 3106 794 3175 lauit,
817 3114 848 3169 et
864 3111 1005 3188 mysticas
1019 3125 1126 3170 eorum

178 3185 408 3266 significationes
422 3190 583 3264 expromit..
608 3186 653 3265 lta
669 3206 788 3264 quoqne
811 3188 962 3251 Honorius
978 3193 1128 3269 Angusto·

62 3330 67 3337 ,
176 3270 317 3331 dunensis
338 3270 476 3330 minutim
500 3270 632 3348 singulas
655 3270 855 3333 sandaliorum
878 3280 978 3349 partes
1001 3273 1129 3351 mystice

177 3352 402 3429 interpretatur.
426 3351 575 3413 Brevibus
595 3368 667 3412 vero
690 3352 819 3413 sandalia
842 3354 1058 3433 Episcoporum
1080 3354 1128 3414 de·

180 3434 284 3493 scribit
315 3431 405 3511 lingo
428 3431 612 3495 Victorinus.
645 3432 709 3493 Nec
732 3438 970 3511 praetereundus
993 3454 1070 3512 quae
1090 3435 1129 3496 de

177 3516 320 3575 sandaliis
343 3516 509 3576 memoriae
524 3516 655 3592 prodidit
670 3514 810 3577 Sicardus
825 3516 991 3595 Episcopus
1006 3515 1130 3579 Cremu·

176 3597 275 3656 nensis
297 3597 327 3655 in
343 3596 474 3658 Irlitroli.
499 3596 621 3657 Sicardo
636 3595 806 3675 jungendus
821 3605 866 3660 est
880 3600 1070 3661 Innocentius
1083 3600 1127 3661 lll
