2517 4059
567 168 792 239 emittas<-

204 300 385 376 reliquisse,
420 299 505 359 utin
536 301 585 359 die
607 288 707 359 obitus
735 298 779 357 sui
802 295 975 371 Capitulum
1008 294 1162 357 Ecclesiae

202 400 284 451 suae,
308 382 473 442 solemnem
496 381 596 441 Sancti
620 380 739 458 loscpbi
770 380 947 439 memoriam
976 378 1156 440 celebraret

202 463 269 524 Hoc
292 464 342 522 ubi
364 470 521 524 assecutus
542 471 587 523 est
607 463 733 525 baanes
754 458 870 521 Gerson
894 458 1014 525 Ductor.
1033 468 1064 521 et
1084 460 1158 523 Can·

202 545 343 605 cellarius
375 543 582 605 Universitatis
614 544 810 609 Parisiensis‚
844 543 894 617 qui
929 561 1045 602 summa
1078 544 1159 605 lose-

203 627 296 704 pbum
326 628 436 702 pietate
464 628 602 698 colebat,
633 627 750 687 monuit
783 625 890 698 triplici
924 626 1038 684 ratione
1070 643 1159 701 posse

202 707 367 770 Canonicos
389 708 522 769 defuncti
545 709 688 769 voluntati
711 706 862 781 obsequi:
898 708 926 765 iu
956 724 1086 783 quarum
1113 726 1161 767 ra·

204 792 319 851 tionum
342 810 469 852 numero
491 792 585 851 altera
607 798 692 860 erat,
717 795 752 850 ut
773 788 944 848 Ollicium'
938 807 964 846 rn
982 792 1160 849 memoriam

203 872 446 949 Desponsationis
471 872 602 949 Virginis
633 890 702 933 crrm
726 870 854 967 loseplro
887 872 974 929 initae
1007 871 1162 947 persolve·

204 963 296 1014 rent:
305 957 400 1049 quod
430 955 566 1031 quidem
578 953 719 1015 Ollicium
753 955 816 1029 ipse
844 952 1020 1029 composuit.
1038 950 1162 1015 Colve-

204 1039 306 1097 uerius
333 1038 361 1094 iri
385 1035 580 1096 Kelenderis
594 1033 788 1097 Beatissimae
814 1034 945 1111 Virpinis
972 1032 1012 1092 cd
1037 1032 1085 1091 23
1106 1030 1162 1092 Fe-

204 1118 325 1178 bruarii
339 1117 417 1176 diem
435 1121 599 1177 memoriae
622 1117 762 1195 prodidit,
779 1116 977 1193 compositum
994 1115 1083 1175 luisse
1099 1116 1164 1191 qui·

204 1201 274 1259 dem
297 1216 315 1257 a
340 1199 450 1259 Ioanne
473 1193 589 1259 Gerson
612 1200 688 1266 hoc,
713 1199 791 1276 quod
818 1200 969 1267 dicimus,
990 1196 1162 1267 Officium,

204 1281 255 1340 sed
279 1282 417 1375 periisse
443 1280 483 1340 lit
497 1282 649 1359 deinceps,
675 1301 744 1341 curn
768 1281 929 1357 aaninio
951 1280 1029 1341 edita
1046 1280 1162 1339 luerint

205 1363 305 1423 omnia
328 1361 447 1423 loannis
467 1360 603 1423 Gersonii
626 1382 730 1440 opera,
755 1364 852 1423 editae
875 1362 961 1422 luere
983 1364 1073 1420 etiam
1092 1364 1162 1439 Epi-

206 1446 299 1505 stolae
320 1444 397 1505 duae
420 1444 531 1505 abhoc
554 1444 683 1506 Doctore
706 1445 912 1511 elucubratae,
937 1445 964 1502 in
988 1446 1097 1539 quibus
1119 1446 1159 1504 de

204 1524 322 1594 Officio,
347 1528 424 1604 quod
442 1528 627 1586 dicimus⁰
591 1528 667 1605 agit.
692 1526 831 1588 Officium
855 1544 974 1601 quoque
991 1528 1089 1602 ipsum
1115 1527 1163 1585 in·

205 1614 336 1685 legrum,
361 1618 391 1670 et
413 1611 456 1669 uti
472 1610 537 1669 dici
561 1628 625 1668 mus
648 1614 718 1679 est,
739 1626 796 1689 per
819 1618 970 1667 extrusum
993 1609 1160 1667 exhibetur

204 1689 308 1750 Postea
330 1709 407 1751 vero
428 1691 488 1750 duo
503 1692 614 1751 vetusti
636 1688 761 1750 Codices
784 1690 963 1785 allegantur,
988 1707 1024 1749 ex
1047 1690 1162 1765 quibus

204 1772 355 1839 discimus,
379 1771 568 1833 Pontificium
585 1770 757 1847 Legatum
745 1774 870 1849 jussisse
893 1770 1001 1832 festum
1027 1770 1163 1847 Despon-

204 1855 327 1915 satiouis
343 1854 475 1932 Virginis
497 1872 567 1914 cum
590 1853 719 1931 losepbo
742 1853 900 1913 celebrari.
918 1852 976 1913 Sed
998 1862 1079 1913 certe
1104 1852 1161 1912 llo·

204 1954 324 1995 marram
347 1937 514 1996 Ecclesiam
538 1937 713 1997 moderante
735 1934 829 1996 Paulo
854 1934 920 2003 ΙΙΙ,
942 1932 1067 1995 loannes
1090 1932 1160 1995 Cal-

203 2036 259 2077 vus
282 2014 423 2077 Fratrum
446 2019 597 2078 Minorum
621 2016 853 2077 Commissarius
875 2016 1021 2085 obtinuit,
1046 2022 1080 2076 ut
1103 2016 1162 2076 lti-

205 2116 311 2158 uorum
333 2097 428 2168 Ordo,
452 2101 581 2175 ideoque
603 2107 666 2160 tam
689 2098 834 2164 Fratres,
858 2116 948 2174 quam
971 2098 1095 2158 Sorores
1118 2100 1163 2158 ei-

203 2182 273 2240 dem
295 2177 400 2239 Ordini
423 2182 534 2241 addicti
548 2179 689 2241 Officium
708 2180 948 2258 desponsationis
964 2180 1162 2240 beatissimae

203 2261 319 2321 Mariae
342 2264 525 2330 recitarent,
542 2264 667 2323 retentis
691 2263 869 2341 Antiphonis
891 2260 1074 2329 Nativitatis,
1099 2260 1163 2321 lle-

203 2343 365 2421 sponsoriis
388 2362 520 2422 quoque,
545 2363 579 2405 ac
604 2343 778 2413 Versiculis,
803 2344 854 2403 sed
871 2344 1031 2405 substituto
1047 2344 1162 2403 nomini

203 2426 457 2520 Demoosctionis,
484 2429 606 2504 proprio
622 2432 724 2487 tamen
740 2424 904 2502 Evangelio
927 2426 1023 2498 eidem
1046 2424 1163 2485 lestini-

203 2508 257 2569 tati
281 2508 453 2584 assignato:
478 2509 577 2567 verbis
599 2509 713 2571 scilicet
734 2508 816 2567 illis:
846 2507 923 2570 Cum
946 2517 1015 2568 esset
1037 2504 1161 2586 despon-

203 2599 271 2650 soto
291 2595 374 2655 etc,
397 2590 491 2652 donec
513 2588 654 2657 Officium
671 2591 857 2667 peculiare
880 2608 915 2648 ac
938 2589 1090 2667 proprium
1115 2591 1168 2660 ei·¹

203 2670 272 2732 dem
295 2631 459 2732 Festivitati
484 2673 676 2733 tribueretur
711 2671 754 2730 Ea
782 2676 879 2732 aetate
903 2670 1024 2729 vivebat
1051 2668 1161 2731 Petrus

202 2750 282 2811 Dore
303 2751 422 2813 Ordinis
437 2753 692 2826 Praedicatorum‚
717 2755 764 2812 cui
782 2770 930 2813 summam
955 2752 1074 2812 larrdem
1092 2769 1162 2810 con-

205 2833 344 2894 ciliarunt
366 2854 412 2905 oa,
436 2856 514 2913 quae
538 2836 630 2897 edidit
652 2852 766 2910 opera,
779 2852 854 2910 quae
871 2840 1008 2895 recenset
1031 2835 1157 2894 lacobus

203 2902 339 2975 Ecbard
351 2914 431 2977 Tem.
449 2919 478 2980 ΙΙ
494 2918 528 2977 de
543 2917 746 2995 Scriptoribus
765 2914 890 2975 Ordinis
913 2914 1160 2977 praedicatorum

204 3016 272 3074 pag
297 2997 369 3056 aba.
393 2999 551 3061 Commisit
572 3001 643 3059 buic
665 2998 778 3057 Paulus
791 2996 831 3057 ΙΙΙ
847 2996 986 3057 Officium
1009 2996 1099 3075 hujus
1122 2996 1163 3057 ie·
1185 3046 1188 3055 Ι

203 3080 340 3139 stivitatis
362 3098 555 3157 componere.
572 3082 700 3146 Literas,
714 3098 790 3155 quae
811 3078 974 3157 jussionem
997 3078 1074 3139 banc
1089 3094 1163 3139 cou-

203 3162 308 3227 tinent,
326 3160 419 3221 edidit
433 3162 640 3223 Colveuerius.
658 3160 796 3221 Officium
814 3178 904 3239 porro
920 3163 1015 3238 ipsum
1039 3159 1162 3221 aPetro

204 3239 284 3302 llorb
301 3244 500 3319 compositum
524 3246 706 3321 evulgaverc
721 3243 798 3303 Socii
816 3242 1025 3302 bollandistae.
1042 3241 1161 3321 ignora·

204 3331 344 3395 reautem
359 3342 392 3383 se
403 3324 515 3408 latetur
527 3326 718 3388 doctissimus
728 3325 864 3385 Pontilex
873 3324 1056 3392 Benedictus
1071 3324 1160 3397 xlv.

206 3423 278 3466 num
292 3404 432 3465 Officium
457 3407 535 3467 istud
552 3405 703 3466 Ecclesiae
720 3406 1080 3485 universac'propositnm
1097 3408 1163 3468 iuc-

207 3488 246 3546 rit
268 3488 304 3546 ad
328 3488 528 3549 recitandum.
553 3488 629 3549 lllud
652 3506 692 3547 ex
716 3490 746 3549 S.
771 3490 893 3549 llituum
916 3486 1168 3566 congregationis
