2517 4059
573 190 634 270 an
655 200 696 260 ⁷6
717 209 778 269 ne

207 344 287 388 nem.
305 324 337 385 id
360 326 489 388 affirnrat
503 328 594 387 Diuus
610 331 803 407 Augustinus,
832 326 929 390 Traat.
950 327 1012 387 106
1025 325 1174 386 inloca-

207 428 291 479 nem,·
312 412 460 470 consentit
482 409 575 471 Divus
597 411 739 491 CyriiinS,
766 410 914 473 catechesi
937 410 993 479 15;
1017 413 1049 467 et
1070 408 1173 467 Divus
1248 437 1249 480 3

207 488 466 569 chrysostomus,
491 490 624 555 Humilia
640 492 686 553 dd
707 492 930 560 iohannem:
951 497 981 551 et
1003 508 1041 551 ex
1063 489 1173 549 verbis
1196 563 1203 573 ⁶
1248 489 1249 558 j

207 570 362 649 Evangelii
385 574 467 633 aiere
484 573 592 651 iiquet:
616 574 691 635 dixit
711 574 792 635 enirn
809 572 937 633 Piiatus:
961 569 1173 632 Mandatum
1248 611 1249 614 η

207 654 295 713 ilium
317 652 478 715 dimittam.
508 656 613 729 Quoad
637 657 759 716 modum
786 654 1018 733 flagellationis,
1051 652 1173 747 dupiex

208 734 287 812 apud
299 731 457 797 Hebraeos
468 745 534 798 erat
544 739 744 817 percussionis
758 738 937 814 supplicium
953 754 1045 796 unum
1058 736 1170 809 virgis,
1248 763 1249 802 3

208 834 262 878 seu
284 818 428 878 arborum
453 820 544 880 ramis
567 821 695 880 invicem
719 818 883 895 colligatis,
907 819 1037 877 aiterum
1059 814 1171 893 flagris

209 917 262 960 seu
280 898 411 961 ionibus.
437 900 537 981 Virgis
560 920 592 963 se
615 901 709 961 inisse
731 918 851 962 caesum
869 905 998 960 testatur
1012 898 1126 957 Pauius
1139 895 1173 957 11

212 981 346 1046 Corintho.
370 980 442 1060 Cap.
467 981 512 1041 xt
535 1001 565 1042 v.
589 982 651 1045 25:
680 980 842 1061 Taroirpia
863 998 1054 1056 caesaream.
1077 976 1173 1038 Chri·
1248 989 1249 1038 ξ

208 1068 290 1123 stum
313 1069 412 1123 tamen
436 1064 609 1143 nonvirgis,
634 1064 684 1125 sed
707 1062 808 1141 flagris
829 1080 950 1122 caesum
974 1062 1076 1130 icisse,
1100 1078 1170 1121 eer-
1248 1099 1249 1102 ,

210 1149 283 1204 tum·
297 1148 364 1201 est:
399 1145 457 1204 hoc
478 1146 558 1205 enim
583 1148 703 1224 proprie
725 1152 771 1206 est
791 1144 948 1223 ssagaiiari.
974 1142 1086 1219 Virgae
1109 1142 1171 1202 ho·
1248 1143 1249 1192 i

213 1224 356 1284 nestiores
378 1233 475 1295 orant,
499 1226 592 1305 flagra
614 1245 792 1295 servorum,
807 1228 875 1288 iiiae
899 1224 995 1302 tignis,
1021 1223 1098 1283 haec
1123 1224 1170 1283 io·

209 1386 386 1463 asperrima,
410 1391 450 1450 ita
472 1396 505 1451 ut
526 1388 672 1451 Horatius
694 1387 757 1448 tto.
781 1388 803 1448 1
820 1389 924 1453 Saura
945 1386 965 1447 3
984 1393 1075 1448 uocet
1094 1387 1168 1446 hor·

209 1468 296 1527 rihito
311 1468 471 1548 papatiam.
489 1470 574 1531 Unde
589 1472 673 1533 lesus
688 1488 758 1531 cum
780 1471 818 1532 de
833 1470 1015 1531 eruciatibus
1035 1473 1066 1528 ot
1081 1468 1168 1545 igno*

113 1325 115 1328 ·
210 1305 252 1365 ris
273 1322 308 1364 aa
331 1304 452 1369 ionibus
474 1308 675 1369 constabant:
700 1308 768 1369 iiico
791 1308 926 1368 mitiores
946 1314 1052 1374 erant,
1088 1305 1170 1365 haec
1248 1375 1249 1380 η

192 1550 311 1608 ¹miniis
335 1552 479 1624 passionis
501 1571 572 1613 suae
596 1555 773 1630 toqueretur
804 1555 939 1613 omnium
962 1548 1169 1627 primanrssa·
1248 1543 1249 1618 f

210 1630 399 1709 saltationem
422 1635 688 1695 commemorabat.
711 1634 815 1707 Quoad
834 1651 999 1695 numerum
1023 1632 1169 1693 iictorum
1248 1647 1249 1650 ’

211 1728 263 1773 seu
287 1711 512 1790 flagellantium,
537 1721 567 1777 et
591 1717 745 1793 plagarum
768 1733 822 1775 seu
845 1715 1021 1784 verberum,
1045 1712 1083 1772 de
1098 1712 1168 1773 hoo
1248 1747 1249 1774 3

211 1792 288 1853 nihii
308 1798 383 1856 certi
405 1796 612 1876 err-Scriptura
636 1804 668 1859 ct
688 1796 825 1857 Patribus
841 1796 967 1874 proferri
992 1798 1102 1873 potest,
1127 1812 1169 1856 ex
1248 1803 1249 1808 ’

211 1876 321 1951 quihus
343 1878 440 1939 sotum
464 1878 617 1948 habetur,
652 1878 730 1957 quod
753 1878 810 1939 init
830 1876 1008 1956 flagellatus.
1043 1876 1088 1957 De
1109 1894 1192 1937 our
1248 1939 1249 1946 ,

212 1974 297 2018 mero
319 1957 480 2029 iictorum,
505 1966 634 2038 quatuor
656 1960 758 2027 inisse,
783 1962 834 2035 qui
856 1954 1167 2035 Christumflageiias
1248 1965 1249 2014 t

211 2044 293 2105 rrrnt,
319 2040 613 2103 asseruitlansenius
628 2041 777 2119 Yprensis
798 2043 826 2099 in
844 2038 1075 2120 CaputXXVli·
1087 2038 1177 2098 Mat·⁴

212 2116 292 2177 thaei
306 2121 389 2184 ,scd
413 2134 473 2198 quo
495 2122 690 2183 tundamento
713 2124 770 2183 hoe
791 2123 891 2200 dicat,
926 2141 983 2181 nou
1005 2122 1165 2197 exprimit.
1248 2145 1249 2188 ς

210 2196 294 2258 Idem
317 2200 383 2260 dico
405 2203 441 2262 do
468 2221 594 2263 numero
620 2205 786 2266 verberum
808 2211 860 2264 seu
882 2204 1011 2265 ictuum.
1033 2200 1064 2261 Si
1090 2200 1166 2277 Legi

212 2277 352 2341 Iudaicae
375 2285 514 2343 standum
537 2284 661 2355 suisset,
686 2287 881 2363 quadraginta
904 2285 1028 2343 verbera
1051 2283 1167 2363 suppti-

211 2362 292 2421 cium
315 2364 386 2422 iiiud
410 2384 467 2425 non
488 2369 683 2434 excessisset,
708 2386 764 2428 nec
786 2368 871 2445 piura
893 2385 911 2427 a
932 2363 1028 2425 Pilato
1049 2362 1164 2434 Iudaei,

212 2446 405 2519 quantumvis
420 2444 532 2506 Christi
547 2450 722 2525 sanguinem
738 2450 871 2509 sitientes
885 2448 1037 2525 postutare
1053 2447 1168 2525 potuis*

195 2532 289 2593 sent.
314 2525 427 2587 Verum
450 2530 548 2588 nutius
571 2530 774 2606 praescriptus
794 2529 938 2590 Romanis
960 2528 1076 2609 iegibus
1097 2544 1167 2587 ver«

212 2604 320 2667 berum
342 2625 506 2679 numerus,
530 2614 561 2669 et
585 2608 698 2671 Pilatus
721 2612 835 2671 nntium
857 2611 893 2671 ad
917 2608 1098 2670 Hebraicam
1122 2610 1166 2669 ie·

212 2704 279 2765 gem
302 2688 443 2762 videtur,
479 2690 617 2751 habuisse
648 2699 828 2769 respectum.
859 2691 974 2764 Quibus
997 2691 1165 2751 verisimiie

213 2768 297 2831 nobis
318 2768 376 2839 iit,
408 2773 494 2851 iunge
518 2772 677 2848 pluribus,
707 2790 797 2850 qrrarn
820 2774 1020 2851 quadragenis
1041 2790 1165 2834 caesum

211 2868 277 2911 esse
292 2854 481 2915 verberibus.
505 2854 643 2927 Quantus
658 2854 748 2915 irretit
770 2854 819 2914 iiie
835 2872 987 2920 numerus,
1012 2854 1165 2914 affirmare

212 2950 270 3007 non
292 2952 462 3011 possumus,
486 2938 554 3013 quia
577 2954 674 3011 neqrre
696 2935 725 2993 in
748 2934 913 3012 Scriptura,
938 2950 1036 3011 neqire
1057 2934 1166 2995 asans

212 3016 267 3075 atis
289 3014 428 3078 Patribus
451 3019 577 3077 traditus
600 3023 656 3078 est.
681 3015 834 3077 Christum
857 3019 893 3076 ad
915 3019 1088 3077 cotumnam
1111 3014 1165 3075 ssa-

211 3094 352 3173 getiatum
375 3116 451 3167 esse,
475 3098 597 3159 tradunt
618 3104 737 3159 veteres
758 3096 862 3158 Patres
883 3104 914 3159 et
935 3097 1088 3167 Historiei,
1112 3114 1165 3157 ne‹

211 3194 272 3255 que
291 3179 352 3240 hoo
367 3185 496 3246 tanturn,
520 3178 571 3239 sed
587 3185 617 3239 et
639 3180 807 3239 columnam
831 3180 908 3241 hanc
932 3180 1049 3258 pietatis
1063 3186 1095 3240 et
1116 3198 1166 3240 re·
1188 3178 1195 3191 '

191 3280 192 3283 ¹
211 3259 327 3336 ligionis
341 3279 412 3339 ergo
433 3258 610 3321 Christianis
631 3278 752 3321 summo
775 3262 803 3319 in
820 3262 914 3337 pretio
931 3268 962 3321 et
983 3260 1098 3321 honore
1115 3261 1166 3321 ha·

210 3340 316 3403 bitem.
351 3342 476 3403 Sanctus
497 3340 705 3420 Hieronymus
737 3341 869 3418 Epistola
892 3338 1016 3401 XXVII
1047 3340 1120 3420 Cap.
1146 3340 1165 3402 h

211 3422 249 3483 de
265 3422 353 3483 Pania
376 3425 512 3500 loquens,
536 3428 637 3483 sancta
656 3423 721 3483 ioca
736 3423 957 3501 Hierosoiymis
979 3425 1164 3500 perlustrari·
1248 3495 1249 3498 Ἴ

211 3508 256 3569 te,
280 3505 355 3565 haec
378 3505 495 3565 habet:
522 3501 698 3564 ostenditur
722 3505 781 3573 illi,
805 3506 911 3581 inquit,
934 3506 1084 3575 columna,
1111 3503 1163 3565 Ec·

211 3584 314 3644 alasiae
332 3586 482 3667 porticum
503 3586 671 3651 rusticam,
695 3586 809 3664 insecta
831 3602 936 3646 aratore
957 3585 1081 3647 Domini
1092 3632 1100 3656 ,
1122 3584 1164 3645 ad
