2517 4059
451 232 676 304 militi&-

10 426 13 435 Ι
87 360 301 419 memoratione
322 358 493 421 Natiuitatis
520 366 551 422 et
572 361 767 422 Beatissimae
788 354 946 435 Virginis3
975 352 1039 413 Pri·

87 457 133 498 ma
156 446 188 501 et
207 440 295 503 Sexta
318 443 355 502 de
378 442 557 512 Nativitate,
581 443 683 504 Tertia
707 447 738 501 et
759 438 843 500 Nona
865 438 902 497 do
924 435 1037 502 Festo,

84 520 234 597 vesperae
267 525 304 584 de
325 523 510 594 destinate,
540 542 610 585 oum
633 520 921 586 Commemoratione
944 515 1037 577 Festi.

64 647 67 651 -
84 601 252 680 Antequam
265 604 565 668 Brevioriollomsno
578 602 909 666 inserereturOllioium
922 598 1039 661 suno-

83 702 150 745 mae
171 694 202 745 ot
222 686 253 745 S.
279 686 447 765 sylvestri,
471 690 666 767 repetebatur
687 687 783 747 tribus
813 684 897 745 hisce
920 687 1038 758 postre-
1069 710 1071 717 ·

10 770 11 785 ¹
83 767 139 826 mis
160 767 268 828 diebus
288 769 429 829 Ollio-ium
451 770 512 831 diei
524 768 649 837 Natalis,
673 776 794 844 tresque
817 766 847 827 hi
870 765 934 825 dies
956 764 1038 823 dioe-

83 847 191 909 bantur
213 848 284 910 Dies
306 862 456 912 oaeantee.

122 928 161 987 V.
185 928 236 990 Pia
252 936 285 990 et
306 940 444 995 constans
466 934 586 995 traditio
608 939 666 999 est.
690 933 798 993 bovem
814 934 844 990 et
867 927 985 988 asinum
1007 925 1038 985 in

83 1011 199 1072 stabulo
221 1013 334 1078 [trisse.
359 1034 428 1075 oum
453 1021 540 1076 natus
562 1023 608 1075 est
628 1016 735 1077 lesus.
759 1013 813 1072 etsi
838 1009 910 1070 nihil
933 1025 967 1067 ee
1000 1008 1039 1067 de

83 1107 115 1152 re
127 1095 301 1169 ⁴quidquam
319 1095 454 1170 legamus
468 1099 498 1156 in
511 1094 685 1173 Evangelio.
698 1092 907 1154 Tillemontius
921 1088 998 1150 Nota
1012 1087 1038 1148 V

84 1176 117 1231 ad
133 1172 238 1251 Vitam
254 1176 322 1236 lesu
338 1175 448 1238 Clrsisti
471 1179 635 1248 contendit,
659 1196 726 1239 eam
749 1177 919 1253 opinionem
936 1177 1036 1232 ortam

10 1315 11 1318 ,
84 1272 147 1316 esse
168 1259 292 1317 saeculo
312 1262 427 1333 quinto,
451 1263 482 1318 el
503 1261 662 1337 allegoriae
685 1258 822 1334 loquulos
845 1274 910 1316 esse
932 1252 1039 1313 Patres

84 1353 116 1395 ea
143 1345 242 1399 aetate
265 1344 453 1408 vetustiores,
478 1343 530 1416 qui
552 1344 581 1401 in
603 1361 638 1402 ea
661 1342 799 1418 opinione
822 1339 914 1399 luisse
937 1337 1038 1397 viden·

85 1423 142 1476 tur.
165 1420 250 1481 ldem
276 1424 367 1483 sentit
394 1421 546 1484 calmetus
571 1429 603 1484 et
636 1421 669 1481 P.
694 1423 783 1499 Serry
808 1420 1039 1481 Emeruitatione

86 1496 125 1559 30
144 1521 229 1561 num.
247 1500 278 1563 le.
296 1500 400 1564 Patres
422 1511 602 1582 veteresque
623 1503 777 1564 Ecclesiae
802 1502 971 1575 Scriptores
992 1498 1037 1559 al·

85 1580 238 1653 ieramus,
269 1596 399 1659 quorum
422 1586 602 1647 auctoritate
633 1605 668 1646 aa
690 1603 836 1646 consensu
859 1599 965 1642 eorum
987 1579 1036 1641 fir·

85 1672 180 1724 metur
200 1666 325 1743 opinio,
354 1669 406 1744 qui
428 1674 551 1728 censent
572 1685 677 1728 revera
702 1666 819 1737 Domini
841 1663 908 1723 lesu
942 1680 1034 1722 cuns·

10 1759 11 1762 ’
85 1742 155 1806 lrulis
177 1748 287 1807 bovem
315 1754 346 1809 et
372 1750 490 1809 asinum
512 1750 654 1811 adfuisse.
679 1751 726 1810 Ab
748 1746 879 1823 Origene
901 1744 1036 1819 suspice·

85 1842 164 1898 mur,
188 1830 393 1890 vetustissimo
419 1832 574 1893 enimvero
596 1831 760 1909 Scriptore.
779 1828 862 1889 Haeo
886 1842 975 1903 porro
998 1823 1035 1885 ad

9 1981 10 1984 Ἴ
84 1906 109 1967 id
129 1911 207 1985 quod
230 1913 369 1987 agimus,
395 1913 525 1974 maxime
547 1914 652 1973 idonea
676 1916 719 1972 ait
739 1909 875 1971 Humilia
898 1904 1035 1967 xlii-m

83 1986 189 2049 Larem
212 2010 305 2070 prope
320 1991 422 2054 linem:
451 1992 533 2068 Quia
553 1996 730 2074 [estinanter
750 1998 904 2057 uenerant,
930 1998 955 2049 et
976 2000 1037 2047 noe

79 2071 295 2147 pedetentim...
320 2084 346 2133 et
360 2076 538 2137 inuenerant
559 2078 658 2156 iprum
683 2074 867 2135 Salvatoram
885 2074 1035 2152 jacentem

9 2151 10 2210 l
82 2152 111 2212 in
121 2157 285 2233 praesepio.
302 2153 387 2215 Illud
402 2165 477 2226 erat,
501 2158 536 2217 de
552 2178 609 2237 quo
628 2158 773 2237 propheta
787 2154 971 2215 vaticinatas
991 2162 1035 2213 ert

84 2233 200 2295 dicens:
225 2237 366 2313 Copnooit
389 2241 436 2299 dos
455 2238 649 2317 possessorem
664 2258 761 2307 suam,
780 2247 807 2297 et
822 2236 925 2295 asinus
946 2253 1035 2310 prae·

83 2334 142 2395 sepe
165 2315 291 2377 Domini
311 2320 369 2379 sai.
394 2319 507 2380 Eadem
530 2319 684 2399 Nyssenus
711 2320 756 2378 tris
778 2318 876 2377 verbis
904 2315 1035 2377 allirrnat

80 2397 111 2455 in
124 2397 170 2456 die
191 2396 301 2459 Natali
315 2401 440 2462 Domini
453 2400 539 2461 Tom.
558 2402 600 2463 1ss
618 2421 685 2479 pag.
700 2399 771 2460 339:
789 2396 923 2460 Mediam
938 2400 1036 2473 ipitar

81 2477 111 2537 in
125 2478 268 2557 Praesepe
283 2499 312 2540 sa
336 2484 418 2541 inter
432 2486 541 2549 danem,
566 2493 594 2543 et
615 2485 735 2543 asinum
756 2482 912 2558 utriusque
934 2478 1033 2539 Domi·

9 2588 10 2640 p
81 2577 133 2619 nae
160 2562 248 2621 maol.
273 2561 357 2624 ldem
379 2564 427 2623 dio
448 2564 486 2624 de
509 2563 631 2624 Paulino
653 2562 789 2632 Notanor
825 2560 934 2621 etenim
959 2560 1033 2619 haee

9 2643 10 2658 ¹
81 2642 118 2700 ait
137 2642 171 2700 in
186 2641 447 2723 spretorem!
464 2644 505 2704 ad
519 2646 662 2707 &oerum
678 2663 761 2705 num.
779 2642 809 2704 3:
834 2642 873 2702 In
887 2640 1032 2703 Bethleem

9 2737 10 2740 ’
83 2741 202 2802 quoque.
225 2719 277 2783 udi
298 2737 463 2803 opnooerat
484 2723 741 2807 dos'posaer'sorem
757 2745 857 2793 suam,
880 2733 908 2785 et
929 2726 1033 2785 asinae

78 2821 214 2884 praesepe
226 2806 351 2868 llomini
361 2807 420 2867 mi.
434 2806 490 2868 llis
502 2807 708 2885 adjungendus
719 2815 774 2873 est.
790 2807 957 2867 multorum
969 2824 1033 2865 sen·

82 2888 179 2952 tentia,
192 2885 425 2965 Chrysostomus
440 2888 574 2950 Homilia
586 2889 625 2950 Η
644 2891 672 2949 in
687 2882 801 2950 Lueanr
819 2904 911 2963 prope
927 2886 1029 2947 finem.

82 2968 191 3029 Adduoi
213 2970 321 3035 etiam,
346 2988 399 3029 neo
423 2973 585 3039 immerito,
609 2974 697 3037 solet,
722 2973 785 3031 sire
809 2969 945 3045 Prosper,
968 2969 1032 3028 sive

82 3052 150 3109 alius
163 3051 311 3126 qrrispiam
335 3057 472 3113 vetustus
492 3060 522 3114 et
537 3053 644 3113 doctus
659 3053 793 3129 Scriptor
816 3052 861 3111 oui
885 3050 1031 3109 dehemus

81 3130 197 3191 Librum
221 3131 256 3190 de
283 3129 539 3195 Promissionidus.
564 3135 594 3195 ls
615 3137 694 3193 enim
719 3134 814 3194 Isaiae
836 3138 866 3193 et
887 3128 1030 3192 Abaouolr

81 3214 226 3275 verbodo
248 3216 349 3283 reris,
375 3233 432 3274 non
454 3215 683 3293 deallegoriois
705 3215 926 3278 animantibus,
951 3212 1032 3271 ideo·

82 3296 191 3371 quode
214 3296 300 3362 bore.
322 3301 354 3354 et
368 3296 452 3356 asino
473 3299 595 3358 omnino
610 3298 729 3358 videtur
750 3298 900 3370 accipere.
917 3291 1029 3355 Similia

81 3374 162 3437 habet
182 3377 288 3437 Petrus
310 3375 517 3455 chrysologus
539 3379 681 3440 Sermone
704 3375 774 3439 189:
802 3376 956 3439 Christum
978 3392 1032 3454 ap·

77 3460 197 3537 positum
223 3467 293 3517 ante
321 3456 380 3516 duo
401 3461 578 3539 prophetiae
598 3460 654 3519 illa
671 3462 810 3540 jumenta
832 3458 1031 3519 admirantur

83 3538 168 3617 Mapi.
192 3538 322 3601 Claudat
354 3539 431 3601 lraeo
460 3542 629 3602 testimonia
659 3540 787 3600 Romani
811 3540 957 3601 Breviorii
980 3556 1033 3600 au·

83 3624 211 3681 alorites:
236 3621 383 3697 siquidem
405 3623 433 3681 in
456 3640 493 3684 eo
515 3624 589 3683 haec
612 3624 741 3683 recitare
761 3620 905 3700 jubemur
929 3623 956 3681 in
972 3621 1030 3683 lte·
