<?xml version="1.0" encoding="UTF-8"?>
<!DOCTYPE html PUBLIC "-//W3C//DTD XHTML 1.0 Transitional//EN"
    "http://www.w3.org/TR/xhtml1/DTD/xhtml1-transitional.dtd">
<html xmlns="http://www.w3.org/1999/xhtml" xml:lang="en" lang="en">
 <head>
  <title>
</title>
<meta http-equiv="Content-Type" content="text/html;charset=utf-8" />
  <meta name='ocr-system' content='tesseract 3.04.00' />
  <meta name='ocr-capabilities' content='ocr_page ocr_carea ocr_par ocr_line ocrx_word'/>
</head>
<body>
  <div class='ocr_page' id='page_1' title='image "./institutionesli00marigoog_0273.png"; bbox 0 0 2517 4059; ppageno 0'>
   <div class='ocr_carea' id='block_1_1' title="bbox 472 209 695 285">
    <p class='ocr_par' dir='ltr' id='par_1_1' title="bbox 472 209 695 285">
     <span class='ocr_line' id='line_1_1' title="bbox 472 209 695 285; baseline 0.049 -15"><span class='ocrx_word' id='word_1_1' title='bbox 472 209 695 285; x_wconf 54' lang='lat' dir='ltr'>apsel*</span> 
     </span>
    </p>
   </div>
   <div class='ocr_carea' id='block_1_2' title="bbox 106 335 1066 1973">
    <p class='ocr_par' dir='ltr' id='par_1_2' title="bbox 106 335 1066 1973">
     <span class='ocr_line' id='line_1_2' title="bbox 107 335 1058 419; baseline -0.001 -20"><span class='ocrx_word' id='word_1_2' title='bbox 107 341 145 399; x_wconf 72' lang='lat' dir='ltr'>tle</span> <span class='ocrx_word' id='word_1_3' title='bbox 169 336 315 419; x_wconf 73' lang='lat' dir='ltr'>Hysteriis</span> <span class='ocrx_word' id='word_1_4' title='bbox 336 336 445 400; x_wconf 80' lang='lat' dir='ltr'>Missae</span> <span class='ocrx_word' id='word_1_5' title='bbox 463 338 524 399; x_wconf 79' lang='lat' dir='ltr'>til.</span> <span class='ocrx_word' id='word_1_6' title='bbox 540 336 561 399; x_wconf 95' lang='lat' dir='ltr'><strong><em>I</em></strong></span> <span class='ocrx_word' id='word_1_7' title='bbox 576 338 650 419; x_wconf 83' lang='lat' dir='ltr'>Cap.</span> <span class='ocrx_word' id='word_1_8' title='bbox 669 335 813 407; x_wconf 81' lang='lat' dir='ltr'><strong><em>XLVIII,</em></strong></span> <span class='ocrx_word' id='word_1_9' title='bbox 831 346 860 399; x_wconf 88' lang='lat' dir='ltr'>cl</span> <span class='ocrx_word' id='word_1_10' title='bbox 881 356 951 401; x_wconf 89' lang='lat' dir='ltr'>eum</span> <span class='ocrx_word' id='word_1_11' title='bbox 975 355 1058 399; x_wconf 91' lang='lat' dir='ltr'>secu·</span> 
     </span>
     <span class='ocr_line' id='line_1_3' title="bbox 107 418 1057 485; baseline -0.004 0"><span class='ocrx_word' id='word_1_12' title='bbox 107 430 159 485; x_wconf 90' lang='lat' dir='ltr'>tus</span> <span class='ocrx_word' id='word_1_13' title='bbox 180 438 216 481; x_wconf 87' lang='lat' dir='ltr'>ex</span> <span class='ocrx_word' id='word_1_14' title='bbox 237 439 322 483; x_wconf 89' lang='lat' dir='ltr'>more</span> <span class='ocrx_word' id='word_1_15' title='bbox 343 418 512 483; x_wconf 76' lang='lat' dir='ltr'><strong>Guilelmus</strong></span> <span class='ocrx_word' id='word_1_16' title='bbox 534 419 705 482; x_wconf 81' lang='lat' dir='ltr'>Duranius.</span> <span class='ocrx_word' id='word_1_17' title='bbox 734 419 825 480; x_wconf 81' lang='lat' dir='ltr'>Varie</span> <span class='ocrx_word' id='word_1_18' title='bbox 851 420 1057 483; x_wconf 82' lang='lat' dir='ltr'>Sandaltomm</span> 
     </span>
     <span class='ocr_line' id='line_1_4' title="bbox 107 503 1057 583; baseline 0.001 -20"><span class='ocrx_word' id='word_1_19' title='bbox 107 521 221 583; x_wconf 79' lang='lat' dir='ltr'>genera</span> <span class='ocrx_word' id='word_1_20' title='bbox 244 521 299 580; x_wconf 94' lang='lat' dir='ltr'>pro</span> <span class='ocrx_word' id='word_1_21' title='bbox 321 504 468 562; x_wconf 81' lang='lat' dir='ltr'>varietate</span> <span class='ocrx_word' id='word_1_22' title='bbox 490 503 697 563; x_wconf 84' lang='lat' dir='ltr'>ministrorum</span> <span class='ocrx_word' id='word_1_23' title='bbox 712 508 782 565; x_wconf 90' lang='lat' dir='ltr'>sunl</span> <span class='ocrx_word' id='word_1_24' title='bbox 795 504 963 570; x_wconf 88' lang='lat' dir='ltr'>constituta,</span> <span class='ocrx_word' id='word_1_25' title='bbox 980 521 1057 579; x_wconf 82' lang='lat' dir='ltr'>quae</span> 
     </span>
     <span class='ocr_line' id='line_1_5' title="bbox 108 585 1060 662; baseline -0.002 -15"><span class='ocrx_word' id='word_1_26' title='bbox 108 603 191 649; x_wconf 92' lang='lat' dir='ltr'>nunc</span> <span class='ocrx_word' id='word_1_27' title='bbox 213 586 353 646; x_wconf 87' lang='lat' dir='ltr'>abierunt</span> <span class='ocrx_word' id='word_1_28' title='bbox 374 586 402 643; x_wconf 93' lang='lat' dir='ltr'>in</span> <span class='ocrx_word' id='word_1_29' title='bbox 424 586 661 651; x_wconf 86' lang='lat' dir='ltr'>desuetudinem,</span> <span class='ocrx_word' id='word_1_30' title='bbox 687 585 743 645; x_wconf 90' lang='lat' dir='ltr'>illis</span> <span class='ocrx_word' id='word_1_31' title='bbox 766 585 834 643; x_wconf 87' lang='lat' dir='ltr'>soils</span> <span class='ocrx_word' id='word_1_32' title='bbox 857 587 1060 662; x_wconf 89' lang='lat' dir='ltr'>pormanenti-</span> 
     </span>
     <span class='ocr_line' id='line_1_6' title="bbox 107 665 1056 745; baseline -0.003 -15"><span class='ocrx_word' id='word_1_33' title='bbox 107 672 193 735; x_wconf 87' lang='lat' dir='ltr'>bus,</span> <span class='ocrx_word' id='word_1_34' title='bbox 218 668 328 743; x_wconf 87' lang='lat' dir='ltr'>quibus</span> <span class='ocrx_word' id='word_1_35' title='bbox 349 671 475 728; x_wconf 87' lang='lat' dir='ltr'>utuntur</span> <span class='ocrx_word' id='word_1_36' title='bbox 497 665 636 745; x_wconf 82' lang='lat' dir='ltr'>Episcopi</span> <span class='ocrx_word' id='word_1_37' title='bbox 658 666 829 727; x_wconf 89' lang='lat' dir='ltr'>solemniter</span> <span class='ocrx_word' id='word_1_38' title='bbox 861 668 1056 728; x_wconf 80' lang='lat' dir='ltr'>celebrantes.</span> 
     </span>
     <span class='ocr_line' id='line_1_7' title="bbox 106 747 1060 812; baseline -0.003 0"><span class='ocrx_word' id='word_1_39' title='bbox 106 750 195 812; x_wconf 89' lang='lat' dir='ltr'>Ordo</span> <span class='ocrx_word' id='word_1_40' title='bbox 217 747 372 809; x_wconf 84' lang='lat' dir='ltr'>Romanus</span> <span class='ocrx_word' id='word_1_41' title='bbox 393 747 430 806; x_wconf 88' lang='lat' dir='ltr'>ad</span> <span class='ocrx_word' id='word_1_42' title='bbox 452 749 585 809; x_wconf 80' lang='lat' dir='ltr'>Abbates</span> <span class='ocrx_word' id='word_1_43' title='bbox 607 747 815 809; x_wconf 79' lang='lat' dir='ltr'>Sandaliorum</span> <span class='ocrx_word' id='word_1_44' title='bbox 846 768 933 809; x_wconf 91' lang='lat' dir='ltr'>usum</span> <span class='ocrx_word' id='word_1_45' title='bbox 956 755 1060 811; x_wconf 82' lang='lat' dir='ltr'>exten-</span> 
     </span>
     <span class='ocr_line' id='line_1_8' title="bbox 106 828 1059 911; baseline -0.002 -18"><span class='ocrx_word' id='word_1_46' title='bbox 106 834 166 901; x_wconf 85' lang='lat' dir='ltr'>dit,</span> <span class='ocrx_word' id='word_1_47' title='bbox 188 849 280 908; x_wconf 78' lang='lat' dir='ltr'>agens</span> <span class='ocrx_word' id='word_1_48' title='bbox 301 832 380 890; x_wconf 88' lang='lat' dir='ltr'>enirn</span> <span class='ocrx_word' id='word_1_49' title='bbox 402 830 440 889; x_wconf 88' lang='lat' dir='ltr'>(ie</span> <span class='ocrx_word' id='word_1_50' title='bbox 456 831 575 891; x_wconf 91' lang='lat' dir='ltr'>illorum</span> <span class='ocrx_word' id='word_1_51' title='bbox 602 830 798 900; x_wconf 85' lang='lat' dir='ltr'>ordinatione,</span> <span class='ocrx_word' id='word_1_52' title='bbox 822 828 993 911; x_wconf 72' lang='lat' dir='ltr'><strong><em>Episcopus,</em></strong></span> <span class='ocrx_word' id='word_1_53' title='bbox 1017 832 1059 891; x_wconf 93' lang='lat' dir='ltr'>in-</span> 
     </span>
     <span class='ocr_line' id='line_1_9' title="bbox 107 910 1060 992; baseline -0.002 -17"><span class='ocrx_word' id='word_1_54' title='bbox 107 916 188 992; x_wconf 85' lang='lat' dir='ltr'>quit,</span> <span class='ocrx_word' id='word_1_55' title='bbox 211 912 264 974; x_wconf 80' lang='lat' dir='ltr'>dut</span> <span class='ocrx_word' id='word_1_56' title='bbox 285 915 312 973; x_wconf 87' lang='lat' dir='ltr'>ei</span> <span class='ocrx_word' id='word_1_57' title='bbox 333 913 488 982; x_wconf 79' lang='lat' dir='ltr'>loculum,</span> <span class='ocrx_word' id='word_1_58' title='bbox 511 919 543 973; x_wconf 89' lang='lat' dir='ltr'>et</span> <span class='ocrx_word' id='word_1_59' title='bbox 560 910 690 991; x_wconf 75' lang='lat' dir='ltr'>pedules.</span> <span class='ocrx_word' id='word_1_60' title='bbox 715 912 791 973; x_wconf 87' lang='lat' dir='ltr'>Sunt</span> <span class='ocrx_word' id='word_1_61' title='bbox 813 922 914 975; x_wconf 85' lang='lat' dir='ltr'>cutem</span> <span class='ocrx_word' id='word_1_62' title='bbox 938 914 1060 991; x_wconf 87' lang='lat' dir='ltr'>pedules</span> 
     </span>
     <span class='ocr_line' id='line_1_10' title="bbox 108 993 1058 1072; baseline -0.005 -15"><span class='ocrx_word' id='word_1_63' title='bbox 108 997 192 1057; x_wconf 89' lang='lat' dir='ltr'>idem</span> <span class='ocrx_word' id='word_1_64' title='bbox 215 993 434 1063; x_wconf 71' lang='lat' dir='ltr'>coscollela,</span> <span class='ocrx_word' id='word_1_65' title='bbox 468 1012 545 1072; x_wconf 82' lang='lat' dir='ltr'>quae</span> <span class='ocrx_word' id='word_1_66' title='bbox 566 993 628 1054; x_wconf 87' lang='lat' dir='ltr'>Leo</span> <span class='ocrx_word' id='word_1_67' title='bbox 650 993 698 1056; x_wconf 81' lang='lat' dir='ltr'>Xl</span> <span class='ocrx_word' id='word_1_68' title='bbox 719 994 883 1058; x_wconf 79' lang='lat' dir='ltr'>Abbatibus</span> <span class='ocrx_word' id='word_1_69' title='bbox 908 994 1058 1059; x_wconf 86' lang='lat' dir='ltr'>Cassinen·</span> 
     </span>
     <span class='ocr_line' id='line_1_11' title="bbox 107 1073 1062 1145; baseline -0.004 -6"><span class='ocrx_word' id='word_1_70' title='bbox 107 1080 195 1140; x_wconf 88' lang='lat' dir='ltr'>sibus</span> <span class='ocrx_word' id='word_1_71' title='bbox 216 1077 375 1143; x_wconf 78' lang='lat' dir='ltr'>concessit,</span> <span class='ocrx_word' id='word_1_72' title='bbox 399 1082 472 1137; x_wconf 84' lang='lat' dir='ltr'>leste</span> <span class='ocrx_word' id='word_1_73' title='bbox 494 1076 594 1135; x_wconf 84' lang='lat' dir='ltr'>Leone</span> <span class='ocrx_word' id='word_1_74' title='bbox 615 1073 744 1135; x_wconf 78' lang='lat' dir='ltr'>Ostiensi</span> <span class='ocrx_word' id='word_1_75' title='bbox 767 1073 830 1136; x_wconf 83' lang='lat' dir='ltr'>Lib.</span> <span class='ocrx_word' id='word_1_76' title='bbox 848 1077 877 1135; x_wconf 93' lang='lat' dir='ltr'>Il</span> <span class='ocrx_word' id='word_1_77' title='bbox 900 1076 1062 1145; x_wconf 74' lang='lat' dir='ltr'>Chronice&#39;,·</span> 
     </span>
     <span class='ocr_line' id='line_1_12' title="bbox 107 1158 1062 1237; baseline -0.001 -17"><span class='ocrx_word' id='word_1_78' title='bbox 107 1161 202 1237; x_wconf 88' lang='lat' dir='ltr'>idque</span> <span class='ocrx_word' id='word_1_79' title='bbox 218 1159 282 1219; x_wconf 85' lang='lat' dir='ltr'>aliis</span> <span class='ocrx_word' id='word_1_80' title='bbox 298 1164 399 1234; x_wconf 87' lang='lat' dir='ltr'>postea</span> <span class='ocrx_word' id='word_1_81' title='bbox 420 1158 458 1219; x_wconf 82' lang='lat' dir='ltr'>ab</span> <span class='ocrx_word' id='word_1_82' title='bbox 472 1158 644 1236; x_wconf 79' lang='lat' dir='ltr'>Apostolica</span> <span class='ocrx_word' id='word_1_83' title='bbox 659 1158 729 1218; x_wconf 90' lang='lat' dir='ltr'>sede</span> <span class='ocrx_word' id='word_1_84' title='bbox 745 1158 890 1219; x_wconf 85' lang='lat' dir='ltr'>indultum</span> <span class='ocrx_word' id='word_1_85' title='bbox 907 1158 975 1220; x_wconf 86' lang='lat' dir='ltr'>luit.</span> <span class='ocrx_word' id='word_1_86' title='bbox 992 1159 1062 1219; x_wconf 80' lang='lat' dir='ltr'>Sen-</span> 
     </span>
     <span class='ocr_line' id='line_1_13' title="bbox 107 1238 1063 1303; baseline -0.001 -2"><span class='ocrx_word' id='word_1_87' title='bbox 107 1243 190 1302; x_wconf 77' lang='lat' dir='ltr'>daliri</span> <span class='ocrx_word' id='word_1_88' title='bbox 205 1246 237 1300; x_wconf 85' lang='lat' dir='ltr'>el</span> <span class='ocrx_word' id='word_1_89' title='bbox 256 1238 456 1301; x_wconf 79' lang='lat' dir='ltr'>Chirotlrecee</span> <span class='ocrx_word' id='word_1_90' title='bbox 471 1258 530 1299; x_wconf 91' lang='lat' dir='ltr'>uon</span> <span class='ocrx_word' id='word_1_91' title='bbox 545 1240 728 1300; x_wconf 85' lang='lat' dir='ltr'>adhibentur</span> <span class='ocrx_word' id='word_1_92' title='bbox 750 1259 766 1299; x_wconf 98' lang='lat' dir='ltr'>a</span> <span class='ocrx_word' id='word_1_93' title='bbox 783 1238 924 1303; x_wconf 76' lang='lat' dir='ltr'>Pontifice</span> <span class='ocrx_word' id='word_1_94' title='bbox 946 1244 975 1301; x_wconf 93' lang='lat' dir='ltr'>in</span> <span class='ocrx_word' id='word_1_95' title='bbox 990 1241 1063 1301; x_wconf 90' lang='lat' dir='ltr'>lllis·</span> 
     </span>
     <span class='ocr_line' id='line_1_14' title="bbox 108 1321 1064 1480; baseline -0.002 -13"><span class='ocrx_word' id='word_1_96' title='bbox 108 1321 1064 1480; x_wconf 63' lang='lat' dir='ltr'>tl,lttllllltlnlt‘ttlltllllllltllltllllf</span> 
     </span>
     <span class='ocr_line' id='line_1_15' title="bbox 109 1484 1062 1563; baseline 0 -16"><span class='ocrx_word' id='word_1_97' title='bbox 109 1488 155 1547; x_wconf 89' lang='lat' dir='ltr'>mi</span> <span class='ocrx_word' id='word_1_98' title='bbox 178 1485 312 1545; x_wconf 85' lang='lat' dir='ltr'>Dursudi</span> <span class='ocrx_word' id='word_1_99' title='bbox 326 1504 343 1546; x_wconf 82' lang='lat' dir='ltr'>a</span> <span class='ocrx_word' id='word_1_100' title='bbox 358 1484 507 1547; x_wconf 83' lang='lat' dir='ltr'>Merlenio</span> <span class='ocrx_word' id='word_1_101' title='bbox 522 1488 656 1563; x_wconf 77' lang='lat' dir='ltr'>vulgato,</span> <span class='ocrx_word' id='word_1_102' title='bbox 674 1485 795 1547; x_wconf 81' lang='lat' dir='ltr'>affertur</span> <span class='ocrx_word' id='word_1_103' title='bbox 811 1488 941 1552; x_wconf 73' lang='lat' dir='ltr'>ratioet</span> <span class='ocrx_word' id='word_1_104' title='bbox 956 1506 989 1546; x_wconf 86' lang='lat' dir='ltr'>ee</span> <span class='ocrx_word' id='word_1_105' title='bbox 1006 1492 1062 1556; x_wconf 84' lang='lat' dir='ltr'>est,</span> 
     </span>
     <span class='ocr_line' id='line_1_16' title="bbox 111 1567 1064 1646; baseline -0.003 -16"><span class='ocrx_word' id='word_1_106' title='bbox 111 1570 183 1646; x_wconf 86' lang='lat' dir='ltr'>quia</span> <span class='ocrx_word' id='word_1_107' title='bbox 201 1573 273 1628; x_wconf 90' lang='lat' dir='ltr'>lunc</span> <span class='ocrx_word' id='word_1_108' title='bbox 289 1569 341 1635; x_wconf 84' lang='lat' dir='ltr'>eit,</span> <span class='ocrx_word' id='word_1_109' title='bbox 357 1567 454 1627; x_wconf 88' lang='lat' dir='ltr'>omnis</span> <span class='ocrx_word' id='word_1_110' title='bbox 475 1567 648 1629; x_wconf 71' lang='lat' dir='ltr'>solemnitas</span> <span class='ocrx_word' id='word_1_111' title='bbox 669 1585 787 1628; x_wconf 88' lang='lat' dir='ltr'>cessare</span> <span class='ocrx_word' id='word_1_112' title='bbox 803 1568 948 1629; x_wconf 74' lang='lat' dir='ltr'>deletio</span> <span class='ocrx_word' id='word_1_113' title='bbox 972 1568 1064 1628; x_wconf 85' lang='lat' dir='ltr'>Missa</span> 
     </span>
     <span class='ocr_line' id='line_1_17' title="bbox 109 1647 1064 1725; baseline -0.004 -14"><span class='ocrx_word' id='word_1_114' title='bbox 109 1649 232 1711; x_wconf 80' lang='lat' dir='ltr'>Ratotdt</span> <span class='ocrx_word' id='word_1_115' title='bbox 247 1649 409 1725; x_wconf 78' lang='lat' dir='ltr'>singularis</span> <span class='ocrx_word' id='word_1_116' title='bbox 431 1651 528 1710; x_wconf 87' lang='lat' dir='ltr'>oratio</span> <span class='ocrx_word' id='word_1_117' title='bbox 548 1657 595 1711; x_wconf 90' lang='lat' dir='ltr'>est</span> <span class='ocrx_word' id='word_1_118' title='bbox 615 1650 652 1709; x_wconf 86' lang='lat' dir='ltr'>ad</span> <span class='ocrx_word' id='word_1_119' title='bbox 675 1650 806 1709; x_wconf 73' lang='lat' dir='ltr'>sandalia</span> <span class='ocrx_word' id='word_1_120' title='bbox 822 1647 1064 1711; x_wconf 68' lang='lat' dir='ltr'>indesolatam</span> 
     </span>
     <span class='ocr_line' id='line_1_18' title="bbox 111 1728 1066 1813; baseline -0.003 -21"><span class='ocrx_word' id='word_1_121' title='bbox 111 1733 228 1809; x_wconf 80' lang='lat' dir='ltr'>accipe:</span> <span class='ocrx_word' id='word_1_122' title='bbox 246 1728 342 1791; x_wconf 78' lang='lat' dir='ltr'>Indue</span> <span class='ocrx_word' id='word_1_123' title='bbox 364 1749 420 1800; x_wconf 88' lang='lat' dir='ltr'>me,</span> <span class='ocrx_word' id='word_1_124' title='bbox 439 1732 574 1801; x_wconf 75' lang='lat' dir='ltr'>Doctior,</span> <span class='ocrx_word' id='word_1_125' title='bbox 593 1732 799 1792; x_wconf 76' lang='lat' dir='ltr'>calceamentis</span> <span class='ocrx_word' id='word_1_126' title='bbox 816 1733 962 1813; x_wconf 79' lang='lat' dir='ltr'>justitiae,</span> <span class='ocrx_word' id='word_1_127' title='bbox 981 1749 1066 1809; x_wconf 79' lang='lat' dir='ltr'>quem</span> 
     </span>
     <span class='ocr_line' id='line_1_19' title="bbox 113 1812 1065 1892; baseline -0.002 -18"><span class='ocrx_word' id='word_1_128' title='bbox 113 1814 243 1888; x_wconf 72' lang='lat' dir='ltr'>Icoooes</span> <span class='ocrx_word' id='word_1_129' title='bbox 259 1812 337 1875; x_wconf 74' lang='lat' dir='ltr'>eills</span> <span class='ocrx_word' id='word_1_130' title='bbox 358 1812 494 1873; x_wconf 84' lang='lat' dir='ltr'>vestitum</span> <span class='ocrx_word' id='word_1_131' title='bbox 513 1813 633 1892; x_wconf 86' lang='lat' dir='ltr'>podere,</span> <span class='ocrx_word' id='word_1_132' title='bbox 657 1824 690 1875; x_wconf 83' lang='lat' dir='ltr'>ut</span> <span class='ocrx_word' id='word_1_133' title='bbox 700 1814 809 1892; x_wconf 81' lang='lat' dir='ltr'>posss‘m</span> <span class='ocrx_word' id='word_1_134' title='bbox 825 1814 878 1875; x_wconf 81' lang='lat' dir='ltr'>tibi</span> <span class='ocrx_word' id='word_1_135' title='bbox 898 1815 979 1873; x_wconf 84' lang='lat' dir='ltr'>omni</span> <span class='ocrx_word' id='word_1_136' title='bbox 993 1820 1065 1872; x_wconf 84' lang='lat' dir='ltr'>lem·</span> 
     </span>
     <span class='ocr_line' id='line_1_20' title="bbox 109 1894 542 1973; baseline -0.009 -15"><span class='ocrx_word' id='word_1_137' title='bbox 109 1914 184 1973; x_wconf 82' lang='lat' dir='ltr'>pore</span> <span class='ocrx_word' id='word_1_138' title='bbox 206 1914 274 1955; x_wconf 78' lang='lat' dir='ltr'>curn</span> <span class='ocrx_word' id='word_1_139' title='bbox 297 1897 403 1955; x_wconf 77' lang='lat' dir='ltr'>ts‘rnore</span> <span class='ocrx_word' id='word_1_140' title='bbox 423 1894 542 1956; x_wconf 67' lang='lat' dir='ltr'>scutra.</span> 
     </span>
    </p>
   </div>
   <div class='ocr_carea' id='block_1_3' title="bbox 494 2054 686 2117">
    <p class='ocr_par' dir='ltr' id='par_1_3' title="bbox 494 2054 686 2117">
     <span class='ocr_line' id='line_1_21' title="bbox 494 2054 686 2117; baseline 0 0"><span class='ocrx_word' id='word_1_141' title='bbox 494 2054 621 2117; x_wconf 80' lang='lat' dir='ltr'><strong>CAPUT</strong></span> <span class='ocrx_word' id='word_1_142' title='bbox 643 2054 686 2117; x_wconf 88' lang='lat' dir='ltr'>X.</span> 
     </span>
    </p>
   </div>
   <div class='ocr_carea' id='block_1_4' title="bbox 290 2213 895 2283">
    <p class='ocr_par' dir='ltr' id='par_1_4' title="bbox 290 2213 895 2283">
     <span class='ocr_line' id='line_1_22' title="bbox 290 2213 895 2283; baseline -0.003 -2"><span class='ocrx_word' id='word_1_143' title='bbox 290 2236 334 2281; x_wconf 84' lang='lat' dir='ltr'>ns</span> <span class='ocrx_word' id='word_1_144' title='bbox 355 2235 452 2281; x_wconf 73' lang='lat' dir='ltr'>cruce</span> <span class='ocrx_word' id='word_1_145' title='bbox 472 2213 648 2282; x_wconf 75' lang='lat' dir='ltr'>recnonssr</span> <span class='ocrx_word' id='word_1_146' title='bbox 669 2217 895 2283; x_wconf 65' lang='lat' dir='ltr'>unrocoronunr.</span> 
     </span>
    </p>
   </div>
   <div class='ocr_carea' id='block_1_5' title="bbox 116 2382 1072 3688">
    <p class='ocr_par' dir='ltr' id='par_1_5' title="bbox 116 2382 1072 3688">
     <span class='ocr_line' id='line_1_23' title="bbox 157 2382 1068 2463; baseline 0 -18"><span class='ocrx_word' id='word_1_147' title='bbox 157 2384 183 2446; x_wconf 87' lang='lat' dir='ltr'>I.</span> <span class='ocrx_word' id='word_1_148' title='bbox 209 2384 328 2447; x_wconf 85' lang='lat' dir='ltr'>Nemini</span> <span class='ocrx_word' id='word_1_149' title='bbox 344 2382 443 2443; x_wconf 86' lang='lat' dir='ltr'>adhuc</span> <span class='ocrx_word' id='word_1_150' title='bbox 464 2384 534 2444; x_wconf 83' lang='lat' dir='ltr'>satis</span> <span class='ocrx_word' id='word_1_151' title='bbox 548 2383 736 2461; x_wconf 86' lang='lat' dir='ltr'>exploratum</span> <span class='ocrx_word' id='word_1_152' title='bbox 751 2390 808 2456; x_wconf 88' lang='lat' dir='ltr'>est,</span> <span class='ocrx_word' id='word_1_153' title='bbox 832 2402 869 2445; x_wconf 82' lang='lat' dir='ltr'>nn</span> <span class='ocrx_word' id='word_1_154' title='bbox 885 2386 989 2463; x_wconf 88' lang='lat' dir='ltr'>primis</span> <span class='ocrx_word' id='word_1_155' title='bbox 1003 2400 1068 2445; x_wconf 82' lang='lat' dir='ltr'>see·</span> 
     </span>
     <span class='ocr_line' id='line_1_24' title="bbox 117 2464 1067 2542; baseline -0.004 -13"><span class='ocrx_word' id='word_1_156' title='bbox 117 2467 197 2531; x_wconf 89' lang='lat' dir='ltr'>culis</span> <span class='ocrx_word' id='word_1_157' title='bbox 217 2469 247 2528; x_wconf 88' lang='lat' dir='ltr'>in</span> <span class='ocrx_word' id='word_1_158' title='bbox 269 2484 330 2529; x_wconf 88' lang='lat' dir='ltr'>usu</span> <span class='ocrx_word' id='word_1_159' title='bbox 351 2464 442 2526; x_wconf 84' lang='lat' dir='ltr'>luerit</span> <span class='ocrx_word' id='word_1_160' title='bbox 461 2466 618 2542; x_wconf 84' lang='lat' dir='ltr'>Episcopis</span> <span class='ocrx_word' id='word_1_161' title='bbox 649 2464 776 2527; x_wconf 83' lang='lat' dir='ltr'>Crucem</span> <span class='ocrx_word' id='word_1_162' title='bbox 798 2484 867 2529; x_wconf 87' lang='lat' dir='ltr'>cum</span> <span class='ocrx_word' id='word_1_163' title='bbox 890 2467 1067 2527; x_wconf 79' lang='lat' dir='ltr'>Sanctorum</span> 
     </span>
     <span class='ocr_line' id='line_1_25' title="bbox 117 2547 1068 2626; baseline -0.006 -13"><span class='ocrx_word' id='word_1_164' title='bbox 117 2550 265 2626; x_wconf 83' lang='lat' dir='ltr'>reliqniis,</span> <span class='ocrx_word' id='word_1_165' title='bbox 288 2566 380 2625; x_wconf 83' lang='lat' dir='ltr'>quem</span> <span class='ocrx_word' id='word_1_166' title='bbox 403 2565 457 2606; x_wconf 91' lang='lat' dir='ltr'>uos</span> <span class='ocrx_word' id='word_1_167' title='bbox 480 2547 663 2623; x_wconf 83' lang='lat' dir='ltr'>pectoralem</span> <span class='ocrx_word' id='word_1_168' title='bbox 687 2549 835 2617; x_wconf 89' lang='lat' dir='ltr'>dicimus,</span> <span class='ocrx_word' id='word_1_169' title='bbox 859 2549 937 2610; x_wconf 93' lang='lat' dir='ltr'>collo</span> <span class='ocrx_word' id='word_1_170' title='bbox 958 2564 1068 2625; x_wconf 86' lang='lat' dir='ltr'>appen-</span> 
     </span>
     <span class='ocr_line' id='line_1_26' title="bbox 116 2626 1068 2699; baseline -0.004 -6"><span class='ocrx_word' id='word_1_171' title='bbox 116 2650 182 2693; x_wconf 84' lang='lat' dir='ltr'>sam</span> <span class='ocrx_word' id='word_1_172' title='bbox 206 2632 336 2693; x_wconf 81' lang='lat' dir='ltr'>deterre.</span> <span class='ocrx_word' id='word_1_173' title='bbox 361 2626 623 2690; x_wconf 82' lang='lat' dir='ltr'>Eminentissimus</span> <span class='ocrx_word' id='word_1_174' title='bbox 645 2629 811 2691; x_wconf 82' lang='lat' dir='ltr'>Cardinalis</span> <span class='ocrx_word' id='word_1_175' title='bbox 833 2632 932 2699; x_wconf 82' lang='lat' dir='ltr'>Bone,</span> <span class='ocrx_word' id='word_1_176' title='bbox 956 2638 986 2693; x_wconf 89' lang='lat' dir='ltr'>et</span> <span class='ocrx_word' id='word_1_177' title='bbox 1009 2629 1068 2689; x_wconf 80' lang='lat' dir='ltr'>An·</span> 
     </span>
     <span class='ocr_line' id='line_1_27' title="bbox 117 2709 1069 2792; baseline -0.006 -15"><span class='ocrx_word' id='word_1_178' title='bbox 117 2714 207 2777; x_wconf 79' lang='lat' dir='ltr'>oreas</span> <span class='ocrx_word' id='word_1_179' title='bbox 228 2709 386 2789; x_wconf 78' lang='lat' dir='ltr'>saussajus</span> <span class='ocrx_word' id='word_1_180' title='bbox 407 2729 444 2771; x_wconf 83' lang='lat' dir='ltr'>ex</span> <span class='ocrx_word' id='word_1_181' title='bbox 466 2712 526 2771; x_wconf 84' lang='lat' dir='ltr'>alto</span> <span class='ocrx_word' id='word_1_182' title='bbox 549 2712 587 2770; x_wconf 88' lang='lat' dir='ltr'>de</span> <span class='ocrx_word' id='word_1_183' title='bbox 608 2730 644 2771; x_wconf 83' lang='lat' dir='ltr'>ee</span> <span class='ocrx_word' id='word_1_184' title='bbox 668 2730 700 2772; x_wconf 88' lang='lat' dir='ltr'>re</span> <span class='ocrx_word' id='word_1_185' title='bbox 722 2719 858 2775; x_wconf 84' lang='lat' dir='ltr'>velerum</span> <span class='ocrx_word' id='word_1_186' title='bbox 881 2714 1069 2792; x_wconf 86' lang='lat' dir='ltr'>Scriptorum</span> 
     </span>
     <span class='ocr_line' id='line_1_28' title="bbox 116 2792 1069 2872; baseline -0.004 -14"><span class='ocrx_word' id='word_1_187' title='bbox 116 2796 235 2859; x_wconf 85' lang='lat' dir='ltr'>silentio</span> <span class='ocrx_word' id='word_1_188' title='bbox 248 2812 320 2857; x_wconf 85' lang='lat' dir='ltr'>curu</span> <span class='ocrx_word' id='word_1_189' title='bbox 336 2794 427 2853; x_wconf 86' lang='lat' dir='ltr'>ritum</span> <span class='ocrx_word' id='word_1_190' title='bbox 443 2809 500 2852; x_wconf 93' lang='lat' dir='ltr'>non</span> <span class='ocrx_word' id='word_1_191' title='bbox 513 2792 676 2853; x_wconf 88' lang='lat' dir='ltr'>admodum</span> <span class='ocrx_word' id='word_1_192' title='bbox 692 2796 849 2871; x_wconf 85' lang='lat' dir='ltr'>antiquum</span> <span class='ocrx_word' id='word_1_193' title='bbox 864 2802 977 2872; x_wconf 85' lang='lat' dir='ltr'>putent.</span> <span class='ocrx_word' id='word_1_194' title='bbox 1001 2793 1069 2868; x_wconf 87' lang='lat' dir='ltr'>Quo</span> 
     </span>
     <span class='ocr_line' id='line_1_29' title="bbox 117 2873 1069 2955; baseline -0.006 -16"><span class='ocrx_word' id='word_1_195' title='bbox 117 2885 221 2939; x_wconf 85' lang='lat' dir='ltr'>autem</span> <span class='ocrx_word' id='word_1_196' title='bbox 244 2883 380 2951; x_wconf 89' lang='lat' dir='ltr'>tempore</span> <span class='ocrx_word' id='word_1_197' title='bbox 395 2873 525 2935; x_wconf 91' lang='lat' dir='ltr'>Crucem</span> <span class='ocrx_word' id='word_1_198' title='bbox 548 2874 725 2953; x_wconf 86' lang='lat' dir='ltr'>hujusmodi</span> <span class='ocrx_word' id='word_1_199' title='bbox 747 2878 929 2953; x_wconf 80' lang='lat' dir='ltr'>pectoralem</span> <span class='ocrx_word' id='word_1_200' title='bbox 952 2882 1069 2955; x_wconf 81' lang='lat' dir='ltr'>gestare</span> 
     </span>
     <span class='ocr_line' id='line_1_30' title="bbox 117 2955 1064 3037; baseline -0.002 -18"><span class='ocrx_word' id='word_1_201' title='bbox 117 2962 271 3037; x_wconf 88' lang='lat' dir='ltr'>coeperint</span> <span class='ocrx_word' id='word_1_202' title='bbox 291 2955 442 3034; x_wconf 81' lang='lat' dir='ltr'>Episcopi,</span> <span class='ocrx_word' id='word_1_203' title='bbox 464 2962 547 3017; x_wconf 88' lang='lat' dir='ltr'>certo</span> <span class='ocrx_word' id='word_1_204' title='bbox 569 2957 659 3017; x_wconf 85' lang='lat' dir='ltr'>statui</span> <span class='ocrx_word' id='word_1_205' title='bbox 682 2975 717 3017; x_wconf 85' lang='lat' dir='ltr'>ec</span> <span class='ocrx_word' id='word_1_206' title='bbox 739 2956 856 3019; x_wconf 85' lang='lat' dir='ltr'>definiri</span> <span class='ocrx_word' id='word_1_207' title='bbox 880 2977 936 3019; x_wconf 91' lang='lat' dir='ltr'>nou</span> <span class='ocrx_word' id='word_1_208' title='bbox 953 2960 1064 3036; x_wconf 87' lang='lat' dir='ltr'>potest.</span> 
     </span>
     <span class='ocr_line' id='line_1_31' title="bbox 118 3037 1068 3119; baseline -0.004 -16"><span class='ocrx_word' id='word_1_209' title='bbox 118 3043 246 3119; x_wconf 89' lang='lat' dir='ltr'>Insuper</span> <span class='ocrx_word' id='word_1_210' title='bbox 267 3040 305 3101; x_wconf 79' lang='lat' dir='ltr'>ex</span> <span class='ocrx_word' id='word_1_211' title='bbox 327 3047 411 3099; x_wconf 82' lang='lat' dir='ltr'>more</span> <span class='ocrx_word' id='word_1_212' title='bbox 432 3038 511 3115; x_wconf 88' lang='lat' dir='ltr'>apud</span> <span class='ocrx_word' id='word_1_213' title='bbox 532 3037 702 3099; x_wconf 84' lang='lat' dir='ltr'>Orientales</span> <span class='ocrx_word' id='word_1_214' title='bbox 725 3046 869 3117; x_wconf 86' lang='lat' dir='ltr'>recepto,</span> <span class='ocrx_word' id='word_1_215' title='bbox 893 3040 1068 3117; x_wconf 77' lang='lat' dir='ltr'>Religionis,</span> 
     </span>
     <span class='ocr_line' id='line_1_32' title="bbox 119 3120 1071 3200; baseline -0.004 -16"><span class='ocrx_word' id='word_1_216' title='bbox 119 3127 151 3184; x_wconf 90' lang='lat' dir='ltr'>et</span> <span class='ocrx_word' id='word_1_217' title='bbox 170 3122 381 3183; x_wconf 79' lang='lat' dir='ltr'>incolumitatis</span> <span class='ocrx_word' id='word_1_218' title='bbox 403 3136 492 3181; x_wconf 82' lang='lat' dir='ltr'>cause</span> <span class='ocrx_word' id='word_1_219' title='bbox 508 3139 583 3180; x_wconf 84' lang='lat' dir='ltr'>crux</span> <span class='ocrx_word' id='word_1_220' title='bbox 604 3122 683 3180; x_wconf 93' lang='lat' dir='ltr'>collo</span> <span class='ocrx_word' id='word_1_221' title='bbox 705 3122 929 3200; x_wconf 83' lang='lat' dir='ltr'>appendebatur</span> <span class='ocrx_word' id='word_1_222' title='bbox 952 3120 1071 3185; x_wconf 87' lang='lat' dir='ltr'>aChri-</span> 
     </span>
     <span class='ocr_line' id='line_1_33' title="bbox 119 3202 1068 3282; baseline -0.005 -17"><span class='ocrx_word' id='word_1_223' title='bbox 119 3204 308 3271; x_wconf 76' lang='lat' dir='ltr'>scindentes,</span> <span class='ocrx_word' id='word_1_224' title='bbox 332 3207 363 3263; x_wconf 89' lang='lat' dir='ltr'>et</span> <span class='ocrx_word' id='word_1_225' title='bbox 377 3204 553 3278; x_wconf 84' lang='lat' dir='ltr'>praesertim</span> <span class='ocrx_word' id='word_1_226' title='bbox 572 3203 610 3262; x_wconf 89' lang='lat' dir='ltr'>ab</span> <span class='ocrx_word' id='word_1_227' title='bbox 629 3202 794 3281; x_wconf 87' lang='lat' dir='ltr'>Episcopis,</span> <span class='ocrx_word' id='word_1_228' title='bbox 819 3225 896 3282; x_wconf 86' lang='lat' dir='ltr'>quee</span> <span class='ocrx_word' id='word_1_229' title='bbox 912 3222 987 3267; x_wconf 82' lang='lat' dir='ltr'>crux</span> <span class='ocrx_word' id='word_1_230' title='bbox 1014 3207 1068 3261; x_wconf 79' lang='lat' dir='ltr'>Ev-</span> 
     </span>
     <span class='ocr_line' id='line_1_34' title="bbox 119 3284 1072 3364; baseline 0.004 -21"><span class='ocrx_word' id='word_1_231' title='bbox 119 3295 246 3347; x_wconf 68' lang='lat' dir='ltr'>notmev</span> <span class='ocrx_word' id='word_1_232' title='bbox 274 3300 382 3364; x_wconf 74' lang='lat' dir='ltr'>graece</span> <span class='ocrx_word' id='word_1_233' title='bbox 409 3284 554 3361; x_wconf 81' lang='lat' dir='ltr'>appellari</span> <span class='ocrx_word' id='word_1_234' title='bbox 574 3286 700 3347; x_wconf 83' lang='lat' dir='ltr'>solebat.</span> <span class='ocrx_word' id='word_1_235' title='bbox 724 3286 756 3346; x_wconf 87' lang='lat' dir='ltr'>S.</span> <span class='ocrx_word' id='word_1_236' title='bbox 780 3288 977 3350; x_wconf 86' lang='lat' dir='ltr'>Willihrodus</span> <span class='ocrx_word' id='word_1_237' title='bbox 999 3286 1072 3364; x_wconf 85' lang='lat' dir='ltr'>Epi·</span> 
     </span>
     <span class='ocr_line' id='line_1_35' title="bbox 120 3363 1072 3449; baseline 0.002 -20"><span class='ocrx_word' id='word_1_238' title='bbox 120 3387 229 3448; x_wconf 91' lang='lat' dir='ltr'>scopus</span> <span class='ocrx_word' id='word_1_239' title='bbox 249 3366 448 3446; x_wconf 76' lang='lat' dir='ltr'>Traiecteusis</span> <span class='ocrx_word' id='word_1_240' title='bbox 469 3366 547 3427; x_wconf 84' lang='lat' dir='ltr'>hene</span> <span class='ocrx_word' id='word_1_241' title='bbox 567 3363 696 3427; x_wconf 84' lang='lat' dir='ltr'>Crucem</span> <span class='ocrx_word' id='word_1_242' title='bbox 719 3368 809 3429; x_wconf 80' lang='lat' dir='ltr'>etiem</span> <span class='ocrx_word' id='word_1_243' title='bbox 842 3372 871 3430; x_wconf 91' lang='lat' dir='ltr'>in</span> <span class='ocrx_word' id='word_1_244' title='bbox 895 3372 999 3431; x_wconf 87' lang='lat' dir='ltr'>itinere</span> <span class='ocrx_word' id='word_1_245' title='bbox 1020 3388 1072 3449; x_wconf 79' lang='lat' dir='ltr'>ge·</span> 
     </span>
     <span class='ocr_line' id='line_1_36' title="bbox 120 3447 1071 3530; baseline -0.001 -17"><span class='ocrx_word' id='word_1_246' title='bbox 120 3454 227 3513; x_wconf 82' lang='lat' dir='ltr'>stabat.</span> <span class='ocrx_word' id='word_1_247' title='bbox 250 3449 406 3510; x_wconf 83' lang='lat' dir='ltr'>Rolhsdus</span> <span class='ocrx_word' id='word_1_248' title='bbox 422 3447 641 3509; x_wconf 90' lang='lat' dir='ltr'>Suessionensis</span> <span class='ocrx_word' id='word_1_249' title='bbox 654 3448 818 3527; x_wconf 81' lang='lat' dir='ltr'>Episcopus</span> <span class='ocrx_word' id='word_1_250' title='bbox 840 3454 869 3513; x_wconf 90' lang='lat' dir='ltr'>in</span> <span class='ocrx_word' id='word_1_251' title='bbox 887 3453 986 3513; x_wconf 91' lang='lat' dir='ltr'>libello</span> <span class='ocrx_word' id='word_1_252' title='bbox 1001 3470 1071 3530; x_wconf 88' lang='lat' dir='ltr'>pro·</span> 
     </span>
     <span class='ocr_line' id='line_1_37' title="bbox 121 3512 1070 3608; baseline -0.004 -11"><span class='ocrx_word' id='word_1_253' title='bbox 121 3533 317 3599; x_wconf 77' lang='lat' dir='ltr'>clamationis,</span> <span class='ocrx_word' id='word_1_254' title='bbox 341 3549 431 3608; x_wconf 81' lang='lat' dir='ltr'>quem</span> <span class='ocrx_word' id='word_1_255' title='bbox 452 3531 543 3591; x_wconf 89' lang='lat' dir='ltr'>dese</span> <span class='ocrx_word' id='word_1_256' title='bbox 565 3530 629 3606; x_wconf 89' lang='lat' dir='ltr'>ipso</span> <span class='ocrx_word' id='word_1_257' title='bbox 652 3532 771 3594; x_wconf 86' lang='lat' dir='ltr'>obtulit.</span> <span class='ocrx_word' id='word_1_258' title='bbox 793 3532 832 3596; x_wconf 81' lang='grc' dir='ltr'>Α.</span> <span class='ocrx_word' id='word_1_259' title='bbox 850 3533 889 3594; x_wconf 91' lang='lat' dir='ltr'>D.</span> <span class='ocrx_word' id='word_1_260' title='bbox 906 3533 968 3595; x_wconf 86' lang='grc'>863</span> <span class='ocrx_word' id='word_1_261' title='bbox 991 3512 1070 3595; x_wconf 83' lang='lat' dir='ltr'>allIr·</span> 
     </span>
     <span class='ocr_line' id='line_1_38' title="bbox 123 3598 1071 3688; baseline 0.001 -12"><span class='ocrx_word' id='word_1_262' title='bbox 123 3622 236 3688; x_wconf 87' lang='lat' dir='ltr'>mat‚se</span> <span class='ocrx_word' id='word_1_263' title='bbox 251 3615 288 3677; x_wconf 88' lang='lat' dir='ltr'>ad</span> <span class='ocrx_word' id='word_1_264' title='bbox 304 3613 516 3677; x_wconf 79' lang='lat' dir='ltr'>suessionense</span> <span class='ocrx_word' id='word_1_265' title='bbox 530 3610 697 3675; x_wconf 91' lang='lat' dir='ltr'>Concilium</span> <span class='ocrx_word' id='word_1_266' title='bbox 711 3615 873 3679; x_wconf 87' lang='lat' dir='ltr'>accessisse</span> <span class='ocrx_word' id='word_1_267' title='bbox 889 3634 959 3679; x_wconf 92' lang='lat' dir='ltr'>cum</span> <span class='ocrx_word' id='word_1_268' title='bbox 974 3598 1071 3679; x_wconf 86' lang='lat' dir='ltr'>Cruoe</span> 
     </span>
    </p>
   </div>
   <div class='ocr_carea' id='block_1_6' title="bbox 0 0 1272 4059">
    <p class='ocr_par' dir='ltr' id='par_1_6' title="bbox 0 0 1272 4059">
     <span class='ocr_line' id='line_1_39' title="bbox 0 0 1272 4059; baseline 0 0"><span class='ocrx_word' id='word_1_269' title='bbox 0 0 1272 4059; x_wconf 95' lang='lat' dir='ltr'> </span> 
     </span>
    </p>
   </div>
  </div>
 </body>
</html>
