2517 4059
550 197 775 269 estibssffl

196 325 361 397 Glossario·
381 325 534 387 Gerardus
558 326 692 391 Vossius,
717 326 782 387 Lib.
808 326 835 387 ll
856 327 893 387 de
920 328 999 387 uitiis
1026 328 1143 389 Sermo-

190 413 238 470 nis
258 407 330 483 Cap.
354 406 452 477 XVl;
474 402 617 469 Octavius
639 408 821 473 Ferrarius.
846 410 874 468 iu
897 410 1059 487 oripinibus
1081 412 1139 469 lirt-

191 510 266 571 quar
288 491 435 559 italicuc‚·
455 496 486 551 ct
506 491 567 550 alii.
592 489 632 550 At
663 509 735 551 vero
768 491 854 550 aliter
881 492 988 555 docent
1016 490 1140 551 Guillcl-

190 592 260 633 mus
280 574 453 640 Sonnerus‚
483 574 511 632 in
534 573 720 635 Dictionurio
750 570 1140 651 Sacrouiro-Lutiuo-Aupli-

190 676 236 725 co,·
257 663 287 716 et
307 654 458 715 Hauricus
479 654 686 730 spelmannus,
711 656 739 711 in
764 654 916 717 Glaesaria
932 654 1141 732 Arctoeolopi·

189 758 249 807 co,·
271 739 320 814 qni
343 744 465 815 etymon
496 735 559 813 ejus
582 737 719 797 vocabuli
753 755 768 794 a
796 754 869 795 voce
898 740 1136 814 anglo-saxonica

189 840 258 880 rocc
281 819 487 879 deducendum
504 824 620 895 putant.
640 816 792 878 Gavaut'us
815 819 843 877 in
863 816 1011 879 Thesauro
1027 818 1137 879 Socru-

189 922 256 963 rum
274 901 402 961 Rittium
416 904 500 977 parte
523 898 550 959 ll
572 900 630 959 Tit.
648 899 670 969 l,
688 900 823 975 gallicam
848 918 952 959 vocem
975 918 1039 961 esse
1069 919 1135 961 cou-

188 986 308 1047 tendit.
333 989 364 1045 et
388 982 542 1043 Arenione
567 980 670 1051 iorte,
694 1000 762 1041 cum
792 983 900 1041 ibidem
924 982 1039 1043 Summi
1062 982 1137 1041 Pon-

188 1066 281 1127 tilices
303 1068 467 1142 degerent,
491 1065 701 1124 introductam.
725 1064 872 1123 Delinitur
896 1070 995 1124 autem
1019 1082 1035 1121 a
1065 1062 1137 1123 Fer·

188 1150 279 1212 renio,
304 1164 422 1223 nempe,
446 1152 479 1204 ut
500 1148 538 1203 sit
552 1146 634 1204 linco
649 1146 737 1206 urstis
751 1164 918 1215 sacrorum,
942 1147 1055 1206 strictis
1069 1164 1136 1207 rau-

186 1230 271 1297 m'cr‘s,
289 1241 315 1288 ct
329 1228 416 1307 plicis
430 1230 546 1286 striata.
563 1227 670 1287 Ditlert
686 1236 784 1286 tamen
802 1226 978 1288 Rocbettum
995 1246 1012 1285 a
1028 1246 1134 1303 supar-

185 1311 322 1389 pelliceo‚
332 1318 365 1370 ut
376 1326 463 1369 nemo
475 1310 600 1384 ignorat,
611 1327 668 1368 non
681 1310 816 1378 materia,
831 1311 882 1369 sed
902 1309 1009 1369 torma:
1019 1316 1133 1369 utrum·

184 1410 243 1469 que
268 1395 345 1452 enirn
370 1392 482 1450 lineum
505 1395 560 1450 est.
586 1390 625 1450 At
648 1390 828 1451 llocbettnm
851 1393 1132 1457 strictasmanicas,

185 1476 433 1552 superpelliceum
457 1490 529 1533 vero
552 1474 625 1531 latas
649 1474 781 1532 manicas
802 1474 901 1533 babet.
938 1472 969 1531 ln
995 1472 1130 1533 Romana

184 1553 316 1617 Ecclesia
338 1551 420 1615 initio
442 1554 553 1615 sacculi
575 1553 649 1613 xiv
681 1556 816 1615 Rocbetti
847 1573 952 1615 nomen
981 1558 1033 1613 vix
1054 1556 1134 1615 obti-

185 1647 315 1702 onerat,
341 1646 370 1697 et
393 1638 449 1698 boc
473 1638 635 1695 indumenti
659 1654 750 1712 genus
773 1638 830 1697 alio
852 1638 971 1696 nomine
999 1638 1131 1713 designa-

184 1720 283 1786 batur,
310 1720 449 1779 nimirum
472 1720 555 1778 ulduc
578 1716 740 1787 Romanae,
764 1720 902 1779 camisiae
925 1716 1131 1779 Romanae-ct

182 1805 322 1862 camisiae
343 1804 451 1861 liacoc.
474 1799 558 1860 Ordo
580 1799 733 1859 Romanus
755 1799 815 1859 XV
837 1800 924 1877 cujus
950 1808 1054 1861 auctor
1083 1806 1131 1861 cst

180 1881 287 1944 Petrus
309 1885 467 1947 Amelius,
492 1884 609 1958 quaudo
631 1900 717 1941 sacra
739 1883 912 1943 indumenta
945 1900 961 1940 a
986 1880 1129 1942 Pontificc

179 1959 325 2025 sumenda
345 1966 403 2024 sint
425 1967 453 2023 in
477 1970 563 2023 nocte
583 1964 753 2024 Natiuitatis
777 1963 893 2024 ttomtnt
916 1964 1029 2023 scilicet
1062 1970 1129 2039 post

180 2046 324 2125 hymnum
344 2044 379 2105 Tc
394 2047 488 2106 Deum
504 2047 705 2110 decantatum,
724 2047 833 2107 subdit:
853 2046 891 2107 Et
903 2048 1025 2107 interi-m
1042 2044 1129 2125 Papo

178 2125 285 2187 stando
308 2128 367 2187 duo
389 2125 517 2187 Diaconr‘
541 2128 722 2189 Cardiuulcs
744 2127 894 2205 deponunt
918 2130 973 2193 sibi
994 2129 1049 2187 itta
1076 2146 1126 2187 *cc-

176 2206 317 2269 alimento
335 2214 474 2289 praecisa
494 2228 586 2289 usquc
606 2210 652 2288 od!
674 2212 847 2275 tamisiam,
870 2229 922 2269 scu
944 2210 1043 2269 Album
1066 2208 1128 2269 rto-

176 2307 311 2351 mortam.
336 2291 418 2351 ldem
443 2292 492 2351 ubi
514 2293 576 2369 agit
597 2292 634 2351 de
651 2292 853 2353 benedictione
875 2291 1073 2351 Candelarum
1096 2292 1125 2350 in

179 2374 228 2434 die
250 2372 469 2433 Purificationis
491 2373 683 2433 Beatissimae
706 2372 863 2451 Virginis:
887 2375 1034 2453 Complctrr
1057 2391 1128 2450 erpo

178 2456 400 2523 bencdictione,
425 2455 573 2515 Dominus
597 2466 699 2515 noster
725 2453 809 2533 Papo
831 2458 864 2515 in
889 2472 1009 2515 cumcru
1031 2472 1127 2533 para·

175 2540 269 2598 menti
291 2538 441 2598 induitur
462 2535 590 2605 Album,
613 2539 671 2597 sior
694 2537 859 2598 Romanum
885 2537 1049 2600 Comisium
1070 2546 1125 2597 sto·

174 2621 236 2679 lam
258 2616 542 2692 ctc.·Quamobrem
565 2637 643 2695 quae
665 2620 782 2681 saeculo
803 2618 878 2679 xlll
900 2626 931 2679 et
951 2616 1026 2677 XIV
1051 2617 1124 2679 Atto

174 2699 335 2767 Romana,
361 2712 386 2762 et
409 2702 479 2760 Albo
504 2702 640 2763 Comitio
661 2702 847 2767 vocabatur,
871 2702 994 2761 advecto
1017 2700 1125 2763 deiude

173 2801 190 2844 e
212 2784 383 2859 regionibus
406 2784 596 2859 transalpinis
618 2782 756 2848 Rocbctti
778 2785 919 2851 nomine,
948 2782 988 2841 ita
1010 2780 1121 2843 lineum

170 2865 244 2925 illud
260 2866 469 2925 indumentum
484 2864 636 2943 appellare
650 2867 830 2933 maluerunt,
844 2863 1057 2925 vetustioribus
1068 2865 1123 2924 eli-

171 2949 302 3007 minatis.
344 2988 348 2997 -

211 3028 251 3089 ll.
267 3027 433 3090 Cardinatis
448 3028 592 3090 Beronins
605 3028 641 3089 ad
658 3024 767 3089 annum
784 3026 903 3088 CCLXl
918 3027 954 3087 de
971 3025 1121 3089 Rocbctta

169 3114 351 3172 mentionem
374 3112 441 3173 ficri
459 3117 561 3171 censet
582 3111 611 3169 in
626 3110 711 3171 Actis
725 3108 993 3170 Proconsularibus
1016 3107 1047 3168 S.
1063 3105 1119 3185 Cy-

168 3195 275 3273 priani,
299 3194 328 3252 in
352 3196 460 3271 quibus
482 3194 602 3261 dicitur,
628 3190 796 3271 quodcum
819 3210 848 3252 rr
871 3190 1044 3251 Dalmatico
1065 3208 1118 3249 arc-

165 3278 327 3355 pnliossrt,
352 3286 378 3335 et
401 3276 582 3336 Diaconibus
603 3273 774 3335 tradidisset
795 3275 829 3333 iu
850 3274 930 3335 linea
951 3274 1041 3333 stetit.
1069 3268 1121 3329 Li-

167 3355 254 3419 nedm
279 3357 327 3417 bic
347 3360 390 3418 ait
402 3375 468 3418 esse
490 3356 637 3417 Barouius
656 3371 713 3415 non
730 3357 839 3419 lineam
856 3354 1041 3420 interulam.
1065 3353 1117 3413 sed

166 3453 326 3500 commuue
358 3440 513 3517 Episcopis
535 3438 673 3497 omuibus
695 3438 932 3505 indumentum,
955 3435 1033 3512 quod
1056 3430 1116 3495 lto-

165 3522 300 3581 chettum
323 3522 442 3589 dicitur,
467 3521 522 3582 etsi
544 3520 632 3580 aliter
646 3520 740 3581 uelint
760 3519 967 3579 Theudoricus
988 3516 1119 3577 Ruiuar-

121 3681 125 3690 μ
165 3604 225 3665 tius
246 3604 275 3661 in
298 3602 375 3664 Arra
395 3602 586 3683 Martyrum,
612 3618 678 3679 pag.
703 3600 764 3661 218
785 3602 923 3663 editionis
943 3598 1124 3661 Parisieusis·
