2517 4059
473 215 699 287 mittim-

114 354 187 404 nem‚
201 345 234 397 et
256 341 459 415 complentum
476 360 542 403 esse
557 344 767 405 celebritatum
783 342 930 408 omnium,
950 356 984 398 ac
1001 356 1063 417 my·

112 420 282 479 steriorum.
307 422 464 500 Ejusmodi
487 426 566 485 enim
590 426 689 486 cultus
711 426 827 483 additus
848 421 944 482 estad
969 418 1064 498 majo·

111 517 172 558 rem
206 506 408 562 reverentiam
431 504 608 579 Trinitatis,
640 512 671 567 et
693 512 726 566 ut
752 522 892 582 expressa
916 502 1062 563 memoria

111 587 167 640 tam
188 583 219 640 in
242 583 349 643 Ollicio
373 588 504 670 proprio,
529 606 619 662 quam
645 588 672 646 in
695 587 887 647 concionibus
904 585 982 643 illius
999 584 1062 660 llly-

110 664 187 722 sterii
223 663 321 725 beret.
346 666 471 727 loannes
493 670 572 729 enim
595 666 690 729 xxti
712 670 762 745 qui
785 668 859 727 obiit
880 684 956 725 anno
981 662 1061 723 teat

109 746 222 819 primus
244 747 400 811 decrevit,
424 756 458 809 ut
481 752 576 827 prima
600 758 666 825 post
688 750 880 810 Pentecosten
905 746 1061 807 Dominica

109 826 143 883 ab
167 829 337 889 universali
366 831 570 892 celebraretur
592 832 737 892 Ecclesia.
763 831 796 890 ln
823 830 850 889 id
874 829 1062 889 consentiunt

108 906 258 973 Marteue,
282 913 319 969 de
341 914 470 989 antiquo
490 911 637 974 Ecclesiae
660 913 817 993 disciplina
838 912 872 969 iu
887 909 998 970 die-inis
1020 927 1061 969 ce·

109 988 259 1049 lebrandis
285 990 392 1074 Officiis
414 993 486 1071 Gap.
510 994 614 1055 XVlll
639 996 702 1053 Lib.
727 994 754 1054 ll
777 1012 860 1053 nuru.
888 991 950 1060 13;
976 988 1060 1050 Ciac-

107 1071 218 1141 conius,
244 1073 275 1130 ln
295 1076 357 1134 cite
372 1073 497 1135 Ioannis
512 1076 617 1147 xxtn
635 1074 801 1142 decantas,
819 1072 1010 1135 obliteratus,
1029 1072 1058 1128 in

108 1153 179 1211 notis
201 1153 239 1210 ad
264 1153 432 1216 Gavantum
455 1156 574 1218 Tom.l
597 1162 674 1235 part.
698 1156 729 1225 u
754 1157 872 1234 Pagius,
891 1156 918 1213 in
934 1151 1059 1213 Brevia-

107 1233 149 1290 rio
163 1231 373 1296 Romanorum
389 1236 580 1318 Pontificem.
602 1237 634 1297 Τ.
648 1238 668 1298 1
674 1237 742 1298 Vin
752 1240 814 1300 cita
827 1236 950 1297 Ioannis
964 1231 1059 1293 xxti

106 1330 134 1371 u.
155 1312 222 1385 863
249 1324 280 1378 el
302 1319 479 1380 Benedictus
502 1320 588 1390 xlv,
611 1319 646 1379 de
671 1320 919 1391 Cauonizatioue
937 1314 1059 1376 Sancto-

106 1412 167 1453 mm
190 1403 272 1473 part.
296 1399 317 1457 2
337 1398 410 1478 Cap.
435 1400 475 1460 30
497 1421 528 1460 n.
554 1403 583 1461 1.
699 1420 701 1425 ·

142 1476 180 1536 ll.
204 1479 296 1552 Quod
322 1489 438 1556 spectat
458 1483 495 1541 ad
518 1484 594 1543 ritus
616 1483 674 1543 bae
697 1484 726 1541 in
749 1484 797 1542 dle
819 1480 974 1541 observari
990 1476 1058 1537 soli-

107 1563 158 1625 tos,
181 1569 272 1621 erant
292 1569 376 1624 certe
397 1564 630 1635 solemnissimi;
655 1566 760 1625 saltem
784 1564 813 1621 in
837 1562 1006 1639 praecipuis
1027 1566 1058 1619 et

107 1641 240 1702 omnibus
270 1646 379 1721 passim
403 1647 602 1706 monasteriis.
628 1643 667 1705 Et
688 1664 728 1706 ro·
743 1644 863 1721 quidem
885 1660 958 1703 vera
980 1640 1058 1701 luvi-

59 1770 67 1789 ,
108 1723 247 1784 latorium
264 1744 287 1785 a
310 1732 439 1802 quatuor
454 1730 631 1788 cantabatur
648 1728 813 1804 etquidem
831 1727 858 1784 in
875 1724 988 1801 cappis.
1002 1721 1059 1782 Le·

108 1804 217 1865 ctiones
252 1808 342 1884 primi
374 1808 559 1884 secundique
588 1812 723 1870 nocturni
757 1814 824 1867 octo
851 1808 888 1867 de
911 1804 1057 1864 Sermone
1102 1858 1111 1879 ,

107 1880 134 1941 S·
157 1884 268 1947 Leonis
289 1888 386 1966 Papae
401 1893 529 1968 assignat
549 1897 637 1952 vetris
653 1889 832 1969 Corbejense
848 1886 1052 1949 Ordiuarium.

107 1960 136 2021 ln
169 1966 326 2035 Laudibus
359 1973 488 2045 psalmos
517 1990 621 2032 omues
654 1972 710 2031 sub
739 1990 797 2031 una
819 1969 1001 2047 antiphona:
1031 1963 1057 2025 0

106 2041 197 2107 Beata
219 2060 248 2110 et
270 2052 422 2113 benedicte
445 2056 605 2113 canta-bant
628 2052 799 2133 Dionysiaui
817 2049 977 2123 dllonacbi.
1000 2046 1055 2109 Ol·

22 2128 23 2131 ’
106 2123 218 2199 bium,
245 2136 327 2208 quod
349 2133 464 2195 bonnae
488 2136 544 2194 bac
564 2137 613 2197 die
635 2136 764 2203 dicitur,
788 2134 860 2194 illud
884 2138 950 2200 cst,
974 2129 1054 2205 quod

105 2221 314 2287 composuerat
335 2214 504 2291 Stephanus
526 2217 709 2282 leodiensis,
733 2217 819 2294 cujus
842 2214 979 2274 meminit
995 2211 1054 2273 Du-

106 2293 218 2360 randus,
238 2301 268 2355 et
282 2296 482 2365 Trithemius‚
500 2297 633 2374 exceptis
657 2298 836 2376 byrnnis,’el
854 2294 1053 2359 Lectionibus,

107 2387 172 2446 quas
193 2374 266 2435 Pius
289 2376 316 2437 V
333 2381 522 2445 immutavit,
546 2389 637 2455 atque
659 2382 749 2439 etiam
767 2380 855 2439 inseri
871 2378 961 2455 jussit
976 2382 1056 2435 octa-

22 2471 23 2474 ¹
105 2469 170 2514 sum
191 2456 450 2535 Responsorium,
470 2459 538 2519 Duo
555 2459 723 2539 Seraphim.
737 2459 901 2521 Concilium
918 2457 1054 2536 Salcgun·

105 2538 256 2597 standensc
278 2542 366 2600 Arrno
380 2540 461 2600 toea
471 2542 661 2603 devotionem
675 2541 873 2617 quarumdam
891 2542 1052 2601 mulierum

105 2625 259 2684 memorat,
285 2640 364 2696 quae
388 2640 441 2699 per
463 2623 579 2699 aliquos
594 2622 658 2683 dies
673 2624 779 2684 Missas
795 2624 831 2682 dc
846 2621 991 2684 Trinitate
1006 2624 1054 2685 vel

104 2694 136 2754 de
162 2699 191 2760 S.
216 2702 369 2765 blicbaele
390 2703 591 2779 postulabant,
615 2706 695 2780 quod
719 2704 883 2766 Concilium
908 2708 1003 2767 vetuit
1025 2708 1053 2765 in

104 2776 199 2842 diebus
220 2783 332 2844 Pestis.
357 2786 519 2845 Durandus
540 2785 607 2846 Lib.
633 2782 676 2845 Vl
697 2784 770 2863 Cap.
790 2786 849 2845 tlt
865 2788 1054 2847 consuetudi-

106 2875 165 2919 nem
190 2865 287 2926 relert
309 2868 506 2942 quarumdam
529 2865 757 2932 Ecclesiarrrrrr;
782 2866 907 2927 bisboc
931 2867 1053 2929 Festum

104 2942 322 3013 celebrantium,
348 2950 374 3006 iu
392 2951 487 3024 prima
504 2966 623 3025 nempe,
642 2955 672 3008 et
687 2950 791 3008 ultima
807 2948 963 3007 Dominica
986 2956 1053 3023 post

105 3017 306 3087 Pentecosten.
327 3032 508 3105 antmuam
543 3029 658 3089 Romae
691 3033 896 3090 institueretur
929 3028 1050 3090 Festum

104 3098 149 3161 SS.
171 3107 341 3169 Trinitatis.
369 3113 483 3170 mallum
506 3119 571 3171 erat
591 3110 731 3170 Ollicium
756 3112 784 3169 iu
809 3111 863 3169 bae
882 3111 1049 3179 dominica,

102 3197 169 3257 quae
183 3191 389 3265 appellabatur
403 3192 567 3251 Dominica
581 3210 691 3251 aucuns
708 3199 865 3268 propterea
887 3193 963 3267 quod
979 3191 1052 3251 Olli·

103 3264 174 3327 cium
189 3273 301 3332 lactum
316 3274 416 3333 luerat
432 3279 518 3333 noete
533 3274 739 3349 praecedenti,
757 3272 960 3333 Ordinationis
976 3280 1052 3333 tem-

104 3360 179 3417 pore,
203 3358 235 3412 et
256 3354 487 3430 protrahebatur
509 3355 566 3414 boc
588 3353 728 3414 Officium
752 3372 849 3431 usque
870 3354 905 3413 ad
923 3354 1050 3432 primam

104 3422 194 3493 lucem
216 3432 402 3507 Dominicae,
426 3436 505 3512 quod
527 3436 648 3514 quidem
664 3435 805 3495 Officium
822 3437 980 3497 duodecim
996 3435 1051 3497 Le-

104 3509 207 3601 ctiones
232 3518 388 3578 continens
410 3519 574 3595 longasque
600 3535 728 3595 preces,
759 3536 794 3577 ac
816 3520 979 3597 praecipue
1001 3536 1051 3579 co·

105 3602 208 3661 prosam
229 3598 458 3661 Ordinationem
481 3601 511 3659 iu
532 3599 649 3677 magnis
672 3599 811 3669 urbibus,
838 3602 912 3661 adeo
935 3601 1051 3662 diutur-
