2517 4059
552 170 757 243 miii&-

188 303 224 363 io
243 298 410 380 Appendico
434 299 612 362 Sermonum
636 301 669 363 S.
687 300 845 377 Augustini
866 298 946 359 idem
967 297 1058 359 docel
1080 303 1147 359 tan·

190 401 283 459 quam
312 382 402 459 vulgo
430 390 599 460 receptum.
625 383 676 442 nit
698 384 777 443 enim
800 387 820 453 p
841 380 872 440 3:
896 377 953 440 Illi
980 378 1067 459 Magi
1088 392 1147 443 tros

189 465 282 543 Reges
297 482 353 523 esse
370 464 525 525 dicuntur.
548 463 587 525 Et
608 463 639 525 S.
664 463 828 540 Gregorius
850 462 977 540 Magnus
1000 460 1029 521 in
1051 461 1145 527 Libro

189 546 430 623 Antiphonario:
454 545 524 607 Rea
549 565 675 625 mopsus
701 557 791 605 notua
806 554 846 605 cst
870 544 978 612 lsrael,
1006 554 1034 605 ot
1058 564 1146 607 ocos·

189 638 263 690 ruet
277 626 369 705 Reges
385 637 486 689 terroe
501 627 641 688 ,odorere
656 647 733 689 eum.
759 626 798 686 Et
812 627 979 688 obtulerunt
993 626 1021 685 ei
1040 645 1145 705 mune

190 728 239 781 ro,
263 728 383 779 curum,
407 712 482 778 thus,
507 721 535 770 ct
555 710 722 789 myrrham.
745 708 842 768 llnlto
863 710 955 769 etiam
977 708 1146 772 evidentius

189 810 282 869 quam
304 794 408 863 ceteri,
433 793 633 853 huicveritati
656 790 860 853 testimonium
882 790 1147 869 perhibetPasca-

188 877 249 937 sius
271 873 440 935 Radbertus
463 872 659 953 dispositionis
687 874 722 933 iu
750 874 935 935 Marrtaeom
955 871 1023 932 Lib.
1046 870 1074 933 ll
1097 874 1145 936 his

189 956 311 1019 verbis:
335 953 439 1035 Magne
456 954 547 1033 Rupes
563 956 699 1016 extitero.
717 954 788 1015 lure
803 954 894 1033 igitur
908 974 943 1014 ac
957 954 1065 1014 merito
1081 955 1147 1018 Ma·

189 1056 241 1118 gos
262 1036 376 1099 Christi
399 1038 575 1097 adoratores
597 1037 694 1115 Reges
709 1035 811 1104 luisse,
834 1034 984 1097 Fidelium
1002 1038 1058 1115 pio
1081 1046 1146 1099 tro-

193 1120 267 1181 dilio
291 1128 386 1190 tenet,
411 1124 446 1180 ui
467 1120 509 1178 sit
530 1120 677 1180 Beronius
698 1118 735 1178 ad
751 1136 863 1179 annum
885 1118 993 1179 Christi
1017 1116 1029 1177 l
1052 1125 1071 1191 p
1092 1117 1145 1181 30.

195 1258 198 1267 ,
230 1200 290 1262 lx.
307 1199 427 1279 Cujates
442 1198 561 1266 luerint,
576 1219 611 1261 ac
627 1199 705 1262 unde
719 1201 856 1260 venerint
866 1198 946 1278 Magi
961 1198 1146 1270 adoratores,

191 1283 302 1361 inquiri
318 1287 428 1358 potest,
446 1282 498 1359 qui
513 1281 697 1343 aMatthaeo
712 1283 939 1359 simpliciterne
958 1279 1080 1343 Orieolo
1095 1300 1148 1343 ve·

191 1364 268 1426 aisse
291 1366 444 1434 dicuntur.
468 1362 669 1442 Quadruplex
691 1382 727 1425 ea
748 1363 785 1423 de
801 1382 834 1424 rc
855 1363 1070 1435 circumfertur
1086 1364 1149 1441 opi·

191 1446 251 1510 nio.
275 1444 377 1507 Prima
399 1444 564 1507 Chaldaeos
585 1447 654 1505 illos
677 1444 792 1513 luisse,
816 1456 906 1505 etex
927 1444 1077 1507 Chaldaea
1099 1464 1148 1507 ve·

190 1528 268 1593 uisse
290 1530 383 1606 ponit.
407 1527 513 1589 Altera
535 1526 640 1605 Magos
655 1546 693 1588 ex
708 1523 925 1603 Mesopotamia
946 1529 1064 1605 senisse
1082 1529 1147 1603 opi·

191 1610 240 1671 uio
261 1610 356 1688 ponit,
380 1610 506 1687 illosque
527 1628 565 1673 ex
587 1611 716 1687 posteris
738 1609 871 1669 Balaami
893 1609 1003 1679 luisse,
1027 1610 1079 1688 qui
1099 1608 1148 1671 Ie·

191 1710 258 1757 sum
281 1692 434 1753 Christum
457 1692 512 1751 sub
535 1690 644 1751 Stellae
667 1692 804 1769 symbolo
827 1692 973 1751 oriturum
997 1710 1147 1768 praenun·
1196 1690 1201 1698 '

191 1774 345 1844 disserat,
368 1773 460 1833 Num.
484 1772 557 1850 Cap.
582 1772 702 1833 XXIV.
727 1772 772 1844 lta
793 1771 941 1850 Origenes
964 1776 995 1849 et
1020 1774 1156 1843 Basilius.

190 1856 329 1933 Magnus.
352 1856 453 1916 Tertia
476 1856 581 1930 Magos
603 1855 720 1917 Arabes
741 1872 778 1914 ex
801 1854 915 1915 Arabia
936 1858 1065 1917 accersit
1086 1855 1148 1933 opi·

191 1940 267 2011 nio,
291 1956 349 1997 non
370 1939 491 1999 deserta
512 1937 562 1997 illa
586 1938 708 2015 quidem
732 1940 764 1997 et
786 1945 935 2015 petraea,
969 1939 1022 1997 sed
1042 1956 1080 1997 ex
1103 1935 1164 1999 ie·v

191 2020 268 2090 lice,
292 2038 369 2097 quac
397 2018 508 2080 ludeae
534 2021 758 2097 comparatione
783 2019 947 2082 Orientalis
968 2025 1027 2080 est.
1055 2016 1146 2081 Hanc

190 2102 367 2165 sententiam
384 2101 520 2177 sequitur
534 2100 738 2161 Tertullianus
752 2100 844 2161 Libro
858 2101 1003 2161 adversus
1019 2100 1148 2165 ludaeos

191 2180 263 2263 Cap.
286 2181 318 2253 9,
343 2188 374 2243 et
393 2182 460 2241 Lib.
485 2180 528 2241 lll
549 2190 654 2243 contra
676 2180 862 2243 llarcionem
883 2182 961 2261 Cap.
980 2182 1029 2241 13.
1055 2182 1148 2244 Davi-

191 2267 259 2329 dioa
269 2264 317 2324 illa
332 2264 462 2325 afferens
475 2265 577 2325 verba:
591 2262 630 2325 Et
644 2264 767 2323 debitur
779 2268 806 2325 ci
817 2264 852 2323 de
865 2283 942 2325 euro
955 2262 1101 2334 Arabiae,
1117 2269 1150 2325 et

192 2350 254 2411 illa:
272 2346 364 2425 Reges
380 2341 514 2406 Aradum
531 2355 557 2405 ct
572 2345 749 2425 Sohundono
762 2345 888 2425 offerent
904 2349 950 2407 ei..
967 2345 998 2406 S.
1015 2344 1150 2409 lustinus

190 2428 315 2509 Dialogo
330 2446 397 2487 cum
417 2424 561 2507 Triphooe
573 2427 678 2505 Magos
690 2427 805 2487 Arabes
818 2432 919 2487 vocat.
933 2425 1002 2489 Huc
1016 2430 1147 2504 accedit,

193 2517 227 2575 ut
239 2529 336 2588 nuper
351 2510 513 2583 innuimus,
527 2508 671 2570 Arabiam
682 2507 817 2569 Felicem
831 2510 868 2569 ad
884 2509 997 2572 ludeae
1008 2509 1149 2571 Orienta-

191 2593 251 2655 lem
275 2591 391 2669 plagam
407 2593 535 2669 positam
550 2609 627 2662 esse;
645 2596 675 2651 et
690 2590 879 2654 Matthaeum
899 2593 1067 2671 scripsisse,
1083 2592 1150 2662 Ma·

191 2694 244 2755 gos
266 2675 304 2734 ab
319 2673 442 2735 Oriente
468 2672 628 2751 profectam
653 2672 778 2751 ejusque
795 2675 926 2752 regionis
948 2693 1073 2735 munera
1089 2672 1150 2734 Au·

191 2776 272 2837 rum,
289 2754 383 2824 Thoe,
400 2762 430 2816 et
444 2754 572 2835 Myrrha
593 2756 741 2817 attulisse.
756 2755 879 2818 Grotius
893 2756 983 2821 Tom.
994 2754 1039 2815 vl
1052 2755 1149 2819 Criti-

190 2857 292 2901 corum
315 2856 470 2899 sacrorum
497 2856 564 2917 pag.
587 2836 626 2897 71
651 2842 682 2898 et
701 2835 743 2897 72
764 2838 800 2896 ad
823 2856 858 2900 ca
880 2837 979 2899 Sancti
1000 2836 1150 2914 Matthaei

190 2922 295 2990 herba,
319 2917 510 2989 oboriente,
530 2920 765 2980 vetustissimam
787 2918 881 2981 fuisse
903 2921 944 2979 ait
963 2918 1150 2981 Christiano-
1188 2958 1202 2973 .

191 3022 260 3071 rum
275 3003 457 3081 opinionem,
475 3001 579 3081 Magos
593 3019 631 3062 ex
647 2998 758 3062 Arabia
772 3003 903 3064 venisse.
914 2998 1070 3079 Postrema
1084 3021 1149 3064 sen·
1241 3032 1244 3035 ⁴

194 3086 294 3149 tentia.
310 3090 416 3154 tenet,
440 3082 544 3161 llagos
572 3088 603 3143 et
623 3080 730 3143 Persas
758 3080 848 3147 luisse
865 3126 877 3151 ,.
902 3093 933 3146 et
964 3102 1002 3145 ex
1026 3083 1151 3145 Perside

194 3157 314 3231 vsenisse
338 3166 500 3227 contendit.
523 3164 623 3239 Quam
646 3171 677 3224 et
697 3169 819 3228 tuentur
841 3164 881 3226 ·S.
901 3165 1028 3227 loannes
1051 3165 1150 3246 Chry·

195 3254 356 3327 obstemus,
380 3246 518 3311 Clemens
541 3245 772 3316 Alexandrinus,
796 3266 832 3307 ac
853 3249 917 3325 ipse
939 3248 1031 3309 etiam
1052 3246 1150 3324 Divus

195 3326 328 3395 Thomas
350 3328 369 3388 3
392 3335 469 3407 part.
494 3335 610 3405 quaest:
635 3326 687 3387 36.
710 3328 778 3401 Quo
799 3331 989 3406 potissimum
1012 3335 1150 3408 tempore

194 3410 224 3473 in
246 3410 391 3473 Iudaeam
414 3410 560 3491 venerint,
584 3429 642 3471 non
664 3428 723 3471 uua
744 3416 790 3473 est
809 3407 1068 3491 Chronologorum
1081 3429 1150 3471 sen·

195 3496 299 3559 tentia.
323 3492 446 3571 Septem
461 3494 520 3555 hoc
537 3494 566 3554 in
583 3496 759 3573 argumento
781 3494 933 3571 opiniones
955 3499 1067 3555 extant.
1084 3493 1149 3556 Pri·

193 3594 245 3641 ma
265 3577 385 3639 biennio
409 3577 551 3657 integro,
583 3580 636 3641 aut
657 3580 739 3637 certe
765 3580 871 3639 exacto
890 3576 957 3639 lere
977 3576 1151 3640 biennioa
