2517 4059
473 154 616 225 ·aaepffib
638 163 697 223 &seo

107 280 176 355 gula
200 280 322 339 bracbia
343 282 467 359 alligant
488 289 564 343 teste
585 284 681 343 lllacri
705 285 734 341 in
750 280 945 341 Hierolexico
966 280 1060 340 verbo

105 361 291 437 Manipnlns.
316 360 401 421 Nunc
423 382 495 423 vero
519 366 707 441 precationes
730 364 766 423 ad
789 363 984 439 mappulam,
1007 378 1060 420 scu

105 442 296 519 Manipnlnm
312 444 519 521 accipiendum
537 447 701 523 proleram.
721 445 755 505 ln
772 442 874 503 codice
890 442 1063 503 monasterii

106 524 207 584 Sancti
233 523 389 603 Dionysii,
412 533 512 589 aetate
534 528 633 587 Caroli
656 528 756 604 Magni
780 526 915 601 scripto,
941 532 974 585 nt
995 542 1061 583 mo·

108 611 160 665 net
180 606 366 675 Menenius,
392 615 457 682 post
471 610 640 669 orationem
663 611 699 668 ad
715 608 870 675 casulam,
896 605 1005 682 legitur
1025 605 1061 665 arl

107 688 318 763 Manipnlum:
342 693 507 767 Praecinpc
529 710 594 761 rnc,
620 692 764 757 Domina,
790 692 921 756 cirtulo,
946 697 973 747 el
988 704 1064 762 ponc

107 769 336 829 immaculatum
356 771 438 829 uiam
463 791 572 832 mrum.
597 771 719 832 Missale
741 770 946 831 Bibliothecae
969 766 1064 830 Valli-

107 850 254 911 cellianae-
277 851 396 911 saeculo
418 851 465 911 Xl
487 856 654 929 scriptum,
678 858 745 931 post
766 853 932 913 orationem
956 850 992 910 ad
1015 866 1065 907 ca-

108 933 227 1002 sulam,
252 931 327 990 banc
351 933 441 993 habet
462 935 499 994 ad
522 935 712 1011 Manipulum
737 952 874 1010 precem:
899 932 947 991 Da
964 931 1065 991 Domi-

107 1034 165 1083 ne,
187 1015 222 1073 in
245 1014 381 1074 monibus
403 1015 474 1075 meis
495 1018 707 1093 manipulum:
730 1016 770 1074 ad
795 1014 988 1093 mterpcndnr
1005 1031 1065 1073 sor·

109 1094 178 1164 der,
207 1106 234 1154 cl
253 1114 274 1153 u
295 1113 419 1172 corpore
441 1116 527 1168 mco,
554 1111 588 1159 ut
609 1098 672 1157 rinc
694 1098 860 1177 pollutione
881 1097 997 1156 calcum
1011 1112 1065 1153 no·

109 1196 179 1237 mon
203 1187 289 1236 tuum
310 1177 439 1237 laudare
466 1189 494 1238 ct
519 1179 686 1239 benedicere
709 1176 813 1237 Amen.
837 1178 990 1253 Litnrgiae
1012 1194 1066 1235 an-

109 1259 210 1335 tiquae
232 1275 337 1318 omnes
358 1265 513 1326 statuunt,
538 1260 723 1337 blanipnlnm
746 1260 924 1319 sumendum
941 1265 1006 1333 post
1020 1274 1069 1317 rc·

109 1340 192 1415 liqna
214 1340 412 1401 sacerdotalia
435 1340 622 1411 indumenta,
642 1343 720 1417 qnod
744 1342 861 1418 planeta
877 1340 1007 1401 ambiret
1022 1344 1067 1397 to-

109 1428 175 1481 tum
199 1439 331 1498 corpus,
355 1430 387 1483 et
409 1440 445 1481 ca
466 1441 558 1501 snper
580 1424 705 1484 brachia
727 1423 926 1501 duplicanda,
951 1421 998 1479 vel
1015 1418 1067 1478 tri·

110 1502 249 1579 plicanda
271 1509 373 1573 esset,
398 1521 493 1578 quare
507 1524 577 1567 cum
599 1505 723 1564 brachia
740 1512 842 1565 essent
854 1502 1003 1578 expedita.
1022 1518 1067 1561 re·

110 1585 214 1645 voluta
237 1586 375 1660 planeta,
399 1584 572 1663 Manipnlns
595 1587 828 1663 porrigebatur,
852 1592 885 1647 et
906 1590 975 1644 tunc
997 1582 1069 1643 Pre-

22 1709 29 1722 .
110 1661 240 1745 abyron,
265 1672 295 1726 et
317 1665 457 1745 Episcopi
479 1676 616 1729 extremo
640 1670 706 1733 loco
728 1667 916 1745 Manipnlnm
939 1665 1069 1742 accipio·

110 1747 203 1815 bant,
227 1749 306 1823 qnod
330 1749 419 1807 modo
446 1752 501 1809 soli
524 1748 662 1827 Episcopi
698 1756 869 1827 praestant,
894 1752 928 1808 nt
949 1746 1069 1824 expleta

114 1828 325 1899 confessione,
347 1829 535 1907 manipulum
569 1833 738 1907 accipiant,
763 1834 831 1907 quia
854 1829 952 1906 prisco
985 1844 1070 1887 more

111 1917 179 1986 post
200 1910 419 1972 confessionem
443 1914 544 1973 casula
566 1913 756 1973 elevabatur.
781 1911 915 1971 Accessit
937 1912 1009 1969 ilem
1032 1908 1070 1967 ad

111 1992 172 2051 hoc
195 2000 406 2053 ornamentum
428 1986 463 2053 ei
479 1995 668 2071 symbolica,
691 2012 745 2054 sen
769 1994 893 2073 mystica
922 1988 1070 2066 signitica-

66 2120 69 2125 .
112 2074 175 2142 tio,
200 2073 313 2135 doloris
334 2076 470 2142 scilicet,
494 2075 655 2145 cibatus,
680 2077 730 2152 qni
753 2075 810 2135 hac
833 2076 861 2133 in
891 2072 951 2133 vlla
984 2072 1070 2132 susti·

111 2153 227 2216 nendos
249 2161 314 2222 est,
338 2162 369 2215 et
389 2157 545 2232 manipulo
567 2158 651 2233 quasi
674 2156 873 2233 detergendus
888 2196 895 2221 ‚
912 2172 971 2231 quo
987 2159 1070 2213 certe

113 2234 209 2296 tendit
230 2240 351 2307 oratio,
376 2255 446 2297 cum
469 2239 642 2316 Manipnlns
656 2256 694 2298 ex
709 2239 822 2300 Missali
838 2236 973 2296 Romano
989 2254 1005 2294 a
1021 2232 1071 2294 Sa·

112 2317 236 2377 cerdote
257 2319 294 2377 ad
319 2318 434 2379 laevam
468 2322 621 2387 sumilnr3
645 2337 763 2379 merear
785 2320 911 2379 Domine
945 2324 1068 2393 portare

114 2400 301 2475 manipulum
325 2399 414 2460 llclns
437 2405 468 2460 el
490 2401 603 2460 doloris
625 2419 704 2477 qnae
726 2403 817 2461 eliam
834 2404 977 2459 consonat
998 2415 1071 2457 cum

113 2481 270 2552 oratione,
294 2499 386 2557 quam
410 2483 505 2543 relert
526 2480 560 2541 P.
585 2480 761 2543 Edmnndus
782 2482 918 2543 Martcne
940 2497 979 2539 ex
1000 2479 1073 2539 anti·

113 2580 176 2638 quo
198 2562 310 2623 Missali
333 2564 486 2625 Ecclesiae
507 2564 710 2625 Narbonensis
734 2564 850 2624 tom..1
874 2563 912 2622 de
934 2562 1070 2639 antiquis

114 2640 260 2704 Ecclesim
289 2644 409 2707 Ritilrus
444 2664 513 2722 pag.
544 2644 616 2705 33b.
648 2643 813 2722 Episcopus
841 2644 970 2719 deniqne
999 2659 1070 2703 cum

113 2726 144 2785 oi
165 2732 268 2803 aptant
290 2727 418 2787 Minisiri
442 2726 630 2804 Manipnlnm
646 2769 653 2793 ,
671 2726 761 2787 Missa
778 2728 837 2786 iam
853 2728 987 2803 incepta,
1005 2724 1073 2784 nnl-

114 2806 174 2867 lam
197 2811 363 2870 orationem
385 2810 479 2879 dicit,
504 2828 541 2868 ue
562 2808 672 2869 Missae
694 2826 801 2869 cursus
825 2810 1070 2883 interrumpatur.
1137 2837 1143 2845 ·

487 2969 614 3033 CAPUT
637 2970 691 3032 lll.

503 3152 546 3195 DE
569 3150 681 3194 STOEA·

89 3296 92 3299 ’
154 3294 181 3355 1.
204 3296 303 3359 Stolae
325 3315 435 3359 nomen
457 3296 536 3374 apud
558 3296 700 3373 profanos
722 3295 889 3373 Scriptores
905 3300 964 3355 lam
981 3293 1089 3375 Grae,

115 3392 188 3450 cos,
212 3399 228 3440 a
244 3380 353 3457 quibus
368 3378 475 3446 linxit,
491 3395 583 3455 qnam
598 3377 742 3448 Latinos,
760 3378 940 3439 muliebrem
954 3382 1075 3438 restem

114 3459 263 3535 signifieat
282 3462 319 3521 ad
343 3461 417 3521 talos
433 3477 528 3537 usquc
543 3459 717 3520 demissam.
734 3457 809 3520 Erat
824 3466 935 3520 autem·
950 3456 1074 3536 proprio

116 3545 325 3604 matronarum
339 3544 575 3607 vestimentum,
593 3547 628 3600 nt
643 3539 911 3619 docetAEerrarins
926 3540 963 3601 (le
979 3558 1012 3600 rc
1028 3557 1077 3601 nr-
