2517 4059
540 180 763 253 unalitat-

167 311 305 371 omuium
319 319 546 379 creaturarum,
566 331 636 371 cum
649 310 782 371 omnium
800 308 975 371 condituris
988 308 1069 385 facta
1084 317 1125 370 est

167 400 274 452 muter.
302 390 454 452 brualdus
476 392 669 452 Carootensis
692 392 757 451 Lib.
772 390 808 449 de
823 387 974 451 Laudibus
992 390 1127 467 Virginis

167 470 273 533 Maria
289 474 397 549 inquit,
420 475 529 547 linquo
547 470 676 551 Syriaca
690 474 823 533 Domina
839 472 963 541 diuitum·
988 470 1127 533 Cbristus

168 554 327 618 Dominus,
345 554 447 614 Maria
462 554 605 613 Domina.
622 555 726 615 Tertio
742 554 1133 629 cotigruenterBeatissima'

167 634 261 713 Virgo
291 636 376 695 stello
405 638 500 695 maris
530 643 722 718 nuncupatur
752 636 847 697 Stella
880 635 970 712 Virpo
1001 644 1051 705 est,
1083 634 1127 695 ait

167 716 198 777 S.
223 718 395 778 Bernartius
416 714 551 777 Humilia
567 715 602 777 ll
628 718 727 795 Super
741 720 847 777 missus
869 726 934 784 est,
966 715 1038 793 quia
1062 718 1127 775 sine

168 801 361 879 corruptione
389 797 479 877 sydus
496 798 604 859 emittit
630 799 755 859 radium
767 818 778 868 ,·
807 800 849 858 sie
866 799 973 875 absque
998 800 1127 857 laesione

167 881 225 947 sui,
248 882 404 959 parturiit
426 880 535 959 filium,
566 900 620 940 uec
650 880 749 959 ruderi
774 878 879 939 radius
902 897 988 938 suam
1013 880 1129 939 minuit

168 963 352 1029 claritatem,
376 980 429 1021 nec
451 958 570 1039 Virqiui
598 961 681 1042 filius
695 980 781 1023 suom
798 962 1013 1043 cirpinitatem.
1041 960 1126 1037 Ipsa,

168 1043 361 1122 prosequitur
383 1042 414 1103 S,
428 1042 601 1104 Bernardus
623 1044 746 1109 ibidem,
771 1051 812 1102 est
823 1044 996 1121 praeclara,
1021 1052 1048 1102 et
1063 1040 1130 1101 emi·

168 1126 231 1183 mia
246 1126 332 1184 stella
345 1142 434 1203 super
453 1125 508 1184 boo
523 1142 608 1183 mare
622 1143 777 1204 maenum,
807 1133 833 1182 et
849 1123 1011 1203 spatiosum
1032 1136 1130 1181 neres

167 1206 249 1267 sario
271 1207 443 1277 sublevata,
477 1208 593 1267 micans
612 1209 756 1275 meritis,
784 1207 942 1266 illustrans
969 1204 1125 1284 eneuptu.

168 1287 265 1353 Stella
288 1304 360 1348 vero
381 1290 490 1355 maris,
516 1288 592 1347 idest
614 1287 770 1366 procellosi
794 1286 886 1363 hujus
909 1287 1014 1346 mundi
1037 1302 1130 1345 voca·

169 1374 244 1434 tur,
268 1369 339 1443 quia
363 1369 392 1427 in
416 1368 522 1428 mediis
544 1370 624 1435 vilae
648 1369 894 1446 tempestatibus,
920 1367 1015 1428 lucem
1040 1368 1125 1427 navi-

168 1450 308 1527 gantibus
330 1450 358 1507 in
382 1450 501 1511 coelum
526 1450 668 1526 praefert,
694 1466 874 1525 cursumque
891 1450 1035 1509 virtutum
1059 1466 1129 1509 sua·

168 1549 237 1594 rum
254 1531 406 1606 exemplo,
430 1535 461 1590 et
477 1532 642 1608 patrocinio
659 1533 768 1607 dirigit.
786 1530 902 1605 Quarto
917 1531 1038 1609 demum
1056 1548 1130 1589 oon·

168 1614 325 1677 uenienter
347 1612 456 1672 dicitnr
480 1612 572 1691 Virgo
594 1632 677 1673 ruore
700 1630 840 1673 amorum
853 1632 863 1680 ;
886 1630 967 1671 mare
990 1612 1126 1688 qrridem,

169 1695 240 1771 quia
263 1712 393 1754 oceanus
408 1696 455 1754 est
475 1697 609 1754 omnium
626 1697 804 1771 gratiarnm,
829 1694 1038 1768 danorumque
1060 1692 1130 1769 Spi-

169 1778 247 1836 ritus
270 1776 389 1835 Sancti:
416 1773 575 1853 ttionsytus
597 1776 813 1838 carthusianus
835 1774 901 1835 Lib.
926 1773 968 1834 ΙΙΙ
991 1774 1027 1832 de
1048 1770 1131 1834 Lau·

129 1860 132 1864 ’
168 1856 254 1917 dibus
281 1853 539 1935 VirpinisMaria
561 1859 666 1935 inquit,
691 1861 915 1935 interpretatur
936 1874 1027 1924 enare,
1052 1856 1129 1933 quia

167 1941 245 1999 sicut
267 1939 367 1999 nullus
387 1940 465 1997 ualet
484 1948 582 2017 auttas
604 1940 699 1999 moris
722 1939 923 2005 dinumerare,
947 1941 988 2004 sie
1010 1937 1131 2000 miseri-

169 2019 317 2088 cordiam,
331 2022 476 2098 pratiam,
494 2022 714 2089 excellentium,
731 2021 915 2098 pluriumque
930 2020 1045 2081 Mariae
1059 2020 1131 2079 uul-

169 2102 216 2164 lus
239 2102 317 2165 calet
339 2101 518 2179 exprimere.
554 2101 671 2162 Dicitur
693 2109 795 2162 autem
818 2101 912 2162 Maria
935 2118 1018 2159 more
1041 2118 1130 2161 oma-

168 2199 248 2251 rum,
274 2186 338 2241 tum
360 2182 431 2257 utria
452 2182 481 2241 in
497 2183 588 2243 divini
611 2181 678 2242 Filii
701 2184 837 2261 passione
859 2182 984 2241 acerbos
1005 2181 1129 2243 dolores

168 2280 253 2342 passa
277 2267 350 2333 est,
374 2268 436 2322 tum
459 2266 531 2339 quia
552 2272 599 2327 est
619 2264 738 2326 diabolo
760 2263 974 2329 formidabilis,
999 2260 1128 2330 Maria,

169 2344 273 2411 scribit
294 2343 325 2403 S.
342 2345 552 2418 Bonarentura
574 2347 607 2406 in
628 2346 754 2423 Speculo
776 2344 817 2407 ΙΙΙ
841 2346 874 2403 in
893 2344 1031 2421 passione
1052 2341 1131 2405 Filii

168 2426 217 2487 sui
237 2424 323 2486 ualde
344 2443 453 2485 amara
466 2428 536 2506 suit,
561 2427 681 2506 quando
695 2446 781 2489 suam
801 2426 894 2509 ipsius
917 2427 1051 2485 animam
1063 2428 1131 2502 pla·

169 2506 238 2569 dius
254 2507 481 2587 pertransivit:
512 2509 592 2569 unde
620 2513 686 2589 ipsa
708 2510 777 2569 bene
793 2508 897 2586 poterit
918 2506 1016 2566 dicere
1047 2506 1131 2567 illud

168 2588 251 2650 Ruth
274 2588 373 2668 tauta
396 2588 469 2664 Cap.
493 2588 522 2669 Ι)
546 2588 614 2652 Non
634 2591 738 2651 nocetis
755 2609 804 2668 me
826 2587 940 2657 Noemi,
963 2587 1039 2647 idest
1056 2589 1131 2665 pul-

170 2670 285 2738 ebram,
308 2669 358 2730 sed
374 2680 474 2731 uocate
489 2690 535 2729 me
555 2690 657 2740 mara,
681 2672 757 2731 idest
778 2688 929 2741 amaram,
954 2672 1026 2748 quia
1041 2686 1129 2731 ama-

172 2750 313 2817 ritudine
332 2750 419 2811 ualde
441 2753 564 2829 replerit
584 2771 630 2813 me
658 2750 861 2832 Omnipotens.

210 2831 265 2893 ΙΙΙ.
289 2830 502 2893 Emolumenta
524 2853 579 2895 neo
602 2852 712 2911 pauca,
729 2853 791 2900 ¹neo
814 2834 893 2903 levia
916 2832 999 2893 nobis
1022 2849 1131 2909 prove-

168 2913 255 2992 niunt
276 2931 313 2973 ex
330 2914 464 2976 invocato
486 2914 600 2977 Marias
616 2917 746 2977 nomine.
770 2915 817 2975 nd
834 2934 897 2975 rem
920 2915 1060 2975 audiatur
1076 2914 1128 2973 Al-

168 2995 272 3055 bertus
294 2993 420 3072 Magnus
442 2997 494 3071 qui
517 2997 546 3056 in
569 2997 801 3060 Commentariis
823 2998 853 3056 in
875 2994 971 3073 Caput
992 2992 1131 3065 linoae

166 3074 243 3137 haec
265 3076 379 3137 habet:
412 3076 446 3138 Si
467 3076 618 3139 illecebrae
641 3082 744 3139 caruis
767 3088 795 3137 te
824 3080 965 3145 trabant,
994 3086 1021 3135 et
1042 3094 1131 3156 supe-

167 3165 270 3217 rantes
287 3161 355 3238 jane
376 3158 417 3217 od
437 3159 570 3228 illicitas
583 3159 788 3222 delectationes
810 3168 837 3219 te
855 3159 1051 3240 propellant,
1076 3160 1131 3218 ba-

164 3240 252 3320 ptiza
274 3246 301 3298 te
322 3238 357 3299 in
371 3240 575 3314 amaritudine
591 3243 697 3311 maris,
722 3252 749 3301 et
770 3242 874 3301 inoaca
887 3241 1128 3301 intercessionem

168 3320 227 3381 Dei
248 3323 376 3389 matris,
401 3331 428 3381 et
449 3324 573 3382 uomina
594 3321 753 3384 Marium:
775 3317 895 3385 taudem
917 3322 1009 3383 etium
1030 3324 1057 3381 si
1077 3319 1129 3382 ad·

167 3402 322 3462 nersitalee
345 3403 575 3463 tribulationum
598 3413 624 3463 te
642 3408 768 3487 jactent,
793 3407 882 3484 etiam
903 3394 1080 3482 superantes
1101 3410 1131 3463 te

169 3482 256 3560 quasi
273 3494 488 3561 prosternant:
515 3487 578 3545 iera
601 3487 700 3547 oculos
723 3486 763 3545 ad
785 3485 952 3545 Dominam.
971 3494 999 3545 et
1025 3488 1130 3556 ineoca

169 3560 333 3623 Mariam:
356 3574 383 3623 et
403 3568 447 3626 sic
465 3586 525 3646 pro
547 3578 624 3636 certo
646 3568 681 3626 in
702 3580 729 3629 te
744 3567 919 3647 experieris,
943 3584 1035 3647 quam
1046 3569 1130 3647 juste
