<?xml version="1.0" encoding="UTF-8"?>
<!DOCTYPE html PUBLIC "-//W3C//DTD XHTML 1.0 Transitional//EN"
    "http://www.w3.org/TR/xhtml1/DTD/xhtml1-transitional.dtd">
<html xmlns="http://www.w3.org/1999/xhtml" xml:lang="en" lang="en">
 <head>
  <title>
</title>
<meta http-equiv="Content-Type" content="text/html;charset=utf-8" />
  <meta name='ocr-system' content='tesseract 3.04.00' />
  <meta name='ocr-capabilities' content='ocr_page ocr_carea ocr_par ocr_line ocrx_word'/>
</head>
<body>
  <div class='ocr_page' id='page_1' title='image "./institutionesli00marigoog_0104.png"; bbox 0 0 2517 4059; ppageno 0'>
   <div class='ocr_carea' id='block_1_1' title="bbox 130 258 1168 749">
    <p class='ocr_par' dir='ltr' id='par_1_1' title="bbox 130 258 1168 749">
     <span class='ocr_line' id='line_1_1' title="bbox 177 258 1139 340; baseline -0.002 -21"><span class='ocrx_word' id='word_1_1' title='bbox 177 261 285 321; x_wconf 87' lang='lat' dir='ltr'><strong>clesiae</strong></span> <span class='ocrx_word' id='word_1_2' title='bbox 300 258 571 321; x_wconf 88' lang='lat' dir='ltr'><strong>Florentinaemos</strong></span> <span class='ocrx_word' id='word_1_3' title='bbox 592 260 664 321; x_wconf 93' lang='lat' dir='ltr'><strong>olim</strong></span> <span class='ocrx_word' id='word_1_4' title='bbox 687 261 745 321; x_wconf 87' lang='lat' dir='ltr'><strong>luit</strong></span> <span class='ocrx_word' id='word_1_5' title='bbox 759 258 857 340; x_wconf 83' lang='lat' dir='ltr'>ignem</span> <span class='ocrx_word' id='word_1_6' title='bbox 874 260 974 336; x_wconf 86' lang='lat' dir='ltr'><strong>ipsum</strong></span> <span class='ocrx_word' id='word_1_7' title='bbox 991 260 1139 319; x_wconf 77' lang='lat' dir='ltr'>excutere</span> 
     </span>
     <span class='ocr_line' id='line_1_2' title="bbox 177 339 1140 424; baseline -0.004 -21"><span class='ocrx_word' id='word_1_8' title='bbox 177 360 215 403; x_wconf 79' lang='lat' dir='ltr'><strong>ex</strong></span> <span class='ocrx_word' id='word_1_9' title='bbox 231 343 314 402; x_wconf 87' lang='lat' dir='ltr'><strong>silice</strong></span> <span class='ocrx_word' id='word_1_10' title='bbox 329 340 525 421; x_wconf 79' lang='lat' dir='ltr'><strong>lerosolymis</strong></span> <span class='ocrx_word' id='word_1_11' title='bbox 546 344 648 424; x_wconf 85' lang='lat' dir='ltr'><strong>allato.</strong></span> <span class='ocrx_word' id='word_1_12' title='bbox 672 341 771 415; x_wconf 85' lang='lat' dir='ltr'><strong>Locus</strong></span> <span class='ocrx_word' id='word_1_13' title='bbox 793 341 949 402; x_wconf 70' lang='lat' dir='ltr'><strong>faciendae</strong></span> <span class='ocrx_word' id='word_1_14' title='bbox 966 339 1048 419; x_wconf 81' lang='lat' dir='ltr'>Ignis</span> <span class='ocrx_word' id='word_1_15' title='bbox 1065 340 1140 401; x_wconf 81' lang='lat' dir='ltr'><strong>navi</strong></span> 
     </span>
     <span class='ocr_line' id='line_1_3' title="bbox 178 423 1140 485; baseline -0.001 -2"><span class='ocrx_word' id='word_1_16' title='bbox 178 423 376 485; x_wconf 78' lang='lat' dir='ltr'><strong>benedictioni</strong></span> <span class='ocrx_word' id='word_1_17' title='bbox 393 424 558 485; x_wconf 88' lang='lat' dir='ltr'><strong>destinatus</strong></span> <span class='ocrx_word' id='word_1_18' title='bbox 580 425 610 483; x_wconf 92' lang='lat' dir='ltr'><strong>iu</strong></span> <span class='ocrx_word' id='word_1_19' title='bbox 631 423 792 485; x_wconf 72' lang='lat' dir='ltr'><strong>Ordinatio</strong></span> <span class='ocrx_word' id='word_1_20' title='bbox 805 424 991 485; x_wconf 84' lang='lat' dir='ltr'><strong>Narbonensi</strong></span> <span class='ocrx_word' id='word_1_21' title='bbox 1013 426 1140 482; x_wconf 88' lang='lat' dir='ltr'><strong>notatur</strong></span> 
     </span>
     <span class='ocr_line' id='line_1_4' title="bbox 179 500 1168 585; baseline -0.001 -20"><span class='ocrx_word' id='word_1_22' title='bbox 179 506 216 565; x_wconf 89' lang='lat' dir='ltr'><strong>ad</strong></span> <span class='ocrx_word' id='word_1_23' title='bbox 241 504 344 567; x_wconf 81' lang='lat' dir='ltr'><strong>Cornu</strong></span> <span class='ocrx_word' id='word_1_24' title='bbox 360 500 486 570; x_wconf 77' lang='lat' dir='ltr'><strong>Altaria,</strong></span> <span class='ocrx_word' id='word_1_25' title='bbox 511 505 541 564; x_wconf 91' lang='lat' dir='ltr'><strong>iu</strong></span> <span class='ocrx_word' id='word_1_26' title='bbox 556 506 669 567; x_wconf 85' lang='lat' dir='ltr'><strong>blissali</strong></span> <span class='ocrx_word' id='word_1_27' title='bbox 686 504 928 585; x_wconf 87' lang='lat' dir='ltr'><strong>Praedicatorum</strong></span> <span class='ocrx_word' id='word_1_28' title='bbox 951 505 986 565; x_wconf 87' lang='lat' dir='ltr'><strong>ad</strong></span> <span class='ocrx_word' id='word_1_29' title='bbox 1003 504 1139 583; x_wconf 63' lang='lat' dir='ltr'><strong>⁴gradum</strong></span> <span class='ocrx_word' id='word_1_30' title='bbox 1166 550 1168 553; x_wconf 86' lang='grc'>-</span> 
     </span>
     <span class='ocr_line' id='line_1_5' title="bbox 179 582 1140 667; baseline -0.002 -20"><span class='ocrx_word' id='word_1_31' title='bbox 179 582 375 667; x_wconf 75' lang='lat' dir='ltr'><strong>Presbyterii.</strong></span> <span class='ocrx_word' id='word_1_32' title='bbox 398 586 490 647; x_wconf 88' lang='lat' dir='ltr'><strong>Unica</strong></span> <span class='ocrx_word' id='word_1_33' title='bbox 512 588 540 646; x_wconf 91' lang='lat' dir='ltr'><strong>in</strong></span> <span class='ocrx_word' id='word_1_34' title='bbox 557 589 735 664; x_wconf 86' lang='lat' dir='ltr'><strong>quibusdam</strong></span> <span class='ocrx_word' id='word_1_35' title='bbox 759 586 901 648; x_wconf 82' lang='lat' dir='ltr'><strong>Ecclesiis</strong></span> <span class='ocrx_word' id='word_1_36' title='bbox 925 588 1059 653; x_wconf 88' lang='lat' dir='ltr'><strong>oratione</strong></span> <span class='ocrx_word' id='word_1_37' title='bbox 1084 602 1140 663; x_wconf 80' lang='lat' dir='ltr'><strong>pe·</strong></span> 
     </span>
     <span class='ocr_line' id='line_1_6' title="bbox 130 666 1138 749; baseline 0 -26"><span class='ocrx_word' id='word_1_38' title='bbox 130 717 133 723; x_wconf 35' lang='lat'>2</span> <span class='ocrx_word' id='word_1_39' title='bbox 179 670 341 745; x_wconf 83' lang='lat' dir='ltr'><strong>ragebatur</strong></span> <span class='ocrx_word' id='word_1_40' title='bbox 362 669 427 744; x_wconf 87' lang='lat' dir='ltr'><strong>ipsa</strong></span> <span class='ocrx_word' id='word_1_41' title='bbox 442 670 621 738; x_wconf 83' lang='lat' dir='ltr'><strong>bededictio,</strong></span> <span class='ocrx_word' id='word_1_42' title='bbox 646 671 748 749; x_wconf 86' lang='lat' dir='ltr'><strong>plures</strong></span> <span class='ocrx_word' id='word_1_43' title='bbox 765 671 924 731; x_wconf 77' lang='lat' dir='ltr'><strong>nonnullae</strong></span> <span class='ocrx_word' id='word_1_44' title='bbox 938 666 1138 728; x_wconf 77' lang='lat' dir='ltr'><strong>adhibebant.</strong></span> 
     </span>
    </p>
   </div>
   <div class='ocr_carea' id='block_1_2' title="bbox 68 745 1158 831">
    <p class='ocr_par' dir='ltr' id='par_1_2' title="bbox 68 745 1158 831">
     <span class='ocr_line' id='line_1_7' title="bbox 68 745 1158 831; baseline -0.004 -20"><span class='ocrx_word' id='word_1_45' title='bbox 68 773 71 778; x_wconf 94' lang='lat'>·</span> <span class='ocrx_word' id='word_1_46' title='bbox 169 750 235 811; x_wconf 83' lang='lat' dir='ltr'><strong>Ex.</strong></span> <span class='ocrx_word' id='word_1_47' title='bbox 247 749 405 811; x_wconf 88' lang='lat' dir='ltr'><strong>benedicto</strong></span> <span class='ocrx_word' id='word_1_48' title='bbox 421 770 497 811; x_wconf 84' lang='lat' dir='ltr'><strong>noro</strong></span> <span class='ocrx_word' id='word_1_49' title='bbox 519 752 587 828; x_wconf 81' lang='lat' dir='ltr'><strong>igne</strong></span> <span class='ocrx_word' id='word_1_50' title='bbox 609 772 667 813; x_wconf 93' lang='lat' dir='ltr'><strong>non</strong></span> <span class='ocrx_word' id='word_1_51' title='bbox 683 753 800 831; x_wconf 88' lang='lat' dir='ltr'><strong>Templi</strong></span> <span class='ocrx_word' id='word_1_52' title='bbox 818 745 969 829; x_wconf 87' lang='lat' dir='ltr'><strong>lampades</strong></span> <span class='ocrx_word' id='word_1_53' title='bbox 991 750 1090 809; x_wconf 90' lang='lat' dir='ltr'><strong>selum</strong></span> <span class='ocrx_word' id='word_1_54' title='bbox 1103 751 1158 809; x_wconf 84' lang='lat' dir='ltr'><strong>et·</strong></span> 
     </span>
    </p>
   </div>
   <div class='ocr_carea' id='block_1_3' title="bbox 179 826 1149 1318">
    <p class='ocr_par' dir='ltr' id='par_1_3' title="bbox 179 826 1149 1318">
     <span class='ocr_line' id='line_1_8' title="bbox 179 826 1141 911; baseline -0.004 -18"><span class='ocrx_word' id='word_1_55' title='bbox 179 830 277 901; x_wconf 90' lang='lat' dir='ltr'><strong>Cerei,</strong></span> <span class='ocrx_word' id='word_1_56' title='bbox 301 833 352 891; x_wconf 90' lang='lat' dir='ltr'><strong>sed</strong></span> <span class='ocrx_word' id='word_1_57' title='bbox 369 833 424 911; x_wconf 83' lang='lat' dir='ltr'><strong>ipsi</strong></span> <span class='ocrx_word' id='word_1_58' title='bbox 438 835 527 895; x_wconf 88' lang='lat' dir='ltr'><strong>etiam</strong></span> <span class='ocrx_word' id='word_1_59' title='bbox 544 832 680 898; x_wconf 83' lang='lat' dir='ltr'><strong>Civitatis</strong></span> <span class='ocrx_word' id='word_1_60' title='bbox 703 836 761 895; x_wconf 88' lang='lat' dir='ltr'><strong>loci</strong></span> <span class='ocrx_word' id='word_1_61' title='bbox 784 827 1040 902; x_wconf 66' lang='lat' dir='ltr'><strong>accendebantur,</strong></span> <span class='ocrx_word' id='word_1_62' title='bbox 1057 826 1141 891; x_wconf 79' lang='lat' dir='ltr'><strong>Thc&#39;·</strong></span> 
     </span>
     <span class='ocr_line' id='line_1_9' title="bbox 179 907 1140 991; baseline 0 -15"><span class='ocrx_word' id='word_1_63' title='bbox 179 917 329 976; x_wconf 87' lang='lat' dir='ltr'><strong>massinus</strong></span> <span class='ocrx_word' id='word_1_64' title='bbox 341 911 376 973; x_wconf 88' lang='lat' dir='ltr'><strong>de</strong></span> <span class='ocrx_word' id='word_1_65' title='bbox 389 913 511 976; x_wconf 83' lang='lat' dir='ltr'><strong>dierum</strong></span> <span class='ocrx_word' id='word_1_66' title='bbox 528 913 682 991; x_wconf 76' lang='lat' dir='ltr'><strong>Feriarum</strong></span> <span class='ocrx_word' id='word_1_67' title='bbox 699 918 891 977; x_wconf 68' lang='lat' dir='ltr'><strong>celebratione</strong></span> <span class='ocrx_word' id='word_1_68' title='bbox 901 915 971 983; x_wconf 72' lang='lat' dir='ltr'><strong>mu.</strong></span> <span class='ocrx_word' id='word_1_69' title='bbox 981 907 1140 989; x_wconf 67' lang='lat' dir='ltr'><strong>{leopati</strong></span> 
     </span>
     <span class='ocr_line' id='line_1_10' title="bbox 180 994 1144 1081; baseline -0.005 -23"><span class='ocrx_word' id='word_1_70' title='bbox 180 997 309 1058; x_wconf 88' lang='lat' dir='ltr'><strong>ostendit</strong></span> <span class='ocrx_word' id='word_1_71' title='bbox 330 998 576 1058; x_wconf 84' lang='lat' dir='ltr'><strong>consuetudinem</strong></span> <span class='ocrx_word' id='word_1_72' title='bbox 592 999 685 1081; x_wconf 74' lang='lat' dir='ltr'><strong>luisse</strong></span> <span class='ocrx_word' id='word_1_73' title='bbox 700 996 901 1077; x_wconf 87' lang='lat' dir='ltr'><strong>quarumdam</strong></span> <span class='ocrx_word' id='word_1_74' title='bbox 917 994 1144 1061; x_wconf 85' lang='lat' dir='ltr'><strong>Ecclesiarum,¹</strong></span> 
     </span>
     <span class='ocr_line' id='line_1_11' title="bbox 181 1074 1139 1155; baseline -0.004 -17"><span class='ocrx_word' id='word_1_75' title='bbox 181 1085 215 1139; x_wconf 87' lang='lat' dir='ltr'><strong>ut</strong></span> <span class='ocrx_word' id='word_1_76' title='bbox 236 1077 369 1155; x_wconf 87' lang='lat' dir='ltr'><strong>qnotidie</strong></span> <span class='ocrx_word' id='word_1_77' title='bbox 390 1080 466 1155; x_wconf 80' lang='lat' dir='ltr'><strong>ignis</strong></span> <span class='ocrx_word' id='word_1_78' title='bbox 489 1085 695 1150; x_wconf 81' lang='lat' dir='ltr'><strong>excuteretur,</strong></span> <span class='ocrx_word' id='word_1_79' title='bbox 713 1081 893 1141; x_wconf 86' lang='lat' dir='ltr'><strong>solemniter</strong></span> <span class='ocrx_word' id='word_1_80' title='bbox 914 1096 987 1139; x_wconf 89' lang='lat' dir='ltr'><strong>vero</strong></span> <span class='ocrx_word' id='word_1_81' title='bbox 1008 1078 1037 1135; x_wconf 92' lang='lat' dir='ltr'><strong>in</strong></span> <span class='ocrx_word' id='word_1_82' title='bbox 1061 1074 1139 1135; x_wconf 88' lang='lat' dir='ltr'><strong>Sab-</strong></span> 
     </span>
     <span class='ocr_line' id='line_1_12' title="bbox 179 1156 1140 1236; baseline -0.002 -17"><span class='ocrx_word' id='word_1_83' title='bbox 179 1160 249 1219; x_wconf 84' lang='lat' dir='ltr'><strong>beto</strong></span> <span class='ocrx_word' id='word_1_84' title='bbox 270 1158 401 1225; x_wconf 87' lang='lat' dir='ltr'><strong>Sancto,</strong></span> <span class='ocrx_word' id='word_1_85' title='bbox 432 1178 508 1236; x_wconf 82' lang='lat' dir='ltr'><strong>quae</strong></span> <span class='ocrx_word' id='word_1_86' title='bbox 529 1162 714 1222; x_wconf 86' lang='lat' dir='ltr'><strong>consuetudo</strong></span> <span class='ocrx_word' id='word_1_87' title='bbox 738 1162 857 1223; x_wconf 90' lang='lat' dir='ltr'><strong>ineunte</strong></span> <span class='ocrx_word' id='word_1_88' title='bbox 883 1160 1008 1221; x_wconf 86' lang='lat' dir='ltr'><strong>Saeculo</strong></span> <span class='ocrx_word' id='word_1_89' title='bbox 1029 1157 1077 1218; x_wconf 83' lang='lat' dir='ltr'><strong>Xl</strong></span> <span class='ocrx_word' id='word_1_90' title='bbox 1099 1156 1140 1217; x_wconf 88' lang='lat' dir='ltr'><strong>ad</strong></span> 
     </span>
     <span class='ocr_line' id='line_1_13' title="bbox 179 1239 1149 1318; baseline -0.004 -19"><span class='ocrx_word' id='word_1_91' title='bbox 179 1241 273 1301; x_wconf 91' lang='lat' dir='ltr'><strong>solam</strong></span> <span class='ocrx_word' id='word_1_92' title='bbox 298 1240 417 1301; x_wconf 86' lang='lat' dir='ltr'><strong>Sabbati</strong></span> <span class='ocrx_word' id='word_1_93' title='bbox 434 1242 532 1302; x_wconf 86' lang='lat' dir='ltr'><strong>Sancti</strong></span> <span class='ocrx_word' id='word_1_94' title='bbox 555 1243 634 1304; x_wconf 91' lang='lat' dir='ltr'><strong>diem</strong></span> <span class='ocrx_word' id='word_1_95' title='bbox 650 1250 800 1305; x_wconf 82' lang='lat' dir='ltr'><strong>contrecta</strong></span> <span class='ocrx_word' id='word_1_96' title='bbox 817 1244 883 1304; x_wconf 85' lang='lat' dir='ltr'><strong>luit.</strong></span> <span class='ocrx_word' id='word_1_97' title='bbox 908 1242 947 1303; x_wconf 89' lang='lat' dir='ltr'><strong>Et</strong></span> <span class='ocrx_word' id='word_1_98' title='bbox 969 1239 1084 1318; x_wconf 84' lang='lat' dir='ltr'><strong>Pcuget</strong></span> <span class='ocrx_word' id='word_1_99' title='bbox 1107 1240 1149 1298; x_wconf 85' lang='lat' dir='ltr'><strong>iu.</strong></span> 
     </span>
    </p>
   </div>
   <div class='ocr_carea' id='block_1_4' title="bbox 57 1318 1140 1402">
    <p class='ocr_par' dir='ltr' id='par_1_4' title="bbox 57 1318 1140 1402">
     <span class='ocr_line' id='line_1_14' title="bbox 57 1318 1140 1402; baseline -0.004 -17"><span class='ocrx_word' id='word_1_100' title='bbox 57 1381 60 1385; x_wconf 86' lang='lat'><strong>.</strong></span> <span class='ocrx_word' id='word_1_101' title='bbox 160 1318 419 1382; x_wconf 82' lang='lat' dir='ltr'><strong>-Inetitutionibes</strong></span> <span class='ocrx_word' id='word_1_102' title='bbox 436 1322 598 1385; x_wconf 74' lang='lat' dir='ltr'><strong>Catholicis</strong></span> <span class='ocrx_word' id='word_1_103' title='bbox 619 1324 738 1385; x_wconf 84' lang='lat' dir='ltr'><strong>Tom.&#39;l</strong></span> <span class='ocrx_word' id='word_1_104' title='bbox 762 1344 828 1402; x_wconf 83' lang='lat' dir='ltr'><strong>pag.</strong></span> <span class='ocrx_word' id='word_1_105' title='bbox 853 1322 1003 1385; x_wconf 72' lang='lat' dir='ltr'><strong>stream</strong></span> <span class='ocrx_word' id='word_1_106' title='bbox 1027 1326 1140 1401; x_wconf 58' lang='lat' dir='ltr'><strong>propo*</strong></span> 
     </span>
    </p>
   </div>
   <div class='ocr_carea' id='block_1_5' title="bbox 181 1402 1138 1486">
    <p class='ocr_par' dir='ltr' id='par_1_5' title="bbox 181 1402 1138 1486">
     <span class='ocr_line' id='line_1_15' title="bbox 181 1402 1138 1486; baseline 0.001 -24"><span class='ocrx_word' id='word_1_107' title='bbox 181 1403 224 1463; x_wconf 90' lang='lat' dir='ltr'><strong>nit</strong></span> <span class='ocrx_word' id='word_1_108' title='bbox 250 1406 476 1479; x_wconf 82' lang='lat' dir='ltr'><strong>quaestionem,</strong></span> <span class='ocrx_word' id='word_1_109' title='bbox 511 1406 577 1468; x_wconf 81' lang='lat' dir='ltr'><strong>Cur</strong></span> <span class='ocrx_word' id='word_1_110' title='bbox 602 1407 687 1465; x_wconf 86' lang='lat' dir='ltr'><strong>hodie</strong></span> <span class='ocrx_word' id='word_1_111' title='bbox 713 1406 745 1486; x_wconf 82' lang='lat' dir='ltr'><strong>fit</strong></span> <span class='ocrx_word' id='word_1_112' title='bbox 768 1406 942 1466; x_wconf 74' lang='lat' dir='ltr'><strong>selemniter</strong></span> <span class='ocrx_word' id='word_1_113' title='bbox 971 1402 1138 1475; x_wconf 80' lang='lat' dir='ltr'><strong>benedictio</strong></span> 
     </span>
    </p>
   </div>
   <div class='ocr_carea' id='block_1_6' title="bbox 69 1480 1138 1565">
    <p class='ocr_par' dir='ltr' id='par_1_6' title="bbox 69 1480 1138 1565">
     <span class='ocr_line' id='line_1_16' title="bbox 69 1480 1138 1565; baseline 0.003 -23"><span class='ocrx_word' id='word_1_114' title='bbox 69 1506 71 1508; x_wconf 58' lang='grc'><strong><em>’</em></strong></span> <span class='ocrx_word' id='word_1_115' title='bbox 179 1486 259 1563; x_wconf 67' lang='lat' dir='ltr'><strong>iunia</strong></span> <span class='ocrx_word' id='word_1_116' title='bbox 281 1503 383 1545; x_wconf 81' lang='lat' dir='ltr'><strong>recens</strong></span> <span class='ocrx_word' id='word_1_117' title='bbox 404 1489 520 1547; x_wconf 77' lang='lat' dir='ltr'><strong>accessi</strong></span> <span class='ocrx_word' id='word_1_118' title='bbox 535 1506 557 1563; x_wconf 79' lang='lat' dir='ltr'><strong>e</strong></span> <span class='ocrx_word' id='word_1_119' title='bbox 577 1488 680 1549; x_wconf 78' lang='lat' dir='ltr'><strong>cilice?</strong></span> <span class='ocrx_word' id='word_1_120' title='bbox 699 1495 793 1565; x_wconf 80' lang='lat' dir='ltr'><strong>atque</strong></span> <span class='ocrx_word' id='word_1_121' title='bbox 816 1490 855 1548; x_wconf 90' lang='lat' dir='ltr'><strong>ita</strong></span> <span class='ocrx_word' id='word_1_122' title='bbox 872 1480 1052 1563; x_wconf 81' lang='lat' dir='ltr'><strong>respondit:</strong></span> <span class='ocrx_word' id='word_1_123' title='bbox 1075 1481 1138 1545; x_wconf 82' lang='lat' dir='ltr'><strong>Hic</strong></span> 
     </span>
    </p>
   </div>
   <div class='ocr_carea' id='block_1_7' title="bbox 121 1565 1173 2543">
    <p class='ocr_par' dir='ltr' id='par_1_7' title="bbox 121 1565 1173 2543">
     <span class='ocr_line' id='line_1_17' title="bbox 180 1565 1139 1646; baseline 0.001 -22"><span class='ocrx_word' id='word_1_124' title='bbox 180 1576 221 1626; x_wconf 81' lang='lat' dir='ltr'><strong>est</strong></span> <span class='ocrx_word' id='word_1_125' title='bbox 234 1568 387 1644; x_wconf 74' lang='lat' dir='ltr'><strong>cestiaium</strong></span> <span class='ocrx_word' id='word_1_126' title='bbox 401 1568 606 1646; x_wconf 76' lang='lat' dir='ltr'><strong>antiquitatis.</strong></span> <span class='ocrx_word' id='word_1_127' title='bbox 620 1568 724 1630; x_wconf 65' lang='lat' dir='ltr'><strong>Novus&#39;</strong></span> <span class='ocrx_word' id='word_1_128' title='bbox 738 1570 811 1646; x_wconf 83' lang='lat' dir='ltr'><strong>ignis</strong></span> <span class='ocrx_word' id='word_1_129' title='bbox 824 1569 865 1630; x_wconf 88' lang='lat' dir='ltr'><strong>uti</strong></span> <span class='ocrx_word' id='word_1_130' title='bbox 878 1565 1139 1640; x_wconf 80' lang='lat' dir='ltr'><strong>observatQuarti</strong></span> 
     </span>
     <span class='ocr_line' id='line_1_18' title="bbox 180 1644 1137 1719; baseline -0.001 -11"><span class='ocrx_word' id='word_1_131' title='bbox 180 1648 224 1708; x_wconf 87' lang='lat' dir='ltr'><strong>De</strong></span> <span class='ocrx_word' id='word_1_132' title='bbox 249 1646 510 1709; x_wconf 84' lang='lat' dir='ltr'><strong>Benedictionibus</strong></span> <span class='ocrx_word' id='word_1_133' title='bbox 527 1649 591 1715; x_wconf 75' lang='lat' dir='ltr'><strong>&#39;Tit</strong></span> <span class='ocrx_word' id='word_1_134' title='bbox 615 1650 636 1708; x_wconf 70' lang='lat'><strong>2</strong></span> <span class='ocrx_word' id='word_1_135' title='bbox 657 1648 778 1712; x_wconf 70' lang='lat' dir='ltr'><strong>secet</strong></span> <span class='ocrx_word' id='word_1_136' title='bbox 801 1650 837 1711; x_wconf 91' lang='lat' dir='ltr'><strong>de</strong></span> <span class='ocrx_word' id='word_1_137' title='bbox 861 1644 944 1709; x_wconf 90' lang='lat' dir='ltr'><strong>silice</strong></span> <span class='ocrx_word' id='word_1_138' title='bbox 965 1656 1137 1719; x_wconf 75' lang='lat' dir='ltr'><strong>exeussus,</strong></span> 
     </span>
     <span class='ocr_line' id='line_1_19' title="bbox 178 1727 1153 1809; baseline -0.003 -19"><span class='ocrx_word' id='word_1_139' title='bbox 178 1727 290 1791; x_wconf 82' lang='lat' dir='ltr'><strong>Christi</strong></span> <span class='ocrx_word' id='word_1_140' title='bbox 319 1733 573 1792; x_wconf 85' lang='lat' dir='ltr'><strong>resurrectionem</strong></span> <span class='ocrx_word' id='word_1_141' title='bbox 601 1731 721 1809; x_wconf 82' lang='lat' dir='ltr'><strong>figurat.</strong></span> <span class='ocrx_word' id='word_1_142' title='bbox 753 1730 937 1794; x_wconf 78' lang='lat' dir='ltr'><strong>sicutenim</strong></span> <span class='ocrx_word' id='word_1_143' title='bbox 968 1749 1005 1793; x_wconf 79' lang='lat' dir='ltr'><strong>ex</strong></span> <span class='ocrx_word' id='word_1_144' title='bbox 1028 1728 1153 1806; x_wconf 79' lang='lat' dir='ltr'><strong>frigido·</strong></span> 
     </span>
     <span class='ocr_line' id='line_1_20' title="bbox 181 1810 1135 1891; baseline -0.001 -20"><span class='ocrx_word' id='word_1_145' title='bbox 181 1812 278 1890; x_wconf 88' lang='lat' dir='ltr'><strong>lapide</strong></span> <span class='ocrx_word' id='word_1_146' title='bbox 294 1812 419 1873; x_wconf 88' lang='lat' dir='ltr'><strong>rutilans</strong></span> <span class='ocrx_word' id='word_1_147' title='bbox 441 1814 515 1889; x_wconf 84' lang='lat' dir='ltr'><strong>ignis</strong></span> <span class='ocrx_word' id='word_1_148' title='bbox 530 1816 694 1885; x_wconf 74' lang='lat' dir='ltr'><strong>excutitum</strong></span> <span class='ocrx_word' id='word_1_149' title='bbox 719 1815 759 1875; x_wconf 87' lang='lat' dir='ltr'><strong>ita</strong></span> <span class='ocrx_word' id='word_1_150' title='bbox 781 1832 797 1875; x_wconf 89' lang='lat' dir='ltr'><strong>e</strong></span> <span class='ocrx_word' id='word_1_151' title='bbox 820 1810 981 1891; x_wconf 88' lang='lat' dir='ltr'><strong>sepulchro</strong></span> <span class='ocrx_word' id='word_1_152' title='bbox 1004 1810 1135 1888; x_wconf 84' lang='lat' dir='ltr'><strong>lapideo,</strong></span> 
     </span>
     <span class='ocr_line' id='line_1_21' title="bbox 180 1891 1138 1973; baseline -0.003 -19"><span class='ocrx_word' id='word_1_153' title='bbox 180 1891 296 1973; x_wconf 84' lang='lat' dir='ltr'><strong>Corpus</strong></span> <span class='ocrx_word' id='word_1_154' title='bbox 316 1893 427 1954; x_wconf 87' lang='lat' dir='ltr'><strong>Christi</strong></span> <span class='ocrx_word' id='word_1_155' title='bbox 448 1892 508 1971; x_wconf 87' lang='lat' dir='ltr'><strong>jam</strong></span> <span class='ocrx_word' id='word_1_156' title='bbox 533 1899 711 1966; x_wconf 89' lang='lat' dir='ltr'><strong>mortuum,</strong></span> <span class='ocrx_word' id='word_1_157' title='bbox 739 1897 864 1963; x_wconf 87' lang='lat' dir='ltr'><strong>vivum,</strong></span> <span class='ocrx_word' id='word_1_158' title='bbox 892 1901 923 1955; x_wconf 92' lang='lat' dir='ltr'><strong>et</strong></span> <span class='ocrx_word' id='word_1_159' title='bbox 945 1893 1138 1971; x_wconf 65' lang='lat' dir='ltr'><strong>splendidum</strong></span> 
     </span>
     <span class='ocr_line' id='line_1_22' title="bbox 180 1974 1138 2053; baseline 0 -18"><span class='ocrx_word' id='word_1_160' title='bbox 180 1976 331 2043; x_wconf 70' lang='lat' dir='ltr'><strong>surremit,¹</strong></span> <span class='ocrx_word' id='word_1_161' title='bbox 345 1982 377 2036; x_wconf 89' lang='lat' dir='ltr'><strong>et</strong></span> <span class='ocrx_word' id='word_1_162' title='bbox 399 1994 475 2035; x_wconf 82' lang='lat' dir='ltr'><strong>nora</strong></span> <span class='ocrx_word' id='word_1_163' title='bbox 491 1978 557 2037; x_wconf 88' lang='lat' dir='ltr'><strong>luce</strong></span> <span class='ocrx_word' id='word_1_164' title='bbox 574 1976 698 2044; x_wconf 79' lang='lat' dir='ltr'><strong>refulsit,</strong></span> <span class='ocrx_word' id='word_1_165' title='bbox 723 1982 813 2053; x_wconf 82' lang='lat' dir='ltr'><strong>atquc</strong></span> <span class='ocrx_word' id='word_1_166' title='bbox 836 1976 920 2036; x_wconf 90' lang='lat' dir='ltr'><strong>nobis</strong></span> <span class='ocrx_word' id='word_1_167' title='bbox 935 1982 1073 2036; x_wconf 88' lang='lat' dir='ltr'><strong>aeternae</strong></span> <span class='ocrx_word' id='word_1_168' title='bbox 1091 1974 1138 2035; x_wconf 86' lang='lat' dir='ltr'><strong>lu·¹</strong></span> 
     </span>
     <span class='ocr_line' id='line_1_23' title="bbox 181 2056 1138 2135; baseline -0.001 -19"><span class='ocrx_word' id='word_1_169' title='bbox 181 2058 223 2117; x_wconf 90' lang='lat' dir='ltr'><strong>cis</strong></span> <span class='ocrx_word' id='word_1_170' title='bbox 244 2057 369 2116; x_wconf 88' lang='lat' dir='ltr'><strong>contulit</strong></span> <span class='ocrx_word' id='word_1_171' title='bbox 383 2056 562 2129; x_wconf 83' lang='lat' dir='ltr'><strong>claritatem.</strong></span> <span class='ocrx_word' id='word_1_172' title='bbox 587 2056 678 2120; x_wconf 83' lang='lat' dir='ltr'><strong>Extra</strong></span> <span class='ocrx_word' id='word_1_173' title='bbox 696 2064 811 2135; x_wconf 86' lang='lat' dir='ltr'><strong>portam</strong></span> <span class='ocrx_word' id='word_1_174' title='bbox 829 2056 982 2119; x_wconf 88' lang='lat' dir='ltr'><strong>Ecclesiae</strong></span> <span class='ocrx_word' id='word_1_175' title='bbox 999 2056 1138 2119; x_wconf 68' lang='lat' dir='ltr'><strong>commu·</strong></span> 
     </span>
     <span class='ocr_line' id='line_1_24' title="bbox 181 2137 1136 2220; baseline 0.002 -25"><span class='ocrx_word' id='word_1_176' title='bbox 181 2137 258 2199; x_wconf 91' lang='lat' dir='ltr'><strong>niter</strong></span> <span class='ocrx_word' id='word_1_177' title='bbox 280 2137 468 2197; x_wconf 85' lang='lat' dir='ltr'><strong>benedicitur</strong></span> <span class='ocrx_word' id='word_1_178' title='bbox 491 2140 590 2215; x_wconf 78' lang='lat' dir='ltr'><strong>ignis,</strong></span> <span class='ocrx_word' id='word_1_179' title='bbox 614 2141 686 2215; x_wconf 81' lang='lat' dir='ltr'><strong>arria</strong></span> <span class='ocrx_word' id='word_1_180' title='bbox 708 2138 846 2200; x_wconf 86' lang='lat' dir='ltr'><strong>Christus</strong></span> <span class='ocrx_word' id='word_1_181' title='bbox 869 2146 953 2220; x_wconf 81' lang='lat' dir='ltr'><strong>extra</strong></span> <span class='ocrx_word' id='word_1_182' title='bbox 975 2137 1136 2213; x_wconf 81' lang='lat' dir='ltr'><strong>Civitatem</strong></span> 
     </span>
     <span class='ocr_line' id='line_1_25' title="bbox 180 2218 1134 2296; baseline 0.002 -20"><span class='ocrx_word' id='word_1_183' title='bbox 180 2218 236 2279; x_wconf 88' lang='lat' dir='ltr'><strong>luit</strong></span> <span class='ocrx_word' id='word_1_184' title='bbox 251 2234 367 2293; x_wconf 87' lang='lat' dir='ltr'><strong>passus,</strong></span> <span class='ocrx_word' id='word_1_185' title='bbox 391 2224 422 2278; x_wconf 90' lang='lat' dir='ltr'><strong>et</strong></span> <span class='ocrx_word' id='word_1_186' title='bbox 438 2226 595 2296; x_wconf 82' lang='lat' dir='ltr'><strong>propterea</strong></span> <span class='ocrx_word' id='word_1_187' title='bbox 619 2238 762 2282; x_wconf 87' lang='lat' dir='ltr'><strong>exeamus</strong></span> <span class='ocrx_word' id='word_1_188' title='bbox 785 2222 820 2281; x_wconf 93' lang='lat' dir='ltr'><strong>ad</strong></span> <span class='ocrx_word' id='word_1_189' title='bbox 835 2238 906 2281; x_wconf 91' lang='lat' dir='ltr'><strong>eum</strong></span> <span class='ocrx_word' id='word_1_190' title='bbox 923 2225 1008 2280; x_wconf 84' lang='lat' dir='ltr'><strong>extra</strong></span> <span class='ocrx_word' id='word_1_191' title='bbox 1024 2224 1134 2289; x_wconf 87' lang='lat' dir='ltr'><strong>castra,</strong></span> 
     </span>
     <span class='ocr_line' id='line_1_26' title="bbox 121 2295 1137 2380; baseline 0.002 -19"><span class='ocrx_word' id='word_1_192' title='bbox 121 2365 128 2374; x_wconf 17' lang='lat'><strong>¹,</strong></span> <span class='ocrx_word' id='word_1_193' title='bbox 180 2304 214 2361; x_wconf 92' lang='lat' dir='ltr'><strong>ut</strong></span> <span class='ocrx_word' id='word_1_194' title='bbox 235 2299 332 2376; x_wconf 81' lang='lat' dir='ltr'><strong>inquit</strong></span> <span class='ocrx_word' id='word_1_195' title='bbox 347 2301 520 2377; x_wconf 83' lang='lat' dir='ltr'><strong>Apostolus.</strong></span> <span class='ocrx_word' id='word_1_196' title='bbox 543 2300 620 2361; x_wconf 90' lang='lat' dir='ltr'><strong>Cum</strong></span> <span class='ocrx_word' id='word_1_197' title='bbox 643 2295 752 2374; x_wconf 84' lang='lat' dir='ltr'><strong>Cruce,</strong></span> <span class='ocrx_word' id='word_1_198' title='bbox 776 2308 814 2364; x_wconf 50' lang='lat' dir='ltr'><strong>et¹</strong></span> <span class='ocrx_word' id='word_1_199' title='bbox 828 2322 906 2379; x_wconf 81' lang='lat' dir='ltr'><strong>aqua</strong></span> <span class='ocrx_word' id='word_1_200' title='bbox 929 2304 1027 2380; x_wconf 85' lang='lat' dir='ltr'><strong>ignem</strong></span> <span class='ocrx_word' id='word_1_201' title='bbox 1050 2301 1137 2363; x_wconf 84' lang='lat' dir='ltr'><strong>bena·</strong></span> 
     </span>
     <span class='ocr_line' id='line_1_27' title="bbox 182 2381 1137 2465; baseline 0.004 -22"><span class='ocrx_word' id='word_1_202' title='bbox 182 2382 327 2452; x_wconf 87' lang='lat' dir='ltr'><strong>dicimus,</strong></span> <span class='ocrx_word' id='word_1_203' title='bbox 351 2388 386 2442; x_wconf 93' lang='lat' dir='ltr'><strong>ut</strong></span> <span class='ocrx_word' id='word_1_204' title='bbox 408 2400 460 2441; x_wconf 91' lang='lat' dir='ltr'><strong>nos</strong></span> <span class='ocrx_word' id='word_1_205' title='bbox 486 2381 515 2442; x_wconf 89' lang='lat' dir='ltr'><strong>in</strong></span> <span class='ocrx_word' id='word_1_206' title='bbox 538 2386 675 2460; x_wconf 75' lang='lat' dir='ltr'><strong>passione</strong></span> <span class='ocrx_word' id='word_1_207' title='bbox 696 2382 830 2457; x_wconf 88' lang='lat' dir='ltr'><strong>Christi,</strong></span> <span class='ocrx_word' id='word_1_208' title='bbox 854 2392 908 2461; x_wconf 80' lang='lat' dir='ltr'><strong>per</strong></span> <span class='ocrx_word' id='word_1_209' title='bbox 931 2385 1137 2465; x_wconf 81' lang='lat' dir='ltr'><strong>quem.Spiri·</strong></span> 
     </span>
     <span class='ocr_line' id='line_1_28' title="bbox 182 2460 1173 2543; baseline 0.005 -18"><span class='ocrx_word' id='word_1_210' title='bbox 182 2470 246 2525; x_wconf 91' lang='lat' dir='ltr'><strong>tum</strong></span> <span class='ocrx_word' id='word_1_211' title='bbox 268 2460 410 2523; x_wconf 84' lang='lat' dir='ltr'><strong>Sanctum</strong></span> <span class='ocrx_word' id='word_1_212' title='bbox 432 2464 614 2543; x_wconf 79' lang='lat' dir='ltr'><strong>accepimus,</strong></span> <span class='ocrx_word' id='word_1_213' title='bbox 640 2468 808 2528; x_wconf 69' lang='lat' dir='ltr'><strong>intonasse</strong></span> <span class='ocrx_word' id='word_1_214' title='bbox 830 2462 1043 2543; x_wconf 77' lang='lat' dir='ltr'><strong>significemus.</strong></span> <span class='ocrx_word' id='word_1_215' title='bbox 1077 2466 1137 2529; x_wconf 90' lang='lat' dir='ltr'><strong>No·</strong></span> <span class='ocrx_word' id='word_1_216' title='bbox 1171 2526 1173 2530; x_wconf 86' lang='grc'><em>,</em></span> 
     </span>
    </p>
   </div>
   <div class='ocr_carea' id='block_1_8' title="bbox 63 2544 1160 2624">
    <p class='ocr_par' dir='ltr' id='par_1_8' title="bbox 63 2544 1160 2624">
     <span class='ocr_line' id='line_1_29' title="bbox 63 2544 1160 2624; baseline 0.005 -19"><span class='ocrx_word' id='word_1_217' title='bbox 63 2572 66 2580; x_wconf 92' lang='lat'><em>·</em></span> <span class='ocrx_word' id='word_1_218' title='bbox 181 2562 238 2606; x_wconf 83' lang='lat' dir='ltr'><strong>tus</strong></span> <span class='ocrx_word' id='word_1_219' title='bbox 259 2545 334 2621; x_wconf 81' lang='lat' dir='ltr'><strong>ignis</strong></span> <span class='ocrx_word' id='word_1_220' title='bbox 356 2546 452 2621; x_wconf 86' lang='lat' dir='ltr'><strong>inquit</strong></span> <span class='ocrx_word' id='word_1_221' title='bbox 469 2545 629 2608; x_wconf 85' lang='lat' dir='ltr'><strong>Durandus</strong></span> <span class='ocrx_word' id='word_1_222' title='bbox 651 2546 717 2606; x_wconf 92' lang='lat' dir='ltr'><strong>Lib.</strong></span> <span class='ocrx_word' id='word_1_223' title='bbox 736 2548 776 2607; x_wconf 96' lang='lat' dir='ltr'><strong>Vl</strong></span> <span class='ocrx_word' id='word_1_224' title='bbox 799 2546 870 2624; x_wconf 87' lang='lat' dir='ltr'><strong>Cap.</strong></span> <span class='ocrx_word' id='word_1_225' title='bbox 887 2546 929 2608; x_wconf 88' lang='grc'><strong>80</strong></span> <span class='ocrx_word' id='word_1_226' title='bbox 952 2552 1036 2609; x_wconf 74' lang='lat' dir='ltr'><strong>num.</strong></span> <span class='ocrx_word' id='word_1_227' title='bbox 1053 2544 1160 2611; x_wconf 79' lang='lat' dir='ltr'><strong>1...be-&#39;</strong></span> 
     </span>
    </p>
   </div>
   <div class='ocr_carea' id='block_1_9' title="bbox 103 2624 1178 2951">
    <p class='ocr_par' dir='ltr' id='par_1_9' title="bbox 103 2624 1137 2860">
     <span class='ocr_line' id='line_1_30' title="bbox 103 2624 1136 2706; baseline 0.01 -22"><span class='ocrx_word' id='word_1_228' title='bbox 103 2646 106 2650; x_wconf 92' lang='lat'><em>·</em></span> <span class='ocrx_word' id='word_1_229' title='bbox 182 2626 351 2695; x_wconf 92' lang='lat' dir='ltr'><strong>nedicitur,</strong></span> <span class='ocrx_word' id='word_1_230' title='bbox 377 2634 410 2687; x_wconf 93' lang='lat' dir='ltr'><strong>ut</strong></span> <span class='ocrx_word' id='word_1_231' title='bbox 431 2624 588 2698; x_wconf 86' lang='lat' dir='ltr'><strong>Christus,</strong></span> <span class='ocrx_word' id='word_1_232' title='bbox 613 2630 733 2706; x_wconf 79' lang='lat' dir='ltr'><strong>quiesi</strong></span> <span class='ocrx_word' id='word_1_233' title='bbox 755 2632 861 2699; x_wconf 87' lang='lat' dir='ltr'><strong>lumen.</strong></span> <span class='ocrx_word' id='word_1_234' title='bbox 877 2628 1050 2697; x_wconf 83' lang='lat' dir='ltr'><strong>indeficiens</strong></span> <span class='ocrx_word' id='word_1_235' title='bbox 1067 2674 1075 2705; x_wconf 89' lang='lat'><strong>,</strong></span> <span class='ocrx_word' id='word_1_236' title='bbox 1093 2630 1136 2695; x_wconf 68' lang='lat' dir='ltr'><strong>&#39;cl</strong></span> 
     </span>
     <span class='ocr_line' id='line_1_31' title="bbox 182 2708 1137 2789; baseline 0.009 -24"><span class='ocrx_word' id='word_1_237' title='bbox 182 2710 280 2785; x_wconf 84' lang='lat' dir='ltr'><strong>ignem</strong></span> <span class='ocrx_word' id='word_1_238' title='bbox 300 2708 382 2768; x_wconf 87' lang='lat' dir='ltr'><strong>veuit</strong></span> <span class='ocrx_word' id='word_1_239' title='bbox 398 2709 517 2771; x_wconf 88' lang='lat' dir='ltr'><strong>mittere</strong></span> <span class='ocrx_word' id='word_1_240' title='bbox 540 2711 569 2769; x_wconf 90' lang='lat' dir='ltr'><strong>in</strong></span> <span class='ocrx_word' id='word_1_241' title='bbox 584 2716 718 2783; x_wconf 78' lang='lat' dir='ltr'><strong>terram,</strong></span> <span class='ocrx_word' id='word_1_242' title='bbox 729 2711 902 2772; x_wconf 88' lang='lat' dir='ltr'><strong>illuminare</strong></span> <span class='ocrx_word' id='word_1_243' title='bbox 917 2711 1055 2789; x_wconf 82' lang='lat' dir='ltr'><strong>dignetur</strong></span> <span class='ocrx_word' id='word_1_244' title='bbox 1069 2714 1137 2777; x_wconf 63' lang='lat' dir='ltr'><strong>sen-w</strong></span> 
     </span>
     <span class='ocr_line' id='line_1_32' title="bbox 180 2788 897 2858; baseline 0.008 -6"><span class='ocrx_word' id='word_1_245' title='bbox 180 2808 239 2858; x_wconf 84' lang='lat' dir='ltr'><strong>sus,</strong></span> <span class='ocrx_word' id='word_1_246' title='bbox 264 2788 406 2857; x_wconf 78' lang='lat' dir='ltr'><strong>etcorda</strong></span> <span class='ocrx_word' id='word_1_247' title='bbox 429 2796 541 2853; x_wconf 84' lang='lat' dir='ltr'><strong>nostra.</strong></span> <span class='ocrx_word' id='word_1_248' title='bbox 680 2840 682 2845; x_wconf 78' lang='lat'><strong>.</strong></span> <span class='ocrx_word' id='word_1_249' title='bbox 894 2794 897 2801; x_wconf 83' lang='lat'>&#39;</span> 
     </span>
    </p>

    <p class='ocr_par' dir='ltr' id='par_1_10' title="bbox 223 2869 1178 2951">
     <span class='ocr_line' id='line_1_33' title="bbox 223 2869 1178 2951; baseline 0.004 -22"><span class='ocrx_word' id='word_1_250' title='bbox 223 2870 262 2930; x_wconf 95' lang='lat' dir='ltr'><strong>ll.</strong></span> <span class='ocrx_word' id='word_1_251' title='bbox 290 2869 331 2931; x_wconf 77' lang='lat' dir='ltr'><strong>ue</strong></span> <span class='ocrx_word' id='word_1_252' title='bbox 347 2870 495 2941; x_wconf 75' lang='lat' dir='ltr'><strong>hrodius,</strong></span> <span class='ocrx_word' id='word_1_253' title='bbox 520 2880 550 2935; x_wconf 93' lang='lat' dir='ltr'><strong>et</strong></span> <span class='ocrx_word' id='word_1_254' title='bbox 571 2874 608 2933; x_wconf 91' lang='lat' dir='ltr'><strong>de</strong></span> <span class='ocrx_word' id='word_1_255' title='bbox 623 2874 718 2935; x_wconf 92' lang='lat' dir='ltr'><strong>tribus</strong></span> <span class='ocrx_word' id='word_1_256' title='bbox 740 2874 872 2935; x_wconf 87' lang='lat' dir='ltr'><strong>candelis</strong></span> <span class='ocrx_word' id='word_1_257' title='bbox 885 2884 1049 2951; x_wconf 79' lang='lat' dir='ltr'><strong>&#39;expressus</strong></span> <span class='ocrx_word' id='word_1_258' title='bbox 1071 2892 1132 2935; x_wconf 87' lang='lat' dir='ltr'><strong>ser·</strong></span> <span class='ocrx_word' id='word_1_259' title='bbox 1158 2895 1178 2935; x_wconf 91' lang='grc'><strong>,·</strong></span> 
     </span>
    </p>
   </div>
   <div class='ocr_carea' id='block_1_10' title="bbox 59 2952 1144 3031">
    <p class='ocr_par' dir='ltr' id='par_1_11' title="bbox 59 2952 1144 3031">
     <span class='ocr_line' id='line_1_34' title="bbox 59 2952 1144 3031; baseline 0.001 -18"><span class='ocrx_word' id='word_1_260' title='bbox 59 2964 60 2967; x_wconf 76' lang='grc'>’</span> <span class='ocrx_word' id='word_1_261' title='bbox 180 2962 230 3012; x_wconf 90' lang='lat' dir='ltr'><strong>mo</strong></span> <span class='ocrx_word' id='word_1_262' title='bbox 252 2954 383 3013; x_wconf 85' lang='lat' dir='ltr'><strong>habetur</strong></span> <span class='ocrx_word' id='word_1_263' title='bbox 405 2955 434 3011; x_wconf 93' lang='lat' dir='ltr'><strong>iu</strong></span> <span class='ocrx_word' id='word_1_264' title='bbox 456 2954 569 3016; x_wconf 88' lang='lat' dir='ltr'><strong>Ordine</strong></span> <span class='ocrx_word' id='word_1_265' title='bbox 589 2954 727 3027; x_wconf 85' lang='lat' dir='ltr'><strong>Romano</strong></span> <span class='ocrx_word' id='word_1_266' title='bbox 749 2952 881 3031; x_wconf 88' lang='lat' dir='ltr'><strong>Cajetani</strong></span> <span class='ocrx_word' id='word_1_267' title='bbox 906 2956 956 3016; x_wconf 93' lang='lat' dir='ltr'><strong>ubi</strong></span> <span class='ocrx_word' id='word_1_268' title='bbox 981 2956 1011 3029; x_wconf 52' lang='grc' dir='ltr'><strong>δ’.</strong></span> <span class='ocrx_word' id='word_1_269' title='bbox 1034 2955 1081 3031; x_wconf 75' lang='grc' dir='ltr'><strong>9ΙιΙ</strong></span> <span class='ocrx_word' id='word_1_270' title='bbox 1096 2956 1144 3025; x_wconf 68' lang='lat'><strong>10.-</strong></span> 
     </span>
    </p>
   </div>
   <div class='ocr_carea' id='block_1_11' title="bbox 179 3032 1142 3605">
    <p class='ocr_par' dir='ltr' id='par_1_12' title="bbox 179 3032 1142 3605">
     <span class='ocr_line' id='line_1_35' title="bbox 180 3032 1142 3117; baseline 0.004 -23"><span class='ocrx_word' id='word_1_271' title='bbox 180 3036 272 3113; x_wconf 81' lang='lat' dir='ltr'><strong>gitur,</strong></span> <span class='ocrx_word' id='word_1_272' title='bbox 296 3034 375 3110; x_wconf 87' lang='lat' dir='ltr'><strong>quad</strong></span> <span class='ocrx_word' id='word_1_273' title='bbox 397 3032 566 3097; x_wconf 75' lang='lat' dir='ltr'><strong>Diaconm‘</strong></span> <span class='ocrx_word' id='word_1_274' title='bbox 571 3038 680 3117; x_wconf 79' lang='lat' dir='ltr'><strong>junior</strong></span> <span class='ocrx_word' id='word_1_275' title='bbox 701 3038 812 3117; x_wconf 86' lang='lat' dir='ltr'><strong>accipit</strong></span> <span class='ocrx_word' id='word_1_276' title='bbox 835 3037 1020 3097; x_wconf 67' lang='lat' dir='ltr'><strong>tetendissem</strong></span> <span class='ocrx_word' id='word_1_277' title='bbox 1042 3038 1142 3115; x_wconf 64' lang='lat' dir='ltr'><strong>trium⁴</strong></span> 
     </span>
     <span class='ocr_line' id='line_1_36' title="bbox 180 3116 1133 3197; baseline 0.005 -21"><span class='ocrx_word' id='word_1_278' title='bbox 180 3116 359 3193; x_wconf 80' lang='lat' dir='ltr'><strong>cubitorum,</strong></span> <span class='ocrx_word' id='word_1_279' title='bbox 389 3125 415 3175; x_wconf 88' lang='lat' dir='ltr'><strong>et</strong></span> <span class='ocrx_word' id='word_1_280' title='bbox 441 3119 590 3197; x_wconf 82' lang='lat' dir='ltr'><strong>triplicem</strong></span> <span class='ocrx_word' id='word_1_281' title='bbox 616 3117 782 3187; x_wconf 87' lang='lat' dir='ltr'><strong>candelam,</strong></span> <span class='ocrx_word' id='word_1_282' title='bbox 810 3116 960 3197; x_wconf 82' lang='lat' dir='ltr'><strong>quamde</strong></span> <span class='ocrx_word' id='word_1_283' title='bbox 983 3120 1133 3197; x_wconf 70' lang='lat' dir='ltr'><strong>coccique</strong></span> 
     </span>
     <span class='ocr_line' id='line_1_37' title="bbox 179 3197 1133 3275; baseline 0.004 -18"><span class='ocrx_word' id='word_1_284' title='bbox 179 3198 383 3259; x_wconf 75' lang='lat' dir='ltr'><strong>illuminatam</strong></span> <span class='ocrx_word' id='word_1_285' title='bbox 398 3197 525 3275; x_wconf 83' lang='lat' dir='ltr'><strong>imponit</strong></span> <span class='ocrx_word' id='word_1_286' title='bbox 541 3198 703 3258; x_wconf 74' lang='lat' dir='ltr'><strong>Arundini.</strong></span> <span class='ocrx_word' id='word_1_287' title='bbox 728 3198 845 3260; x_wconf 86' lang='lat' dir='ltr'><strong>Rursus</strong></span> <span class='ocrx_word' id='word_1_288' title='bbox 861 3199 1017 3261; x_wconf 86' lang='lat' dir='ltr'><strong>decadem</strong></span> <span class='ocrx_word' id='word_1_289' title='bbox 1035 3200 1133 3261; x_wconf 74' lang='lat' dir='ltr'><strong>hrun-</strong></span> 
     </span>
     <span class='ocr_line' id='line_1_38' title="bbox 180 3280 1134 3354; baseline 0.005 -13"><span class='ocrx_word' id='word_1_290' title='bbox 180 3280 248 3341; x_wconf 90' lang='lat' dir='ltr'><strong>dine</strong></span> <span class='ocrx_word' id='word_1_291' title='bbox 262 3303 272 3346; x_wconf 94' lang='lat'><strong>,·</strong></span> <span class='ocrx_word' id='word_1_292' title='bbox 294 3284 324 3339; x_wconf 90' lang='lat' dir='ltr'><strong>et</strong></span> <span class='ocrx_word' id='word_1_293' title='bbox 349 3281 508 3354; x_wconf 82' lang='lat' dir='ltr'><strong>praedictis</strong></span> <span class='ocrx_word' id='word_1_294' title='bbox 530 3282 626 3340; x_wconf 87' lang='lat' dir='ltr'><strong>tribus</strong></span> <span class='ocrx_word' id='word_1_295' title='bbox 648 3280 779 3340; x_wconf 86' lang='lat' dir='ltr'><strong>candelis</strong></span> <span class='ocrx_word' id='word_1_296' title='bbox 803 3280 836 3339; x_wconf 79' lang='lat' dir='ltr'><strong>sit</strong></span> <span class='ocrx_word' id='word_1_297' title='bbox 858 3282 948 3341; x_wconf 91' lang='lat' dir='ltr'><strong>etiam</strong></span> <span class='ocrx_word' id='word_1_298' title='bbox 972 3284 1084 3343; x_wconf 88' lang='lat' dir='ltr'><strong>mentio</strong></span> <span class='ocrx_word' id='word_1_299' title='bbox 1105 3284 1134 3347; x_wconf 89' lang='lat' dir='ltr'><strong>in</strong></span> 
     </span>
     <span class='ocr_line' id='line_1_39' title="bbox 181 3360 1131 3439; baseline 0.007 -19"><span class='ocrx_word' id='word_1_300' title='bbox 181 3360 294 3420; x_wconf 88' lang='lat' dir='ltr'><strong>Ordine</strong></span> <span class='ocrx_word' id='word_1_301' title='bbox 316 3360 452 3421; x_wconf 88' lang='lat' dir='ltr'><strong>Romano</strong></span> <span class='ocrx_word' id='word_1_302' title='bbox 467 3361 603 3429; x_wconf 85' lang='lat' dir='ltr'><strong>:Amelii,</strong></span> <span class='ocrx_word' id='word_1_303' title='bbox 635 3369 666 3422; x_wconf 89' lang='lat' dir='ltr'><strong>et</strong></span> <span class='ocrx_word' id='word_1_304' title='bbox 688 3364 715 3420; x_wconf 92' lang='lat' dir='ltr'><strong>in</strong></span> <span class='ocrx_word' id='word_1_305' title='bbox 738 3360 903 3421; x_wconf 86' lang='lat' dir='ltr'><strong>Pontificali</strong></span> <span class='ocrx_word' id='word_1_306' title='bbox 928 3364 1131 3439; x_wconf 86' lang='lat' dir='ltr'><strong>manuscripta</strong></span> 
     </span>
     <span class='ocr_line' id='line_1_40' title="bbox 181 3440 1133 3523; baseline 0.006 -22"><span class='ocrx_word' id='word_1_307' title='bbox 181 3440 333 3503; x_wconf 78' lang='lat' dir='ltr'><strong>Ecclesiae</strong></span> <span class='ocrx_word' id='word_1_308' title='bbox 360 3440 548 3517; x_wconf 68' lang='lat' dir='ltr'><strong>boemiensis</strong></span> <span class='ocrx_word' id='word_1_309' title='bbox 568 3443 719 3523; x_wconf 77' lang='lat' dir='ltr'><strong>inSyria.</strong></span> <span class='ocrx_word' id='word_1_310' title='bbox 743 3442 817 3515; x_wconf 81' lang='lat' dir='ltr'><strong>Quis</strong></span> <span class='ocrx_word' id='word_1_311' title='bbox 832 3450 939 3519; x_wconf 18' lang='lat' dir='ltr'><strong>*tamen</strong></span> <span class='ocrx_word' id='word_1_312' title='bbox 963 3444 1133 3514; x_wconf 76' lang='lat' dir='ltr'><strong>luerithu·</strong></span> 
     </span>
     <span class='ocr_line' id='line_1_41' title="bbox 181 3522 1134 3605; baseline 0.006 -24"><span class='ocrx_word' id='word_1_313' title='bbox 181 3530 247 3581; x_wconf 91' lang='lat' dir='ltr'><strong>ctor</strong></span> <span class='ocrx_word' id='word_1_314' title='bbox 271 3522 455 3595; x_wconf 75' lang='lat' dir='ltr'><strong>Arundinis,</strong></span> <span class='ocrx_word' id='word_1_315' title='bbox 484 3531 515 3585; x_wconf 92' lang='lat' dir='ltr'><strong>et</strong></span> <span class='ocrx_word' id='word_1_316' title='bbox 537 3526 585 3585; x_wconf 92' lang='lat' dir='ltr'><strong>cui</strong></span> <span class='ocrx_word' id='word_1_317' title='bbox 607 3525 728 3584; x_wconf 88' lang='lat' dir='ltr'><strong>saeculo</strong></span> <span class='ocrx_word' id='word_1_318' title='bbox 752 3524 908 3586; x_wconf 79' lang='lat' dir='ltr'><strong>referenda</strong></span> <span class='ocrx_word' id='word_1_319' title='bbox 930 3527 969 3587; x_wconf 94' lang='lat' dir='ltr'><strong>sit</strong></span> <span class='ocrx_word' id='word_1_320' title='bbox 990 3526 1055 3605; x_wconf 88' lang='lat' dir='ltr'><strong>ejus</strong></span> <span class='ocrx_word' id='word_1_321' title='bbox 1076 3523 1134 3587; x_wconf 88' lang='lat' dir='ltr'><strong>ori·</strong></span> 
     </span>
    </p>
   </div>
   <div class='ocr_carea' id='block_1_12' title="bbox 0 0 1265 4059">
    <p class='ocr_par' dir='ltr' id='par_1_13' title="bbox 0 0 1265 4059">
     <span class='ocr_line' id='line_1_42' title="bbox 0 0 1265 4059; baseline 0 0"><span class='ocrx_word' id='word_1_322' title='bbox 0 0 1265 4059; x_wconf 95' lang='lat' dir='ltr'><strong> </strong></span> 
     </span>
    </p>
   </div>
  </div>
 </body>
</html>
