2517 4059
472 219 531 282 »rehu
554 210 612 270 liti
635 220 695 278 imre

113 341 193 400 alicio
215 341 302 418 siquo
323 336 459 399 indicari
484 337 658 407 Christum,
683 339 915 417 quiescendum
938 358 1059 398 curnem

111 424 144 483 in
166 424 298 500 quinque
320 423 449 481 sensibus
469 438 574 500 porrus
597 432 661 489 cri,
683 422 798 481 iusim
817 422 945 482 camilli
961 423 1062 483 orlata

111 513 151 566 cst
174 504 291 582 socies,
316 503 350 562 r'n
372 502 502 569 auditu,
527 521 595 561 curn
618 513 659 562 arr
680 503 809 573 irrisus,
831 506 865 563 in
887 515 974 582 partu
996 522 1063 562 cunr

109 586 162 665 sel,
188 593 213 644 ct
235 595 348 644 oratam
373 586 400 644 ci
421 585 619 664 propinatum
642 593 699 650 ert,
721 585 755 643 in
776 583 904 646 odorato
927 604 965 646 ca:
987 596 1062 646 tetro

109 667 197 728 odora
212 686 390 746 corporum,
416 685 483 726 com
502 666 645 729 Calcaria
661 664 762 728 Monte
780 666 873 728 Cruci
886 665 993 750 offiano
1008 677 1058 734 cal,

109 752 144 809 in
166 757 248 810 toccu
270 769 335 809 curn
358 751 420 829 ejus
443 747 587 827 transfixi
608 760 678 809 suut
693 747 785 827 pedes
807 760 835 809 at
856 767 975 810 monus.
1002 747 1062 810 Du·

109 833 223 893 raudus
238 834 361 900 censet,
377 831 445 890 'illis
461 830 558 890 tribus
572 831 685 907 siguis,
708 847 786 908 quae
801 829 878 892 fiunt
892 849 983 907 supra
998 828 1063 890 llo-

109 916 198 976 stiam
212 955 220 981 ,
237 922 268 976 et
281 911 411 975 Calicem
429 910 589 990 significari
606 913 752 973 nefariam
768 913 849 973 illam
865 915 1063 989 proditionem

109 995 215 1068 Iudae,
229 996 279 1073 qui
296 995 471 1072 Magistrum
494 1011 581 1056 suum
599 995 732 1055 vendidit
747 994 969 1066 Sacerdotibus,
986 994 1062 1056 Scri-

3 1085 5 1092 ’
109 1081 178 1150 bis,
204 1090 231 1140 ct
253 1076 439 1138 Pharisaeis:
463 1081 565 1136 censet
586 1085 686 1136 autem
709 1077 802 1138 semel
819 1077 923 1140 Crucis
945 1081 1063 1154 signum

110 1161 180 1222 duci
202 1177 294 1237 super
314 1155 474 1226 Hostiam,
499 1165 530 1220 et
551 1159 643 1218 semel
666 1177 757 1236 super
778 1155 932 1229 Calicem,
957 1159 1004 1220 vel
1026 1158 1063 1218 ad

111 1242 323 1321 significandas
345 1240 420 1302 duas
443 1246 575 1308 naturas,
599 1259 674 1317 quas
696 1240 779 1302 lesus
794 1241 936 1302 Christus
956 1241 1064 1304 unione

110 1325 301 1406 hypostatica
323 1324 352 1382 in
375 1340 407 1382 se
430 1323 598 1400 copulavit,
622 1323 670 1382 rel
687 1329 721 1384 ut
742 1324 955 1399 intelligamus,
979 1321 1066 1383 Chri-

110 1413 192 1470 stum
214 1425 281 1469 esse
303 1422 423 1483 passum
448 1403 556 1464 Anima
571 1409 602 1463 et
615 1402 760 1482 Corpore.
785 1404 818 1464 lu
841 1405 897 1465 hae
918 1406 1062 1466 Oratione
1139 1422 1142 1428 ·

109 1490 246 1550 Ecclesia
269 1490 362 1566 petit,
388 1491 420 1546 ut
434 1483 486 1547 fiat
508 1487 590 1564 panis
612 1495 645 1546 et
658 1488 718 1546 vini
742 1489 1014 1550 transubstantiatio
1032 1489 1061 1548 iu
1104 1540 1108 1551 ,

110 1569 227 1650 Corpus
249 1577 279 1632 et
301 1568 481 1645 Sanguinem
504 1568 625 1630 Christi.
651 1569 735 1630 Haec
752 1571 855 1646 petitio
875 1571 1005 1631 absurda
1020 1570 1065 1627 ri-

111 1653 201 1716 detur
217 1651 393 1718 haereticis}
406 1649 571 1710 absurdum
588 1655 636 1709 est
649 1653 729 1712 enim
747 1658 849 1727 petere
865 1670 880 1710 a
898 1653 973 1721 Deo,
986 1651 1066 1728 quod

113 1741 196 1797 certe
213 1735 349 1794 novimus
365 1731 500 1792 futurum
517 1750 593 1793 esse.
617 1730 659 1793 At
674 1732 766 1794 futilis
787 1734 944 1811 oppositio.
961 1731 1062 1793 Etiam

113 1817 198 1879 Iesus
220 1815 355 1878 Christus
377 1814 487 1874 scribat
502 1831 533 1872 se
550 1813 777 1890 glorificandum
799 1814 931 1883 aPatre;
957 1814 1063 1875 nihilo-

112 1902 211 1961 minus
233 1897 359 1958 loannes
386 1892 459 1972 Cap.
484 1893 589 1956 XVlll
617 1895 715 1958 Deum
737 1897 857 1958 Patrem
885 1898 1064 1975 deprecatus

113 1991 180 2048 est,
205 1987 239 2040 ut
259 1999 290 2040 se
314 1975 507 2056 glorificaret.
532 1975 628 2038 Etiam
652 1977 778 2040 Veteres
801 1978 904 2040 Patres
926 1980 1061 2042 sciebant

113 2068 199 2125 certo
215 2067 377 2121 venturum
393 2057 545 2124 Messinm,
565 2060 758 2123 nihilominus
773 2062 935 2124 adventurn
949 2062 1061 2124 Christi

114 2150 144 2206 in
167 2162 257 2204 carne
280 2142 395 2219 magnis
417 2142 556 2220 precibus
578 2142 788 2204 sollicitabant.

456 2303 582 2366 CAPUT
603 2305 722 2368 xxvl.

116 2491 159 2534 ult
174 2487 282 2534 FORMA
298 2485 571 2541 coussscuarlonls,
585 2487 625 2531 ΕΤ
640 2488 684 2532 DE
698 2487 829 2533 caretate
843 2485 1063 2531 ncuvarrouls.

156 2634 182 2696 1.
207 2633 312 2698 Plures
335 2635 364 2693 iu
378 2629 497 2694 Canone
513 2639 581 2694 sunt
602 2635 755 2703 actiones,
779 2651 855 2711 quae
877 2636 1066 2709 tamquama

114 2715 234 2779 Christo
264 2717 357 2778 iactae
386 2721 684 2776 commemorantur:
714 2714 871 2776 Christum
900 2733 1008 2791 nempe
1035 2717 1065 2773 in

116 2817 224 2860 manus
246 2799 398 2875 accepisse
421 2814 549 2873 panem,
574 2797 679 2858 oculos
699 2798 736 2858 ad
758 2795 874 2857 coelum
896 2798 1063 2862 sustulisse,

116 2883 229 2960 gratiae
251 2883 368 2959 egisse,
394 2878 601 2949 benedixisse,
626 2877 750 2957 [regisse
773 2895 903 2956 mirem,
927 2895 962 2937 ac
979 2895 1066 2954 prae-

114 2965 215 3026 buisse
238 2961 408 3040 Discipulis.
432 2959 569 3020 Christus
591 2961 738 3022 Dominus
760 2961 986 3021 Sacramentum
1002 2957 1065 3019 llu-

116 3045 275 3108 charistiae
299 3045 451 3104 instituere
474 3041 597 3112 volens,
621 3060 683 3121 quo
699 3042 802 3104 fideles
823 3041 1020 3119 spiritualiter
1034 3059 1068 3100 a·

115 3129 213 3193 leret,
237 3143 349 3205 eosque
371 3130 476 3186 mutuo
499 3127 683 3186 consociatos
705 3143 809 3186 rursus
830 3143 899 3184 cum
916 3125 978 3184 lleo
993 3141 1066 3183 con-

114 3209 266 3290 jungeret,
284 3225 391 3287 panem
409 3213 440 3266 et
454 3208 556 3268 vinum
573 3207 712 3284 sumpsit,
730 3208 839 3283 quibus
854 3206 968 3266 nullum
985 3205 1067 3266 aliud

115 3291 293 3354 alimentum
316 3296 362 3350 est
384 3289 543 3358 usitatius,
568 3291 745 3364 nullumque
766 3289 846 3348 alind
870 3289 965 3366 magis
981 3295 1068 3347 nalu-

118 3391 169 3436 rae
186 3376 436 3438 consentaneum,
460 3377 490 3430 et
506 3371 637 3448 plurium
653 3387 815 3447 corporum
838 3370 926 3432 simul
942 3366 1068 3446 conjun·
1086 3433 1095 3456 ,

119 3462 235 3518 ciorum
250 3460 282 3514 et
295 3453 521 3514 cohaerentium
537 3453 731 3532 symbolum
755 3453 865 3529 qnippe
888 3469 958 3512 cum
982 3451 1067 3528 panis

117 3555 154 3598 ex
177 3535 268 3597 tritici
296 3536 396 3612 granis
424 3533 548 3600 multis,
579 3536 712 3610 itemque
738 3536 842 3595 vinum
871 3533 1068 3611 expluribus

119 3636 195 3681 uvae
217 3619 337 3694 granis,
362 3633 440 3694 quae
463 3633 553 3677 unam
575 3617 774 3694 eamdemque
795 3633 947 3682 massam,
972 3631 1067 3677 unum
