2517 4059
590 148 815 220 *128st

218 282 318 361 juxto
340 275 676 338 mennatem-sottus
702 278 808 337 hahens
834 274 918 336 iter:
946 294 982 337 ex
1011 295 1071 353 quo
1099 278 1190 339 coiti-

225 363 307 437 gitur
327 356 482 419 Christum
505 357 673 419 ascendisse
696 360 725 417 in
748 358 866 420 coelum
889 375 907 417 e
929 366 1030 419 monte
1055 358 1187 423 Oliveti.

223 440 312 502 Nulla
334 448 435 501 tamen
456 440 534 499 inter
556 438 754 518 Evangelium
778 438 879 500 Lucae
895 444 925 499 et
946 440 1041 500 Actus
1054 440 1200 518 Aposto-

224 524 324 584 lorum
341 528 389 582 est
410 538 530 600 pugoaa
552 538 621 580 nam
644 520 788 581 Bethania
812 522 840 579 in
863 520 971 583 declivi
988 524 1096 581 montis
1120 523 1190 585 Oli-

221 602 283 665 rati
301 606 395 680 posita
412 611 469 663 est.
492 600 580 662 Circa
595 618 728 662 mensem
751 608 783 661 et
805 602 896 671 diem,
919 619 978 678 quo
994 600 1076 662 lesus
1092 604 1190 665 Chri·

220 693 285 747 atus
300 686 433 745 ascendit
447 685 477 742 in
492 685 622 752 coelum,
641 684 842 743 communiter
857 684 989 745 creditur
1002 684 1095 743 luisse
1109 686 1188 747 Maii

224 768 304 827 diem
328 768 476 843 quintam.
499 762 575 824 Cum
603 768 685 824 enim
709 763 861 825 Ecclesiae
884 766 1008 843 probata
1031 772 1189 831 sententia

220 850 270 916 sit,
295 846 395 909 lesum
410 846 563 907 Christum
588 854 742 905 mortuum
761 844 851 906 luisse
874 847 921 907 die
935 845 976 906 25
993 844 1092 907 Martii
1112 893 1121 917 ‚
1150 870 1186 911 ac

224 929 273 991 die
287 928 329 989 27
350 928 483 1007 ejusdem
506 930 620 987 mensis
636 944 714 1005 quae
729 925 884 988 Dominica
907 928 975 994 luit,
998 933 1184 1000 surrexisse,

222 1018 255 1072 et
286 1007 559 1072 allesurrectione
591 1010 628 1067 ad
651 1010 866 1069 Asceusiuuem
895 1008 1092 1086 quadraginta
1113 1012 1186 1075 dies

221 1098 306 1153 notet
326 1089 425 1152 Lucas
447 1089 517 1150 het.
540 1088 643 1167 Capl
665 1107 694 1150 v.
721 1087 757 1157 33
781 1106 822 1151 ex
844 1098 986 1167 computo
1008 1085 1128 1151 clarum
1153 1101 1185 1155 et

221 1174 345 1235 evidens
361 1172 408 1242 fit,
421 1171 589 1232 Ascensum
598 1170 712 1232 Christi
729 1170 757 1229 in
773 1174 890 1233 coelum
903 1172 1040 1231 incidisse
1056 1174 1086 1231 in
1099 1175 1184 1236 diem

221 1255 302 1317 lovis
334 1262 364 1315 et
389 1254 525 1330 quintam
547 1252 632 1312 Maii.
658 1247 702 1311 Ite
730 1252 806 1313 hora
828 1254 912 1322 diei,
936 1270 994 1330 qua
1017 1256 1182 1326 ascendit,

221 1354 281 1396 non
311 1337 387 1397 adeo
417 1341 534 1394 certum
563 1338 619 1393 est.
657 1332 787 1406 Quinam
821 1351 895 1394 vero
925 1333 1037 1395 inerint
1064 1335 1183 1399 Christi

217 1420 408 1479 ascendentis
440 1416 470 1475 in
494 1416 614 1474 coelum
645 1419 829 1490 spectatores
861 1434 895 1475 ac
921 1421 1036 1481 testes,
1071 1424 1183 1493 putant

214 1500 337 1578 quidam
357 1498 439 1559 solos
462 1494 600 1557 undecim
624 1494 785 1571 Apostolos
807 1496 963 1566 adfuisse,
988 1498 1067 1571 quod
1092 1501 1180 1560 colli-

217 1582 298 1659 gitur
328 1599 366 1641 ex
388 1578 493 1641 hiarco
522 1576 595 1653 Cap.
619 1574 696 1636 xvt
719 1583 750 1637 et
781 1575 864 1637 Luca
885 1578 959 1655 Cap.
981 1576 1118 1651 xxiv,
1151 1584 1183 1642 et

216 1663 287 1725 Act.
310 1662 385 1740 Cap.
409 1660 433 1720 l.
459 1660 518 1721 Alii
543 1662 649 1736 putant
678 1665 798 1735 praeter
822 1659 959 1718 undecim
992 1660 1127 1723 adfuisse
1150 1682 1181 1723 a·
1256 1720 1257 1741 ,

216 1745 294 1814 lios,
319 1748 410 1806 etiam
433 1760 470 1802 er
493 1740 695 1805 mulieribus,
725 1746 757 1800 et
785 1741 945 1817 praecipue
966 1735 1179 1805 Beatissimam

215 1826 369 1905 Virginem
386 1824 516 1885 Mariam
533 1820 663 1882 Matrem
680 1819 770 1881 lesu:
796 1824 869 1883 moti
886 1838 922 1880 ex
939 1839 986 1891 eo,
1011 1823 1090 1898 quod
1105 1826 1182 1886 dicit

217 1906 314 1967 Lucas
336 1908 405 1968 het.
430 1902 503 1982 Cap.
529 1904 543 1964 l
565 1921 594 1961 v,
622 1900 681 1970 tt,
715 1904 765 1963 uhi
790 1903 914 1979 loquens
948 1905 984 1963 de
1005 1905 1091 1971 illis,
1127 1909 1180 1983 qui

214 1986 336 2049 Christo
358 1990 387 2048 in
411 1994 543 2046 montem
567 1984 657 2051 elato,
682 1984 794 2059 repersi
817 1988 889 2043 sunt
910 1982 1046 2046 allonte
1062 1985 1180 2049 Oliveti

212 2066 471 2149 Hierosolymam,
495 2072 525 2126 et
538 2065 664 2141 ingressi
680 2071 748 2124 suut
767 2066 796 2123 in
812 2064 1040 2136 Coenaculum,·
1051 2074 1177 2144 praeter

213 2151 356 2211 undecim
368 2146 526 2226 Apostolos
537 2146 611 2205 alios
627 2150 772 2214 recenset,
790 2147 902 2207 dicens:
917 2144 960 2206 Hi
973 2166 1073 2207 omnes
1089 2150 1179 2213 erant

209 2243 432 2313 perseverantes
448 2228 636 2289 unanimiter
656 2230 691 2287 in
706 2230 839 2288 oratione
856 2247 923 2287 cum
939 2229 1130 2302 mulieribus,
1148 2245 1178 2293 et

213 2313 320 2375 Morio
342 2310 443 2375 Matre
466 2314 541 2381 lese,
566 2316 593 2368 et
615 2308 765 2385 fratribus
788 2312 862 2389 ejas.
887 2308 944 2369 Pro
958 2310 1113 2371 hactenus
1137 2314 1180 2373 di·

213 2400 333 2457 ctorum
344 2390 486 2456 coronide
499 2390 754 2469 praetereundum
768 2408 826 2449 nou
839 2394 894 2460 est,
904 2387 1059 2453 Christum
1071 2410 1178 2455 ascen-

212 2477 334 2538 dentem
356 2479 386 2535 iu
403 2474 521 2535 coelum
537 2488 611 2532 suae
634 2470 823 2532 decensionis
838 2489 969 2549 perenne
992 2490 1174 2535 monumen·
1255 2516 1256 2519 κ

213 2563 278 2618 tum
301 2558 469 2634 reliquisse,
493 2568 618 2613 suarum
642 2570 751 2629 nempe
774 2551 945 2631 plantarum
966 2555 1092 2633 vestigia
1115 2558 1173 2617 im·
1255 2552 1256 2629 J

210 2656 337 2715 pressa,
360 2655 438 2715 quae
461 2653 514 2717 nec
536 2641 674 2711 tempore
696 2650 799 2694 rerum
822 2636 957 2696 omnium
979 2636 1087 2705 edaci,
1119 2656 1175 2699 nec

210 2720 274 2781 ullo
288 2737 371 2789 casu,
385 2737 439 2779 nec
454 2718 545 2778 toties
557 2717 622 2776 loco
638 2714 817 2792 percalcato,
835 2716 989 2777 obliterari
1006 2723 1060 2777 aut
1075 2718 1171 2781 deleri
1255 2720 1256 2791 l

211 2818 345 2880 unquam
363 2806 500 2879 potuere.
526 2798 593 2871 Quo
616 2799 773 2874 impletum
797 2795 854 2857 suit
876 2796 1040 2859 Zachariae
1061 2814 1173 2861 oracu-

209 2882 274 2945 lum
296 2879 370 2954 Cap.
395 2878 470 2941 XlV
492 2898 523 2939 v.
548 2876 588 2938 lt:
613 2876 653 2939 Et
668 2880 787 2939 stabant
808 2877 898 2959 pedes
916 2883 978 2961 ejas
1000 2879 1173 2942 iudiciiin

211 2976 301 3044 super
316 2964 450 3027 Moeram
479 2958 648 3028 olivarum,
675 2960 728 3039 poi
753 2968 793 3019 est
817 2968 920 3021 eontra
942 2955 1106 3021 Ierusalem
1129 2962 1170 3022 od

216 3042 382 3106 Orientem.
406 3040 509 3121 liujus
524 3047 616 3101 testes
637 3048 707 3102 sunt
726 3039 759 3100 S.
776 3038 993 3121 Hieronymus,
1018 3042 1110 3101 Libro
1134 3042 1169 3102 de

210 3117 297 3188 Lech
317 3123 497 3193 Hebraicis3
517 3121 549 3182 S.
573 3120 712 3183 Paulinus
734 3120 890 3191 Nolanus,
917 3121 1051 3200 Epistola
1074 3120 1114 3184 11
1131 3124 1171 3185 od

210 3206 370 3276 Serenum·
390 3204 421 3265 S.
436 3203 633 3281 Augustinus,
660 3200 757 3265 Troct.
775 3203 817 3264 47
839 3205 867 3263 in
883 3203 1037 3275 loannem,
1054 3206 1169 3267 diceus:

211 3285 259 3351 dii
273 3298 342 3349 runt
371 3287 496 3364 castinio
523 3288 597 3352 aas,
620 3284 706 3345 modo
732 3284 913 3357 adorantur,
936 3288 991 3346 uhi
1011 3288 1168 3349 nociturae

211 3369 303 3441 stetit,
329 3366 408 3429 unde
431 3307 566 3428 ascendit
586 3367 621 3426 ie
644 3367 769 3427 coelum.
