2517 4059
572 220 632 278 er
657 207 795 289 ieros

209 338 274 396 ritu
290 333 401 397 Sancto
422 334 603 412 adimpleto.
622 335 804 395 Athanasius
826 335 854 392 in·
878 332 954 391 hanc
977 332 1072 409 ipsam
1097 346 1171 407 pcr-

207 418 377 479 suasionem
399 418 546 494 allegatur
567 436 585 477 a
606 416 748 478 Cassiano
770 416 836 477 Lib.
864 412 923 475 vll
945 412 981 472 dc
1003 412 1170 473 'incarna-

208 502 289 560 tiooe
305 500 429 560 Domini
448 498 522 577 Cap.
546 496 609 567 29,
634 506 664 560 et
687 501 715 559 in
736 496 868 558 Concilio
891 494 1065 573 Ephesiae,
1089 494 1170 554 haec

208 582 324 641 scilicet
345 581 503 642 elocutus:
526 578 618 647 Multi
643 598 712 658 erpo
731 578 836 641 Sancti
849 579 986 658 fucrant,
1010 573 1174 635 elmundi

208 685 229 725 u
237 673 370 743 piccuto.
388 663 533 723 Ieremias
549 674 576 723 ct
590 662 627 721 ab
642 673 726 721 utcro
740 662 945 741 sanctificatur
961 667 1012 721 cst.
1032 665 1058 717 ct
1074 656 1172 715 loun·

208 763 261 805 star
273 763 350 803 cum
366 756 435 805 essct
460 745 495 802 in
509 752 605 812 utero,
623 745 773 804 cadram
789 742 1030 821 inpendiosum
1046 736 1173 799 Mariae

213 824 379 886 Theetococ.
401 824 537 886 ili-iarius
558 823 752 886 Picta'viensis
774 828 808 886 iis
832 825 1035 907 temporibus,
1058 820 1173 897 quibus

209 907 391 970 Athanasius
413 907 526 974 floruit,
550 908 695 977 doctrina,
720 905 961 986 etpietateiuit
983 905 1114 963 illustris.
1140 901 1174 963 Is

210 994 315 1069 antem
338 989 386 1051 hic
410 991 518 1049 merito
539 982 717 1050 adducitur:
736 992 845 1053 etenim
869 988 945 1047 baec
960 986 1077 1063 scriptis
1100 1000 1174 1059 pro·

212 1071 287 1132 didit
308 1072 339 1129 in
361 1068 451 1130 Libro
463 1070 499 1131 11
522 1070 557 1129 dc
574 1068 722 1131 Trinitotc
746 1091 828 1131 num.
845 1069 911 1129 aec
936 1067 1095 1131 Videamus
1111 1066 1175 1141 ipi-

214 1164 280 1221 τιν,
308 1172 385 1231 quac
398 1162 468 1213 aunt
482 1154 657 1213 ministerio
672 1164 839 1231 conceptus..
856 1148 985 1227 Anpclus
1002 1144 1175 1221 Zachariae

212 1236 360 1313 loquitur,
383 1234 481 1293 ctcrili
491 1244 601 1313 partus
615 1232 755 1313 affertur,
773 1233 807 1291 dc
817 1231 932 1292 incensi
947 1232 1008 1290 loeo
1022 1228 1175 1305 Sacerdos

212 1326 313 1375 mutus
328 1314 494 1393 cprcditur.
525 1315 654 1380 Ioannes
678 1317 711 1375 in
726 1322 823 1375 nobem
838 1313 1043 1377 odhucutcm
1059 1312 1174 1371 matris

215 1396 347 1475 detentus
362 1399 503 1472 erumpit.
529 1397 585 1456 Alii
608 1398 699 1455 etiam
717 1395 818 1459 Patres
841 1396 946 1470 eadem
970 1393 1101 1475 tradunt,
1118 1398 1173 1451 at-

213 1496 288 1555 que,
307 1480 336 1536 in
359 1474 463 1554 primis
484 1476 616 1556 Cprillus
639 1474 958 1555 hierosolymitanus:
984 1475 1096 1544 etenim
1119 1473 1174 1533 do·

214 1565 274 1625 cet,
290 1561 408 1627 novisse
419 1559 560 1620 Ioannem
578 1558 740 1619 Dominum
757 1560 978 1623 advenientem,
1001 1574 1093 1632 seque
1107 1573 1176 1631 pro·

214 1644 390 1720 pinquitate,
414 1641 447 1700 ct
466 1658 589 1701 accessu
611 1640 866 1711 sanctificantem,
889 1640 1172 1716 cognitionemque,

214 1730 247 1785 et
268 1723 410 1802 gandium
433 1740 471 1781 ex
486 1740 521 1782 ea
543 1738 577 1783 re
599 1729 777 1800 conceptum
798 1722 939 1781 snbsuttn
954 1737 1007 1781 suo
1024 1718 1174 1794 prodidis-

214 1824 259 1867 se.
284 1806 375 1865 Addit.
389 1804 531 1864 loannem
554 1805 584 1862 in
599 1804 658 1862 hoc
682 1804 993 1882 praeterendum-esse
1010 1800 1173 1868 ieremiae',

215 1888 295 1965 quod
319 1894 447 1961 uterque
469 1885 641 1960 silqnidem
656 1884 868 1945 sanctificatus·
882 1884 1025 1953 in‘utero,
1050 1884 1176 1957 sednon

213 1976 341 2043 uterque
374 1968 403 2025 in
425 1984 461 2025 eo
484 1966 735 2043 prophetaverit:
759 1968 885 2027 loannes
917 1966 997 2024 'enim
1032 1966 1061 2023 in
1085 1969 1176 2025 utero

214 2048 419 2129 prophetavit,
443 2065 502 2107 non
525 2049 595 2107 item
619 2048 775 2107 Ieremias.
800 2046 856 2107 Sed
880 2050 1009 2125 praestat
1030 2048 1095 2123 ipsa
1116 2042 1178 2123 Cy-

214 2132 274 2190 rilii
289 2130 383 2189 verba
397 2128 579 2189 describere.
596 2127 659 2203 Qui
673 2126 821 2207 [ioannes]
837 2129 945 2205 inquit.
962 2127 1115 2191 Cutechcsi
1128 2126 1177 2189 tlt

216 2211 261 2272 Dc
276 2210 428 2287 Baptismo
444 2228 525 2269 num.
541 2210 587 2271 v1
608 2211 699 2270 etium
720 2213 754 2273 in
767 2222 853 2271 utero
869 2212 977 2270 matris
993 2228 1061 2269 cum
1076 2218 1178 2287 pestu-

215 2301 316 2361 rctur‚
334 2310 357 2351 u
369 2290 488 2368 Spiritu
497 2290 605 2356 Sancto
620 2293 825 2373 sanctificatus
842 2301 894 2351 cst.
909 2290 1120 2371 Sanctificatus
1135 2298 1179 2349 est

216 2373 317 2433 codem
345 2370 430 2431 modo
446 2371 626 2443 Hieremias,
653 2372 703 2433 sed
728 2392 788 2431 neo
811 2372 1003 2452 prophetavit
1026 2373 1175 2433 inutcro.

217 2456 306 2519 Solus
317 2454 451 2515 ioannes
465 2455 499 2511 io
513 2464 599 2514 utero
618 2456 774 2516 conclusus
790 2454 921 2515 cusilioit
943 2456 978 2512 in
994 2452 1127 2531 pendia:
1151 2462 1179 2514 cl

216 2556 289 2615 cum
302 2537 452 2613 corporcis
466 2536 560 2595 cerdis
572 2554 634 2595 non
649 2536 771 2607 videret,
796 2536 960 2595 Dominum
983 2554 1068 2597 auum
1084 2552 1176 2614 opno-

216 2619 261 2681 oit
285 2619 407 2698 spiritu.
432 2616 621 2694 Epiphanius
644 2619 781 2689 eamdem
804 2619 982 2685 sententiam
1015 2616 1178 2678 confirmat

120 2766 123 2772 ,
214 2718 271 2761 sua
293 2699 496 2758 auctoritate:
520 2699 597 2759 haec
619 2702 731 2759 etenim
754 2699 791 2757 de
812 2699 1048 2760 loannescribit
1077 2700 1106 2757 in
1127 2694 1169 2759 Li

215 2782 271 2841 bro
295 2779 493 2863 llodocra'ua
516 2781 648 2841 butrmc's
670 2778 757 2843 [ΧΠ
776 2788 863 2852 nu'rn.
881 2780 921 2840 5:
949 2778 1012 2855 (ini
1033 2796 1109 2839 cum·
1123 2779 1178 2843 cd·

214 2864 274 2923 huc
297 2862 403 2921 matris
424 2870 511 2920 utero
529 2864 764 2931 »continentum
792 2859 916 2937 Domini
941 2862 988 2921 sui
1009 2862 1179 2937 inpressum

215 2945 368 3022 upnonit,
399 2951 429 3001 ct
455 2944 566 3003 cuiliit.
591 2941 653 3003 Nec
675 2942 860 3005 omittendus
883 2960 954 3003 sane
976 2948 1022 3005 est
1045 2942 1180 3021 Cyriiius

213 3025 451 3096 Alemandrinus.
481 3024 510 3083 ls
531 3024 686 3093 Monaohis
708 3024 864 3103 Aegyptiis
886 3024 1018 3085 scribens
1041 3024 1092 3084 iila
1114 3026 1178 3101 ipsa

215 3105 447 3183 expressissima
476 3102 643 3165 hthauasii'
662 3106 752 3167 v'erba
783 3106 915 3172 recitat,
947 3106 1178 3183 approbatque,

215 3206 297 3263 'quae
321 3205 376 3248 nos
399 3191 493 3244 antea·
508 3187 675 3246 attulimus.
700 3188 783 3247 idem
810 3187 917 3247 docent
938 3186 999 3247 teo
1026 3187 1178 3261 Magnus,

215 3269 346 3329 Bruttus
367 3266 587 3335 seleuciensis,
600 3268 837 3348 ncnrysologns,
861 3264 1055 3343 Venerabilis
1073 3267 1177 3339 Reda,

219 3348 400 3427 hupertus,
425 3348 621 3418 Bernartius,
644 3350 922 3422 etBonaventura.
950 3348 1178 3427 Euthymium‚

219 3429 481 3507 'l'heephyiaotum
498 3473 505 3496 ,
528 3428 733 3507 Nicephorum
750 3431 822 3509 ‚his
838 3426 1003 3509 adjungunt
1025 3430 1181 3503 Maidopa-

216 3514 282 3581 tus,
306 3518 337 3571 et
357 3508 561 3589 Carthagbna3
585 3513 667 3571 aiios.
680 3517 772 3589 por'ro
794 3510 938 3590 adjiciubt
952 3510 1097 3590 Theologi
1116 3514 1178 3583 alii,

219 3593 331 3653 adeout
352 3598 492 3662 constet,
523 3609 717 3669 communem
735 3635 743 3664 ‚
774 3595 993 3671 vulgatumque
1021 3594 1104 3671 apud·
1123 3592 1178 3655 Pa-
