2517 4059
483 208 707 277 euthitittte

119 338 162 395 ris
183 335 310 400 Christi,
334 336 384 409 qui
406 336 487 394 venit
509 353 615 413 parare
639 338 702 395 vias
724 335 805 414 ejus.
827 333 914 397 Gerit
935 335 1071 415 Epistola

113 417 204 496 juxte
228 416 401 477 llurandunr
425 416 520 493 figura
545 417 616 491 legis
637 423 669 477 et
690 414 880 493 Prophetiae,
904 436 981 494 quae
1002 417 1072 480 lesu

120 499 230 561 Christi
251 499 412 559 adventum
437 505 676 574 praecesserunt,
694 500 771 560 sicut
793 500 857 575 lpse
871 498 1070 580 Evangelium

119 584 284 657 praecedit.
299 579 455 641 Praecedit
476 579 596 656 quidem
620 581 666 641 lex
683 578 890 658 Evangetium,
907 584 983 645 sicut
1004 602 1073 645 um·
1123 618 1128 625 ·

119 663 173 723 bre
197 666 305 730 lucem,
323 670 353 725 et
374 663 451 723 sicut
472 664 560 722 timor
575 662 766 725 charitatem.
782 660 886 725 Facies
907 671 1008 727 autem
1032 664 1073 727 E·

119 744 260 822 plstolcm
276 744 399 819 legentis
418 746 566 820 respicere
588 744 678 805 debet
692 745 806 817 llltare,
822 745 902 824 quod
917 744 1071 811 Christum

117 826 275 904 significat.
300 824 391 887 Lecta
413 822 567 900 Epistola,
596 827 625 885 in
647 824 746 888 Missis
767 828 891 905 privetis
913 830 1070 899 minister,

119 915 152 970 et
174 909 285 971 chorus
306 910 335 969 in
351 906 449 969 Missis
471 906 654 969 solemnibus
676 908 849 985 respondet:
867 910 928 970 Dco
942 912 1070 989 pretias,

120 1007 212 1066 uuam
235 1009 340 1053 vocem
363 989 595 1049 vetustissimam
618 1007 683 1049 esse
704 989 774 1053 inde
794 991 972 1059 ostenditur,
988 994 1070 1071 quod

117 1071 153 1131 S.
170 1073 375 1142 Benedictus,
399 1069 470 1148 Cap.
489 1069 529 1130 66
551 1070 683 1149 Regulae
706 1089 779 1133 suae
799 1089 867 1133 scm
888 1092 1071 1137 commemo·

119 1160 169 1215 ret
191 1162 341 1232 tamquam
364 1172 382 1215 a
403 1154 465 1213 suis
487 1152 644 1215 Monachis
665 1171 754 1233 saepe
775 1155 961 1227 adhibitam,
983 1164 1016 1220 et
1036 1157 1069 1221 S.

120 1236 309 1313 Augustinus
330 1234 494 1313 exprobrat
509 1233 681 1305 Donatistis,
705 1236 784 1313 quod
807 1237 887 1298 illam
903 1237 1071 1301 catholico·

120 1336 189 1377 rum
210 1334 317 1379 rocem
341 1317 508 1378 irriderent:
526 1317 588 1377 Deo
603 1318 727 1398 pretias.
744 1316 828 1379 Haec
842 1318 969 1381 termula
991 1340 1069 1384 sum·

119 1406 169 1479 pta
193 1406 240 1461 est
260 1418 298 1462 ex
313 1400 459 1478 Apostolo
480 1399 583 1471 Paulo,
609 1402 638 1460 in
660 1399 746 1479 cujus
768 1397 910 1478 Epistolis
931 1400 1070 1481 trequen-

118 1488 167 1543 ter
188 1500 225 1542 ea
247 1483 367 1561 legitur.
395 1480 487 1543 Primi
509 1478 620 1544 Christi
642 1480 755 1551 fideles,
772 1487 814 1544 ‘ut
834 1482 913 1543 idem
929 1484 1070 1563 Augusti·

119 1582 176 1624 uus
199 1562 331 1643 Epistola
354 1562 425 1625 XLI
447 1566 510 1622 n.1
537 1568 675 1631 testetur,
700 1563 871 1641 frequenter
893 1566 923 1623 in
944 1584 996 1629 ore
1017 1569 1067 1630 he·

116 1646 234 1705 hebaut
251 1646 309 1706 hcc
332 1646 470 1717 verbum,
495 1645 555 1704 Deo
576 1649 707 1724 pretias,
731 1646 802 1707 dum
824 1648 902 1707 iniec
923 1665 957 1708 se
978 1649 1069 1711 collo·
1114 1675 1117 1681 ·

115 1735 291 1803 querentur.
315 1726 435 1788 Gratias
457 1732 557 1787 autem
580 1730 698 1803 agimus
712 1726 788 1798 Deo,
812 1727 893 1805 quod
914 1729 1067 1794 doctrinae

107 1826 188 1871 suae
210 1828 315 1885 panem
339 1809 422 1869 nobis
443 1808 581 1886 lrangcre
595 1811 743 1885 dignatur,
763 1813 838 1869 teste
849 1810 983 1886 liuperto
997 1811 1065 1875 Lib.

113 1888 183 1951 lde
198 1891 318 1952 Divinis
335 1888 444 1973 Officiis
464 1890 537 1966 Cap.
555 1890 605 1951 tt.
624 1892 656 1952 Si
671 1889 801 1969 Epistola
823 1897 890 1952 erat
904 1888 999 1960 Pauli,
1023 1902 1067 1960 te·

114 1981 161 2035 ste
182 1973 347 2049 Augustino
371 1970 505 2053 Epistola
528 1971 599 2043 163,
624 1975 652 2032 in
675 1971 733 2033 line
755 1973 910 2034 dicebatur
934 1972 1004 2037 Pac
1024 1988 1066 2039 tc·

106 2072 195 2115 eum.
219 2053 381 2134 Responsio
402 2054 530 2115 Ministri
557 2054 724 2121 omittitur,
749 2055 780 2113 in
802 2054 860 2115 line
885 2056 1005 2132 quintae
1026 2058 1067 2121 le·

114 2136 219 2196 ctionis
245 2135 370 2197 Danielis
394 2136 421 2196 in
444 2134 580 2196 Sabbatis
594 2135 939 2217 Quatuor'lemporum,
963 2158 1000 2201 ne
1020 2142 1062 2202 in·

114 2225 322 2296 terrumpctur
344 2224 452 2284 textus,
476 2222 507 2278 et
520 2236 635 2288 sensus,
653 2223 687 2278 ut
705 2218 815 2279 ibidem
837 2220 946 2296 legenti
968 2227 1063 2298 patet.-

113 2299 271 2361 Omittitur
293 2301 382 2361 etiam
407 2300 434 2359 in
456 2297 515 2360 line
538 2298 711 2361 Lectionum
734 2300 841 2362 Feriac
862 2300 905 2363 vt
927 2303 955 2361 in
977 2302 1063 2365 Parc·

112 2398 222 2444 scevcn
244 2386 275 2442 et
296 2382 416 2443 Sabbati
439 2380 536 2442 Sancti
555 2404 563 2453 ;
598 2401 667 2443 nam
689 2384 737 2443 isti
760 2383 822 2444 dies
844 2391 913 2445 sunt
933 2384 996 2447 dies
1018 2387 1062 2448 lu·

106 2472 180 2525 etus
202 2465 310 2542 quibus
330 2464 513 2525 abstinemus
535 2465 705 2541 eloquendi
728 2466 824 2525 modis
844 2464 1060 2528 festivioribus.

154 2545 209 2606 lll.
226 2546 302 2607 Usus
316 2552 451 2607 veterum
467 2544 587 2606 Petrum
604 2549 661 2609 luit
676 2565 734 2607 non
749 2548 847 2607 solum
869 2550 979 2624 scripta
993 2546 1062 2609 Pro·

113 2629 287 2706 phetarum,
312 2634 343 2688 et
363 2626 574 2713 Apostolorum
596 2627 695 2704 legere
719 2631 747 2687 in
769 2626 913 2693 Ecclesia.
936 2648 1006 2691 cum
1027 2628 1063 2691 ll·

113 2711 196 2773 deles
218 2711 254 2771 ad
272 2711 432 2771 Missarum
454 2708 596 2769 solemnia
619 2711 845 2778 conveniebant,
861 2711 913 2770 sed
929 2729 1063 2773 summo·
1135 2782 1139 2791 ⁸

113 2810 182 2854 rum
205 2793 276 2853 item
292 2789 480 2853 Pontificum.
504 2790 694 2866 aliorumque
710 2789 926 2867 Episcoporum
943 2793 1062 2869 Episto-

113 2876 168 2943 las,
192 2892 242 2935 eas
266 2875 440 2948 praesertim
464 2890 536 2947 quas
558 2868 712 2940 Ircuicos,
735 2873 800 2933 sive
823 2870 986 2954 Pacificas,
1010 2880 1062 2938 aut

115 2956 403 3020 communicatorias
418 2954 585 3014 vocabant:
610 2971 738 3029 quarum
754 2956 936 3015 commercio
953 2958 1061 3026 unitas,

112 3056 182 3117 pax,
199 3046 230 3100 et
244 3038 417 3098 commuuio
440 3036 516 3097 inter
533 3054 709 3113 supremum
726 3033 878 3097 Ecclesiae
899 3046 989 3115 caput
1002 3038 1062 3099 llo·

109 3138 235 3182 manum
258 3116 455 3188 Pontificem,
479 3124 510 3179 et
532 3118 662 3194 reliquos
683 3115 862 3197 Episcopus,
885 3125 975 3196 etque
997 3121 1063 3181 uni·

110 3216 199 3263 versa
221 3200 371 3263 Ecclesiae
393 3201 528 3261 membre
551 3218 607 3262 una
622 3197 707 3260 Fidei
729 3200 921 3263 consensione
941 3218 1061 3263 couscr-

109 3285 258 3354 rcbatur3
284 3284 321 3343 ita
343 3289 377 3343 ut
397 3280 564 3342 Orthodoxi
586 3283 623 3342 cb
638 3281 807 3344 Haereticis
828 3282 923 3344 lacile-
937 3284 974 3343 ab
996 3303 1061 3345 om·

109 3368 197 3427 nibus
218 3384 256 3427 ex
278 3365 397 3425 illarum
419 3363 572 3425 literarum
604 3366 830 3441 participatione
856 3366 1061 3428 discerneren-

106 3453 170 3511 tur.
194 3446 360 3523 Epistulam
382 3443 544 3507 Clementis
566 3445 602 3505 ad
619 3444 789 3507 Corinthios
812 3448 929 3520 publice
951 3446 1058 3509 lectam

107 3531 139 3589 in
162 3528 294 3591 Ecclesia
316 3534 441 3589 testatur
461 3526 667 3605 Hieronymus
690 3527 779 3589 Libro
800 3527 1058 3609 DcScriptoribur

108 3609 335 3674 Ecclesiasticis.
360 3610 449 3689 Apud
472 3610 639 3673 Eusebium
662 3609 726 3671 Lib.
751 3607 794 3672 tv
814 3607 889 3689 cap.
914 3610 951 3672 15
972 3617 1058 3675 extat
