2517 4059
460 217 520 282 ss»
543 207 685 279 witi&-

442 415 569 480 CAPUT
593 419 710 482 XXIII.

87 608 133 650 DE
150 599 324 658 nutrienti,
340 600 403 654 Qun
418 599 617 644 anstrannum
636 600 755 645 nonina
767 601 953 645 saporosum
969 601 1052 645 ANTE

133 681 428 732 consecanrloltteal,
448 681 531 734 Quen
545 682 577 725 ln
594 682 721 726 MISSAE!
736 683 828 726 steno
843 682 1052 726 instaremus:

137 764 237 810 ritune
252 762 417 808 serlonem
428 788 436 814 ‚
460 762 641 817 IIICII’ITQIIE
662 763 715 808 lus
729 764 863 810 titanis:
887 765 1053 808 coustum-

135 845 269 892 ctum.

136 993 162 1054 1.
188 990 334 1052 Sacerdos
356 992 515 1064 postquam
538 993 637 1052 oravit
659 1010 713 1070 pro
737 989 869 1052 Ecclesia
892 993 1055 1055 militante,

90 1081 156 1140 iarn
180 1073 274 1150 iungit
295 1088 327 1130 se
350 1067 503 1130 Ecclesiae
532 1071 750 1150 talumphanti3
781 1073 958 1134 Sanctorum
985 1091 1055 1132 curn

91 1157 219 1220 Christo
242 1153 432 1232 regnantium
456 1153 574 1212 nomlna
597 1156 723 1226 recitat,
748 1173 855 1215 eorum
877 1155 1056 1216 memorlam

93 1242 282 1306 veneratur,
305 1249 472 1308 eorumque
495 1235 633 1310 precibus
655 1238 790 1298 divinum
813 1237 952 1313 implorat
976 1236 1059 1296 auxi·

94 1324 184 1384 lium.
209 1315 288 1378 Usus
310 1315 565 1376 commemorandi
591 1315 799 1379 BeaIIsslmam
823 1319 1000 1396 vaginem,
1029 1323 1061 1380 et

94 1403 224 1464 Sanctos
245 1400 275 1457 iu
298 1397 411 1463 Missa,
443 1397 578 1458 emulum
601 1397 803 1461 Ecclesiarnm
828 1400 1059 1460 immemorabili

97 1479 319 1555 consuetudine
342 1478 567 1554 comprobatur,
586 1489 620 1540 ut
635 1488 716 1558 patet
730 1499 767 1540 cx
784 1499 889 1541 earum
907 1481 1058 1558 Liturgiis.

95 1566 229 1648 Cyrillus
255 1558 550 1637 Hierosolymitanus
578 1580 697 1622 sacram
723 1563 866 1641 Syuaaim
887 1563 1061 1623 describens

102 1644 256 1712 Celeclrose'
274 1642 301 1703 V
316 1640 524 1720 Mystopopicc
546 1646 653 1703 asserit
675 1644 867 1706 Sacerdotem
884 1645 1062 1706 memoriam

98 1735 129 1790 in
154 1749 189 1790 ea
213 1726 312 1785 lacere
335 1723 388 1785 SS.
412 1721 679 1795 Patrlarclrarum,
709 1724 951 1802 Prophetarum,
982 1725 1062 1802 Apo·

99 1813 268 1874 stolorum,
292 1805 485 1884 Martyrum,
510 1811 544 1866 ut
567 1804 649 1866 Dens
670 1808 856 1868 orationibus
879 1807 1009 1872 illorum,
1033 1809 1065 1866 et

99 1888 363 1970 deprecationibus
389 1886 532 1962 suscipiat
562 1905 668 1963 preces
697 1896 824 1948 nostras.
855 1887 899 1948 ne
928 1889 984 1948 Iroc
1008 1907 1062 1948 usu

99 1976 196 2037 verba
217 1971 289 2032 laclt
311 1966 406 2028 Divus
428 1965 612 2044 AugustInus
630 1970 720 2029 Libro
741 1969 776 2028 de
795 1970 974 2048 Vispim'mle
989 1968 1062 2044 Cap.

103 2059 155 2123 ts,
179 2061 210 2116 et
224 2053 368 2115 Sermone
393 2048 431 2108 17
447 2049 484 2108 de
501 2047 609 2110 Verbis
624 2052 770 2128 Apostoli,
797 2052 862 2111 Vox
882 2054 961 2110 euim
980 2050 1064 2130 Com

103 2139 293 2200 inculcantes
316 2129 529 2209 proculdubio
551 2133 700 2210 significat
715 2135 742 2192 ln
759 2129 969 2194 com‘munIono
986 2149 1064 2197 esse,

102 2226 156 2282 aut
178 2221 207 2280 iu
230 2221 345 2295 partem
375 2212 480 2273 venlre
503 2231 571 2272 cum
599 2216 737 2276 omnibns
766 2217 886 2276 omniuo
916 2213 1065 2274 fidelibus.

103 2305 182 2366 Sane
198 2297 410 2374 congruentior
425 2311 490 2354 esse
506 2295 673 2361 videretur,
697 2300 722 2357 si
738 2300 780 2358 sle
797 2299 953 2373 ioprarel:
980 2296 1067 2358 Com·

103 2384 300 2446 manicantes,
325 2379 396 2453 quia
410 2377 506 2436 cratIo
529 2376 603 2438 haec
618 2384 665 2437 est
679 2381 862 2440 continuatio
886 2379 1067 2454 praeceden-

105 2469 160 2534 tIs‚
185 2469 215 2524 at
236 2479 306 2524 cum
329 2457 378 2519 illa
402 2458 483 2534 lengi
506 2475 573 2518 earn
596 2466 726 2536 oportet,
751 2468 786 2523 ut
802 2459 949 2520 habeatur
964 2475 1069 2518 sensus

106 2552 243 2624 Integer,
266 2542 323 2601 Iroe
341 2539 450 2600 modo:
476 2535 644 2607 Memento,
668 2542 794 2601 Domine
813 2543 1001 2620 famulorum
1021 2541 1038 2618 f
1056 2571 1069 2582 ·

105 2630 317 2702 mniarnmqne
339 2633 473 2683 tuarum.
494 2639 551 2698 pro
567 2623 673 2700 quibes
694 2624 747 2682 tiln'
769 2622 932 2702 offerimus,
956 2621 1001 2682 ccl
1016 2622 1069 2698 qni

107 2713 163 2772 tibi
185 2707 313 2790 offerunt
336 2703 388 2760 doc
413 2699 624 2780 Sacrificinm;
647 2707 897 2764 communicantes
920 2714 946 2762 ct
962 2721 1069 2762 memo·

108 2794 186 2853 rium
208 2793 381 2849 cenernntes
410 2785 573 2862 inprimit
599 2785 743 2860 gloriosae
775 2784 907 2861 Virginis
936 2782 1066 2844 Mariae.

107 2877 212 2949 Itaque
235 2873 392 2946 postquam
417 2865 582 2940 generatim
606 2866 758 2931 diximus,
787 2865 1068 2932 Communicamus,

107 2963 141 3016 ut
163 2970 215 3014 nos
237 2953 267 3009 in
289 2947 424 3006 omnium
448 2946 655 3006 membrorum
677 2965 715 3006 ex
737 2947 849 3022 quibus
869 2945 980 3006 Christi
1004 2960 1070 3004 cor·

107 3054 163 3114 pus
185 3035 323 3098 constat,
348 3033 463 3104 partem
485 3029 590 3088 vellite
611 3027 839 3104 significamus,
864 3025 998 3102 Ecclesia
1017 3044 1070 3088 nos

107 3117 194 3198 jubet
215 3114 360 3173 rationem
384 3109 517 3176 addere,
553 3128 610 3188 qua
633 3127 701 3170 cum
725 3109 840 3170 SanctIs
861 3111 1071 3170 communione

109 3198 294 3276 gaudemus:
320 3204 345 3253 et
367 3191 539 3250 memoriam
562 3202 758 3259 coamantes,
781 3196 815 3252 ut
836 3191 926 3250 iidem
949 3208 1003 3267 pro
1018 3208 1071 3250 no·

109 3283 154 3342 bis
176 3282 284 3345 orent,
309 3280 340 3335 et
359 3271 440 3333 Deus
454 3290 567 3332 ¹corum
591 3274 731 3348 precibus
756 3281 787 3335 et
809 3273 976 3350 patronicio
1000 3272 1069 3333 sub·

109 3362 181 3423 sidia
205 3357 369 3420 concedat,
393 3354 501 3430 quibus
525 3354 579 3428 lpsi
603 3355 781 3432 iudIgamus.
807 3359 905 3430 Atque
929 3355 987 3414 hoc
1005 3353 1071 3430 qui·

110 3446 175 3504 dem
199 3445 246 3500 est
268 3435 464 3497 admiratione
486 3434 608 3510 dignum
624 3434 776 3496 Ecclesiae
791 3436 967 3501 consillum,
992 3451 1071 3512 quae

109 3525 200 3603 probe
225 3522 306 3580 novit
327 3518 355 3576 id
378 3514 475 3576 Deum
498 3513 676 3576 Sanctorum
706 3526 810 3594 rogatu
834 3518 955 3587 lacere,
989 3516 1070 3594 quod

112 3624 179 3668 eum
197 3607 226 3662 in
242 3601 333 3662 nostri
350 3599 476 3674 gratiam
495 3597 645 3660 iacturum
662 3616 784 3676 sperare
800 3617 857 3660 uon
872 3598 1066 3661 auderemus.
