2517 4059
483 193 687 284 *mm

100 348 131 399 ct
148 336 261 399 Sancto
277 336 531 401 Annoolictiom'r
545 339 603 407 dic,
626 338 682 419 fiet
695 352 815 398 sermm
830 330 1063 411 Prcemnlifico·

100 428 207 479 torum
221 422 439 481 ministerium.
464 419 551 481 Hunc
573 438 690 481 morem
711 418 811 479 adhuc
833 422 935 477 serrat
955 412 1064 473 Orien-

102 502 171 562 talis
195 502 347 568 Ecclesia,
371 502 571 563 Occidentalis
594 508 696 564 autem
719 519 756 559 eo
778 514 930 575 nurrquem
954 495 1060 561 utitur,

98 586 154 643 aut
178 578 232 643 uta
246 589 303 653 est,
323 585 377 644 nisi
401 584 475 646 laria
496 592 580 647 sexta
597 582 721 661 majoris
736 578 955 642 hebdomadae.
971 574 1060 635 Ritus

100 661 170 740 ejus
192 662 271 739 apud
288 666 419 727 Graecos
440 667 488 727 tric
503 672 559 729 est.
584 666 640 727 Die
662 663 818 723 Dominicis
842 666 960 737 praeter
983 657 1062 716 illius

102 744 162 805 diei
186 746 368 806 oblationem
390 748 521 824 quinque
543 747 618 807 alios·
631 762 722 823 panes
742 747 920 803 consecrant
940 756 995 817 pro
1017 743 1063 799 to-

104 826 198 888 tidem
214 829 410 903 sequentibus
433 830 515 891 leriis
538 846 635 905 usquo
656 827 694 887 ad
711 824 887 888 Sabbatum.
910 821 988 882 Tum
1004 819 1062 878 sin·

101 909 182 986 gulis
205 904 316 968 diebus
333 911 389 969 sub
411 930 464 972 res
484 928 569 971 eram
585 909 768 970 conveniunt
783 907 810 963 in
828 904 973 971 Ecclesia,
985 906 1018 961 ct
1031 898 1062 959 in
1107 914 1114 927 ·

105 988 169 1065 ipso
187 987 436 1065 vespertinarum
454 930 577 1068 Oscum
600 990 708 1051 Ollicio
723 988 952 1049 Sacramentum
974 985 1064 1041 antea

103 1078 315 1131 consecratum
338 1072 508 1151 proponunt
529 1080 560 1133 et
581 1079 717 1140 sumunt,
742 1067 913 1147 praemissis
935 1061 1063 1124 Psalmis

102 1148 320 1221 Gradualibus‚
345 1154 527 1215 atrocitatis
550 1154 732 1230 quibusdam
754 1148 894 1219 Canticis,
918 1142 1063 1206 Lectioni-

104 1233 184 1301 bus,
208 1240 240 1293 et
260 1232 470 1304 Orationibus,
495 1252 572 1310 quae
596 1236 654 1312 legi
677 1238 801 1311 possiunt
824 1232 852 1291 in
875 1225 1063 1302 Eucliologio

104 1332 176 1387 cum
193 1315 273 1373 notis
294 1313 376 1375 Goar
399 1334 466 1392 pag.
486 1315 556 1384 187.
580 1323 611 1377 et
634 1315 841 1393 sequentibus.
864 1308 904 1370 Et
925 1310 993 1386 quia
1012 1323 1064 1385 pa·

105 1414 174 1457 nem
197 1403 286 1455 antea
310 1405 532 1467 consecratum,
555 1404 586 1459 et
606 1394 825 1457 sanctificatum
847 1396 986 1455 sumunt,
1009 1405 1063 1448 ro·

103 1481 176 1537 cant
197 1477 259 1537 hoc
273 1475 412 1538 Officium
430 1476 764 1559 Procrcntr'ficotorem,
787 1476 851 1535 sive
872 1480 943 1533 erite
956 1486 1063 1531 conse·

105 1565 285 1626 oratorum3
308 1577 368 1633 quo
392 1563 420 1619 in
443 1563 505 1622 sola
527 1560 776 1640 Quadragesima,
800 1574 858 1616 non
882 1557 910 1614 in
933 1554 999 1614 aliis
1018 1548 1064 1628 J'e·

104 1639 196 1717 juniis
219 1646 357 1709 utuntur,
381 1644 450 1718 qnia
474 1647 508 1701 ut
529 1643 570 1702 ait
582 1641 762 1702 Theodorus
785 1639 942 1699 Balsamon
964 1639 995 1695 in
1010 1651 1062 1692 uo·

105 1722 143 1781 tis
173 1721 210 1779 ad
233 1719 384 1781 Canonem
407 1721 448 1781 52
468 1721 669 1789 Trullanum,
698 1722 756 1782 hoc
776 1718 922 1798 ieiunium
953 1713 1063 1793 praeci·

105 1820 199 1880 puum
217 1809 275 1867 cst,
300 1804 452 1881 magisque
475 1804 619 1871 solemne,
642 1810 674 1865 el
695 1821 712 1864 a
736 1801 864 1861 Domino
879 1799 1061 1858 institutum.

148 1882 219 1943 vll.
244 1884 395 1961 Deposito
420 1902 511 1961 super
534 1885 630 1945 Altari
653 1885 847 1945 Sacramento
870 1896 939 1938 crim
962 1876 1063 1935 Calice

106 1966 176 2025 vino
198 1982 278 2041 aqua
302 1967 395 2026 mixto
417 1964 561 2026 Sacerdos
584 1968 740 2027 celebrans
761 1962 936 2026 Orationem
962 1957 1064 2018 Domi·

108 2047 205 2105 nicam
238 2064 309 2105 cum
332 2043 437 2106 Litore
461 2066 514 2109 nos
536 2048 680 2111 dicebat:
711 2047 819 2108 deinde
848 2044 925 2105 iacta
947 2039 1064 2101 hostiae

108 2126 265 2197 fractione,
289 2134 321 2188 et
343 2130 372 2185 in
393 2128 520 2189 Calicem
545 2130 749 2199 immissione,
774 2128 874 2188 statim
897 2121 1064 2186 commuui-

108 2209 195 2269 oabat
226 2208 282 2269 sub
310 2210 453 2275 silentio,
485 2210 557 2269 nihil
587 2210 716 2287 amplius
747 2209 869 2270 addens.
897 2204 1063 2266 Confessio·

65 2307 69 2315 ·
108 2308 174 2351 nem
199 2291 387 2367 praescribet
409 2291 539 2351 nonnulli
568 2292 649 2351 Libri
671 2290 808 2353 Missales
829 2296 882 2351 aut
903 2286 1062 2351 ilitualcs,

109 2373 169 2433 sire
187 2377 353 2446 antequam
387 2372 556 2432 adferretur
584 2373 621 2432 ad
645 2373 749 2433 Allarc
769 2368 897 2447 'Corpus
924 2367 1062 2440 Christi,

109 2454 169 2513 sire
193 2454 295 2513 statim
320 2458 354 2512 ut
373 2452 506 2515 adlatum
529 2462 617 2521 esset,
642 2456 684 2513 uti
708 2454 820 2515 haberit
842 2450 962 2511 Missnle
986 2448 1064 2521 tug-

107 2533 251 2599 dunense,
268 2536 454 2601 Arclatense,
477 2534 671 2601 Tolosanum,
688 2540 719 2594 et
739 2533 934 2596 Ordinarimn
957 2530 1065 2607 Lingo-

109 2616 221 2677 uiense.
240 2614 278 2673 In
293 2616 408 2695 Spiritu
430 2616 608 2679 tramititulr's
629 2617 765 2677 Orationi
788 2614 962 2676 Dominicae
978 2629 1065 2689 prae-

109 2698 228 2758 mittant
249 2695 406 2757 Ordinaria
431 2697 595 2768 nonnulla,
626 2699 679 2758 sed
702 2705 820 2759 veteres
849 2696 919 2755 nihil
944 2701 1065 2771 praeter

108 2776 285 2839 Orationem
319 2776 503 2839 {lominicam
537 2786 569 2839 et
598 2777 704 2841 Libera
732 2797 785 2838 nos
817 2779 975 2838 dicebant:
997 2775 1065 2848 Quo

109 2867 209 2921 autem
235 2860 323 2918 modo
345 2860 526 2921 dicidebeat
547 2859 702 2921 Dominica
724 2860 839 2922 Oratio,
859 2860 977 2917 variant
997 2857 1064 2933 qui·

109 2940 173 3001 dem
198 2939 334 2999 {illitales
366 2940 472 3007 Libri·
502 2949 590 3018 utque
612 2942 775 3003 Missales:
804 2940 889 3017 plena
918 2956 992 2997 voce
1019 2938 1064 2995 ait

108 3021 189 3083 Ordo
212 3024 365 3082 Romanus
387 3021 471 3088 xlv,
495 3040 569 3082 voce
591 3025 739 3083 submissa
761 3020 970 3099 praescribunt
991 3012 1063 3077 iltis·

108 3105 184 3165 sales
215 3102 295 3161 Libri
321 3101 551 3179 Lugdunensis,
584 3112 615 3165 et
643 3102 829 3165 Parisiensis.
855 3100 996 3161 Elevatur
1019 3100 1063 3158 in·

107 3202 199 3260 super
221 3192 407 3245 sacrosancta
435 3183 540 3248 Hostia
564 3186 658 3247 altera
690 3192 805 3247 tantum
836 3202 925 3243 manu
948 3180 984 3239 ad
1007 3180 1062 3239 dil-

107 3264 266 3327 lerentiam
299 3265 498 3330 elevationis,
522 3276 600 3343 quae
633 3266 667 3328 fit
688 3272 755 3344 post
778 3264 1060 3333 consecrationem,

109 3366 144 3409 no
167 3347 224 3407 hac
248 3348 296 3407 die
312 3349 448 3409 videatur
469 3350 507 3409 de
530 3367 605 3409 novo
627 3355 809 3413 consecrata,
832 3354 867 3407 ut
887 3347 965 3406 inter
987 3345 1061 3405 alios

13 3500 14 3511 χ
64 3422 68 3435 ’
110 3430 201 3490 tradit
216 3427 380 3489 Garantus.
398 3428 539 3490 Ceterum
557 3449 654 3507 neque
670 3430 697 3489 in
708 3429 821 3489 Ordine
837 3430 971 3489 Romano
986 3424 1062 3485 xlv

13 3538 15 3557 ,
110 3527 203 3589 nequo
219 3510 298 3585 apud
316 3512 493 3571 vetustiores
508 3509 675 3589 Scriptores
690 3512 818 3571 clevatio
838 3511 901 3588 ipsa
916 3510 1060 3569 occurrit.

91 3587 247 3653 'inmittit
262 3598 378 3669 partem
399 3590 525 3653 Hostiae
547 3592 576 3651 in
592 3592 735 3663 Calicem,
760 3594 789 3651 in
811 3610 870 3668 quo
891 3597 937 3652 est
959 3591 1062 3650 vinum
