2517 4059
586 221 648 282 ιι»
669 209 810 280 lilim·

224 341 399 418 disparem,
423 339 493 414 quia
515 339 587 400 olim
603 341 692 401 tertio
714 341 819 402 iisdem
841 341 1008 403 dicebatur:
1028 341 1178 404 Miserere

224 424 317 483 netis.
344 418 433 498 IIugo
456 417 629 482 Victorinus
651 422 717 483 Lib.
735 423 763 484 II
784 423 820 483 de
837 421 946 506 Officiis
962 423 1185 493 &clodomiris

223 501 297 580 Cap.
315 501 420 564 XVIII
442 508 488 562 ter
510 503 566 561 dici
589 505 688 583 Apsus
711 506 769 565 Det
789 505 929 577 affirmat3
953 507 1039 568 acad
1056 508 1184 568 tertiam

224 588 345 656 vicem,
370 584 458 644 Dona
479 586 560 644 nobis
576 603 682 665 pacem
707 589 910 664 pronunciari:
935 590 1034 664 Apsus
1048 589 1121 657 Dei,
1139 591 1182 648 in-

225 668 309 745 quit,
335 677 378 727 ter
398 674 561 736 cantatur,
587 677 621 727 ut
641 687 728 729 cerus
748 689 863 749 aquus,
886 673 974 750 cujus
994 688 1132 741 carnem,
1158 678 1187 731 et

112 751 116 767 '
225 751 403 826 sanquinem
425 755 589 819 sumimus,
613 750 696 808 nodis
714 753 883 831 propicius.
907 753 1008 810 himo
1029 771 1185 830 roqumus,

225 842 261 892 ut
282 831 362 890 nodis
382 829 568 897 miserentur,
588 842 712 909 peccatu
728 833 908 894 relucendo:
931 830 1066 893 Secundo
1083 845 1120 894 ut
1133 853 1188 892 uo-

226 913 269 973 bis
290 912 484 982 misereatur,
509 910 623 972 deuotus
643 914 701 972 citt
720 914 881 991 sumendo:
907 913 1014 986 Tertio,
1037 927 1074 974 nt
1097 917 1184 976 nolis

220 1011 329 1074 pacem
352 993 462 1052 donare
479 991 635 1072 diensium
657 1013 733 1072 quoe
746 997 795 1058 tic
808 998 933 1059 initium
954 998 1040 1057 tutet
1053 998 1092 1055 in
1108 998 1186 1060 Sun-

226 1079 293 1144 etes,
319 1084 346 1135 et
361 1079 395 1136 in
408 1077 494 1135 ocare
514 1077 575 1136 vito
589 1075 773 1156 perficietur.
796 1077 830 1137 In
845 1079 1065 1139 Delunetorum
1082 1079 1185 1140 Missis

226 1157 294 1219 Ioco
317 1155 461 1220 Miserere
483 1157 585 1221 noma.
615 1157 724 1219 dicitur
747 1159 826 1218 dono
847 1162 888 1220 eis
909 1164 1055 1240 requiem.
1087 1161 1186 1220 Locu-

226 1240 315 1300 tiouis
337 1237 427 1314 hujus
448 1240 533 1316 ortgo
556 1257 613 1299 non
636 1240 810 1310 inveniens
835 1241 979 1304 Belethus
993 1248 1099 1304 tamen
1113 1241 1184 1303 Sae-

226 1323 296 1383 culo
319 1319 400 1388 XII,
424 1325 455 1380 et
477 1325 543 1396 pest
564 1338 636 1382 eum
657 1320 818 1384 Ituraudus
839 1322 877 1385 de
891 1342 926 1384 ea
942 1332 1098 1400 tamquam
1114 1342 1186 1384 con-

225 1403 382 1468 suetudine
398 1402 562 1464 universim
573 1408 695 1479 recepta
710 1403 890 1481 firmataque
905 1407 1081 1484 loquuntur.
1099 1406 1186 1466 Idem

226 1485 360 1548 occurrit
389 1485 416 1542 in
446 1482 557 1544 Missali
585 1485 813 1554 Ambrosiam,
842 1488 873 1547 in
897 1505 958 1564 quo
986 1490 1184 1565 caeteroquin

227 1587 285 1630 nou
307 1566 391 1631 adest
405 1564 508 1642 Agnus
522 1564 577 1625 Dei
601 1568 657 1626 uisi
679 1571 709 1626 iu
725 1565 941 1630 Ileiuuctorum
963 1572 1080 1632 Missis:
1100 1569 1183 1631 Cele-

227 1651 320 1712 braus
342 1667 399 1709 non
415 1649 547 1724 percutIt
561 1647 616 1708 sibi
631 1655 749 1725 pectus,
766 1651 840 1711 dum
860 1652 944 1714 dicit:
962 1651 1053 1712 Dono
1074 1653 1118 1712 cis
1138 1670 1185 1712 rr·

230 1734 341 1814 quiem,
360 1737 393 1792 ut
415 1726 562 1807 signiticet
577 1748 609 1791 se
624 1731 654 1788 iu
677 1731 734 1791 hac
755 1731 847 1794 Illissa
869 1754 925 1812 pro
947 1735 1096 1796 defunctis
1118 1751 1183 1813 spe·
1247 1796 1248 1803 χ

228 1810 531 1882 cialiter'eelebrara„
550 1830 582 1873 se
605 1812 739 1890 ipsorum
762 1816 869 1893 magis,
892 1834 983 1893 quern
1005 1817 1051 1877 sui
1068 1833 1184 1877 memo·
1247 1844 1248 1877 i

227 1915 293 1958 rem
317 1913 394 1960 esse.
423 1890 541 1954 Petitur
564 1894 608 1953 bIs
630 1895 659 1952 in
681 1913 787 1955 earum
811 1898 938 1974 gratiam
960 1899 1092 1974 requies,
1109 1898 1185 1958 idest
1247 1900 1248 1969 j

136 1989 141 2000 ‘
228 1996 392 2056 paenarum
419 1973 507 2046 tinis3
538 1976 626 2037 terito
647 1983 749 2039 autem
782 1978 847 2040 Ioco
878 1978 1028 2044 felicitatis
1051 1981 1183 2058 comple·
1247 1982 1248 1991 ’

228 2069 378 2202 plectum,
401 2063 523 2120 aeterna
543 2059 640 2136 quies,
657 2077 718 2136 qua
739 2059 839 2122 Sancti
861 2061 890 2120 in
905 2058 1004 2123 CoeIIs
1024 2068 1182 2124 aeteruum

242 2149 382 2207 ruuntur.

249 2225 311 2286 II.
335 2226 413 2287 Ante
434 2220 770 2310 Communiouemntres
791 2222 951 2286 Orationes
971 2225 1107 2286 Romano
1123 2226 1180 2286 ritu

229 2309 382 2384 praemitti
405 2304 522 2375 solent,
552 2322 611 2363 non
635 2321 672 2364 ex
693 2307 815 2383 antiqua
842 2305 1038 2368 Summornm
1062 2305 1182 2369 Pontifi-

231 2405 301 2448 cum
330 2387 535 2455 sustinuere,
565 2386 616 2446 sed
639 2403 677 2446 ex
699 2386 919 2464 Religiosorum
947 2390 1128 2459 traditum,
1151 2393 1182 2448 ut

230 2470 274 2532 ait
293 2471 476 2547 MIeroIogus
499 2466 573 2544 Cap.
599 2465 650 2526 18.
673 2467 774 2528 Prima
797 2476 863 2539 est,
888 2487 946 2546 qua
968 2469 1115 2532 Sacerdm
1136 2486 1181 2548 pn·

229 2570 296 2626 cem
319 2555 460 2632 precatur
483 2548 663 2620 Ecclesiae,
687 2558 754 2627 post
775 2568 866 2628 quam
890 2554 1024 2627 sequitur
1046 2553 1180 2615 osculum

230 2634 333 2711 pacis,
357 2653 417 2712 quo
439 2634 503 2708 ipse
525 2631 699 2701 Ministros,
725 2640 787 2694 turn
810 2631 867 2703 illi,
890 2649 1057 2711 omnesque
1078 2633 1178 2694 fideles

230 2734 265 2778 se
286 2717 413 2778 invicem
435 2714 567 2776 salutant
588 2713 616 2772 in
640 2715 757 2790 siguum
780 2715 897 2776 unionis
918 2720 950 2775 et
971 2720 1093 2776 mutuae
1114 2715 1181 2775 clu·

230 2799 353 2860 nitatis:
365 2794 571 2876 Apostolicum
586 2794 757 2868 instilutum
772 2795 831 2856 hoc
846 2803 902 2867 est,
926 2804 959 2858 ut
973 2815 1026 2873 per
1041 2798 1181 2859 solemnia

232 2881 316 2960 pacis
331 2877 473 2942 Sacrilicii
488 2879 706 2938 consummatio
720 2876 783 2938 liat.
800 2875 840 2938 Et
850 2876 976 2939 Romani
989 2880 1111 2956 quidem
1127 2878 1181 2939 hoc

234 2961 301 3023 Ioco
323 2961 411 3024 Greci
434 2960 510 3030 veri,
535 2957 637 3018 etalii
659 2957 838 3030 Orientales,
862 2961 996 3037 itemque
1012 2960 1182 3022 Mozarabes

233 3050 303 3112 ante
319 3043 536 3106 Praefationem
553 3040 624 3100 dant
638 3043 776 3102 osculum
793 3042 883 3117 pacis,
899 3043 1020 3103 diverso
1035 3045 1107 3110 ritu,
1131 3043 1181 3104 scd

232 3127 340 3188 eadem
361 3125 459 3195 Fide,
483 3129 514 3186 et
534 3120 713 3198 seligens,
743 3129 778 3184 ut
797 3124 952 3185 ostendant
974 3141 1006 3185 se
1028 3141 1133 3188 omnm
1152 3125 1179 3184 in

230 3205 352 3269 ChrIsto
374 3225 468 3270 unurn
483 3221 561 3276 esse3
584 3221 698 3282 eosque
719 3205 876 3267 dumtaxat
892 3206 1063 3267 divinorum
1079 3225 1179 3269 mune-

232 3305 302 3352 rum
325 3289 552 3368 participatione
575 3287 678 3365 dignus
700 3289 827 3359 censeri,
850 3289 902 3364 qui
917 3304 1022 3366 paoem
1038 3289 1178 3349 iratribus

232 3373 338 3440 uerbo,
362 3378 392 3432 et
415 3387 505 3448 opere
527 3368 714 3446 impendunt.
738 3367 883 3430 Sacerdos
898 3371 1050 3432 osculatur
1065 3369 1175 3437 Altero,

234 3457 306 3514 uta
327 3450 448 3513 ChrIsto
471 3468 575 3528 pacem
597 3451 741 3512 obtineat.
764 3450 856 3513 Missa
879 3450 1013 3530 liquet,
1036 3457 1069 3513 et
1081 3450 1176 3513 Sacra·

233 3533 415 3596 monterium
430 3532 619 3602 Trevireuse‚
644 3533 696 3592 ubi
711 3534 820 3611 legitur
833 3531 949 3594 Oratim
974 3534 1100 3594 minine
1113 3533 1175 3594 Iesu

234 3593 375 3684 Ctliste,
398 3619 500 3682 notant
522 3612 715 3676 Sacerdotem
738 3615 767 3675 iu
782 3632 817 3676 ea
839 3615 1005 3676 inchoanda
1028 3614 1131 3678 Altare
1148 3633 1175 3676 o
