2517 4059
510 161 571 221 ·er
594 151 653 211 136
674 160 735 221 (utro

144 277 210 354 guis
231 277 437 339 eCoeuaculo
463 248 574 356 egressi
597 286 762 358 coeperunt
784 281 877 357 loqui,
902 284 1040 356 stupente
1063 298 1109 341 ex

141 359 222 417 omni
244 358 371 419 Natioue
393 360 597 428 multitudiue,
621 382 700 439 quae
723 368 793 424 tunc
814 363 971 423 occasione
992 360 1110 423 Pente·

138 446 240 501 costes
262 439 482 520 Hierosolymis
509 445 635 514 aderat,
666 451 697 504 et
718 444 755 503 ad
778 449 838 505 tam
862 445 972 521 grande
996 444 1104 519 prodi-

137 522 225 598 ›gium
247 529 433 583 accurrerat.
456 522 631 604 Prodigium
648 525 704 585 boc
719 526 858 602 loquendi
880 525 1018 584 omuibus
1041 526 1105 584 lin-

140 604 227 680 guis,
256 612 287 665 et
308 622 410 665 coram
435 607 624 668 multitudine
646 626 683 669 ex
705 609 844 668 universo
867 606 948 667 Orbe
970 622 1101 681 congre·

139 690 224 763 gata,
250 686 306 747 luit
320 688 409 746 simul
426 686 617 766 Mysterium,
636 689 778 749 nimirum
794 688 991 767 Evangelium
1006 686 1106 747 Clari-

141 766 179 826 sti
202 768 267 828 iore
289 770 325 828 ad
348 788 452 829 omues
474 770 589 847 linguas
604 777 636 831 et
650 770 790 831 Nationes
806 771 1026 847 praedicatione
1042 786 1102 828 ex-

141 848 345 918 tendendum,
372 857 403 910 ct
423 850 535 913 Christi
561 852 729 913 Ecclesiam
758 870 811 929 per
838 854 1013 913 uuiversum
1036 850 1104 911 Or-

141 930 211 991 bem
233 932 469 993 diilumleudum.
691 998 719 1053 ,η

501 1085 629 1157 CAPUT
651 1094 741 1155 Xlll.

398 1275 441 1317 nn
462 1276 563 1319 rusco
585 1275 627 1319 ss.
653 1274 846 1325 rarnrrsrrs.
931 1264 932 1267 ’
965 1246 975 1272 ³

184 1416 210 1477 1.
235 1408 450 1480 Thomassi'nus
476 1408 542 1480 Lib.
566 1419 595 1480 ll
626 1395 779 1481 de'l'euis‘
799 1420 872 1498 Caip.
899 1418 938 1479 18
964 1416 1106 1493 perbelle

48 1524 60 1543 .
143 1500 284 1568 ostendit,
308 1502 418 1561 nedum
440 1502 504 1563 dies
527 1503 710 1565 Dominicos,
727 1501 778 1561 sed
795 1503 944 1579 quoslibet
958 1498 1104 1560 Christia-

77 1647 79 1651 ,
143 1593 252 1641 norum
275 1582 339 1642 dies
361 1583 463 1649 iestos,
486 1582 554 1661 jure
578 1586 678 1643 vocari
702 1600 797 1661 posse,
815 1589 846 1644 et
867 1602 938 1643 esse
948 1581 1108 1641 Trinitatis

145 1664 310 1728 solemnia.
334 1667 403 1741 quia
425 1666 571 1743 quidquid
594 1667 624 1724 in
647 1664 704 1723 illis
727 1666 917 1726 veneratione
940 1663 1105 1741 prosequi·

145 1762 238 1815 mur,
253 1746 381 1814 cultum,
399 1753 591 1823 mentemque
607 1754 739 1807 nostram
755 1764 772 1804 a
788 1747 942 1822 quibusvis
958 1745 1054 1806 rebus·
1063 1744 1104 1803 ad

147 1825 325 1887 Trinitatem
359 1830 454 1905 ipsam
482 1828 632 1898 traducit,
657 1829 807 1904 adquam
831 1834 973 1905 tanquam
995 1842 1103 1886 rerum

145 1910 283 1969 omnium
312 1910 401 1969 finem
426 1911 575 1985 pertinent
595 1915 716 1969 cuncta.
741 1908 825 1969 Haec
847 1910 904 1971 luit
925 1926 1036 1973 causa,
1062 1906 1105 1967 ob

145 2005 238 2063 quam
262 1992 290 2049 in
303 1992 449 2051 Ecclesia
463 1990 600 2052 Romana
613 1989 737 2052 Festum
754 1990 806 2051 SS.
826 1990 979 2051 Trinitatis
995 1989 1101 2048 admo-

93 2134 97 2140 ,
146 2069 218 2128 dum
241 2089 311 2146 sero
333 2072 441 2149 legitur
458 2074 640 2134 institutum.
659 2074 721 2133 Etsi
738 2074 840 2148 itaque
855 2072 1027 2133 solemnitas
1042 2072 1103 2151 ista

145 2152 226 2224 apud
249 2150 416 2212 Ecclesiam
439 2152 607 2214 Romanam
633 2173 689 2214 non
712 2155 792 2214 esset
813 2155 841 2212 iu
855 2164 939 2219 'usu‚
964 2150 1103 2227 pluribus

147 2235 248 2291 mmeu
276 2235 305 2293 iu
328 2234 400 2295 locis
422 2241 565 2296 consueta
586 2244 654 2297 erat
675 2236 842 2302 celebrari,
868 2238 896 2294 iu
920 2233 1102 2311 quibusdam

74 2353 76 2355 -
146 2312 176 2371 in
198 2318 308 2375 octava
327 2316 532 2383 Pentecosles,
556 2319 585 2376 iu
607 2319 673 2377 aliis
697 2318 724 2374 iu
749 2316 925 2385 Dominica,
949 2332 1026 2391 quae
1048 2314 1104 2372 ad·

145 2402 268 2456 ventum
291 2399 394 2458 anteit.
418 2396 547 2471 Quinam
569 2417 642 2459 vero
664 2396 755 2474 hujus
778 2399 844 2459 iesti
872 2399 987 2475 primus
1009 2394 1104 2455 luerit

145 2484 264 2550 auctor,
280 2480 365 2539 iacile
381 2498 438 2538 uon
454 2485 499 2539 est
513 2480 732 2540 demonstrare.
746 2479 899 2555 Rupertus
915 2480 1016 2537 Abbas
1031 2476 1104 2535 scri-

146 2561 215 2633 ptor
245 2561 357 2622 saeculi
385 2559 448 2621 Xll
480 2561 611 2621 ineuntis
640 2562 675 2621 dc
698 2561 817 2621 Divinis
849 2558 956 2641 Officiis
982 2558 1046 2618 Lib.
1073 2556 1104 2617 ll

146 2637 220 2715 Cap.
244 2642 265 2701 2
287 2643 417 2719 loquitur
438 2644 475 2702 de
497 2643 555 2702 boc
577 2640 653 2704 iesto
668 2648 765 2703 aetate
781 2660 834 2702 sua
850 2648 1003 2717 tamquam
1019 2656 1106 2699 com-

147 2724 279 2783 muniter
307 2720 438 2801 rece‘pto.
457 2729 488 2784 et
503 2722 637 2800 ejusdem
655 2730 808 2799 tamquam
827 2722 892 2783 iesti
916 2725 944 2781 in
963 2722 1103 2799 pluribus

147 2799 293 2864 Ecclesiis
316 2807 436 2869 invecti,
461 2813 491 2867 et
513 2807 639 2865 diversis
662 2807 847 2883 temporibus
870 2804 1023 2871 celebrati,
1042 2820 1103 2861 me·

148 2886 236 2946 minit
257 2888 347 2947 etiam
365 2888 523 2948 Duraudus
542 2888 604 2962 lib.
624 2887 666 2946 lll
682 2886 754 2963 Cap.
774 2886 823 2945 16.
842 2884 1015 2963 liudulphus
1031 2902 1107 2943 vero

148 2964 340 3043 Tuugrensis,
364 2971 414 3045 qui
436 2968 510 3047 Cap.
528 2966 568 3027 60
589 2970 702 3035 scribit,
719 2970 797 3043 quod
822 2970 850 3025 in
873 2965 968 3027 Gallia
991 2966 1106 3040 ubique

147 3045 245 3109 ierme
267 3068 336 3110 cum
359 3059 465 3110 octava
488 3050 656 3110 colebatur.
681 3050 767 3109 Ratio
789 3049 826 3107 ob
843 3066 932 3123 quam
951 3048 1021 3125 huic
1038 3064 1105 3105 ma-

143 3129 193 3205 -gis
222 3129 420 3197 llomiuicae‚
450 3150 541 3208 quam
568 3132 655 3191 alteri
685 3130 743 3191 diei
770 3127 923 3205 praedicta
956 3128 1107 3189 festivitas

149 3212 322 3289 consignata
351 3212 464 3282 luerit,
489 3213 680 3289 excogitatur
709 3214 803 3271 varia.
828 3209 979 3283 Rupertus
1002 3210 1107 3269 Abbas

148 3290 216 3352 Lib.
239 3292 279 3353 ll.
302 3294 374 3369 Cap.
401 3295 413 3352 l
441 3312 477 3354 eo
498 3294 577 3369 quod
601 3299 668 3370 post
683 3296 844 3353 adveutum
862 3291 989 3369 Spiritus
1004 3290 1107 3351 Sancti

149 3376 250 3451 coepit
271 3376 370 3435 statim
396 3376 583 3452 praedicari,
610 3384 642 3435 et
664 3377 744 3436 credi
769 3375 946 3453 mysterium
970 3372 1020 3433 SS.
1038 3371 1109 3431 Tri-

148 3456 261 3523 nitatis,
285 3456 313 3514 in
336 3456 426 3534 cujus
448 3458 566 3517 nomine
589 3458 716 3518 dabatur
732 3456 913 3532 Baptismus.
931 3455 1109 3515 Thomassi-

149 3554 207 3597 uus
230 3538 295 3597 loco
317 3538 427 3606 citato,
452 3545 485 3600 ut
506 3556 611 3598 omnes
634 3545 838 3616 pernoscant,
869 3537 1044 3597 Trinitatem
1068 3532 1109 3595 li-
