2517 4059
495 191 701 265 *2194st

120 322 245 383 tandam
278 324 456 401 religionem
489 322 674 400 Magorum,
710 330 959 401 perspectamque
985 326 1082 386 omni·

120 406 179 465 bus
202 407 344 483 pietatem
367 407 456 467 etiam
480 400 690 493 atque-'etiarn
707 406 846 467 hortatur
867 406 897 463 in
923 405 999 465 haec
1014 426 1081 470 ver-

122 488 184 564 ba:
212 488 289 550 Cum
304 488 388 548 stello
405 505 514 556 curre,
535 504 603 547 cum
619 484 718 565 ant's
735 486 819 546 dono
833 486 921 568 offer,
944 506 1079 560 uorum,

124 570 213 638 thos,
232 580 260 629 et
274 570 432 649 myrrham
448 612 455 635 ,
472 578 506 630 ut
520 567 597 647 Περὶ
613 609 621 639 ,
637 579 672 630 ut
687 570 758 635 Deo,
774 578 811 628 ut
825 576 878 629 too
894 586 987 629 rouro
1002 592 1084 633 mou

124 662 185 713 ruo.
211 650 319 729 Neque
342 658 409 726 post
431 650 594 715 Eusebium
626 649 860 729 et-Gregorium
890 656 1084 728 praetereun-

125 733 184 793 dus
208 740 255 793 est
276 733 312 793 de
334 732 449 794 Latinis
468 733 643 797 auctoribus
665 734 832 809 Aquilious·
850 732 1009 805 Inventus,
1033 736 1084 814 qui

127 815 166 875 do
184 813 365 892 Euangeliou
383 813 524 891 Historia,
543 821 672 891 quotuor
685 813 863 888 conseripsit
878 813 994 883 Libros,
1010 818 1083 895 Corr-

127 898 250 959 stantini
272 898 372 973 Magni
395 898 513 959 nomine
536 897 715 973 insignitos,
740 896 898 973 religiosus
920 907 1031 972 poeta,
1055 907 1086 962 et

126 978 170 1039 lta
191 980 335 1057 mysteria
358 997 519 1040 munerum
542 980 718 1055 explicans:

198 1106 325 1171 Aurum,
345 1106 424 1171 thus,
443 1098 586 1186 myrrham
604 1083 716 1175 Repique
736 1108 901 1175 Hominiqus
920 1089 1045 1175 Dsoque:

122 1219 209 1295 qnod
225 1221 346 1296 quidem
369 1192 525 1297 pulchrius
540 1219 667 1281 tortasse
683 1220 802 1289 dixerit,
820 1229 854 1282 ut
868 1201 1000 1298 singulae
1021 1239 1088 1283 sen-

128 1302 241 1363 tentiae
262 1320 331 1363 cum
355 1303 478 1381 singulis
490 1302 799 1399 aptocohaereant,

199 1427 322 1490 Ausoba,
342 1404 419 1490 thus,
437 1429 579 1511 myrrham
597 1415 712 1496 lltqlqus
731 1422 835 1497 Deoquo
855 1430 1018 1495 uenietque

200 1497 282 1546 Dona
299 1498 401 1565 (erunt.
456 1540 483 1551 ..
573 1530 576 1535 -
633 1546 636 1553 ,

127 1600 229 1663 Fuere
253 1608 352 1689 autem
374 1604 412 1665 hi·
429 1623 534 1666 versus
560 1606 603 1682 ab,
618 1601 807 1686 Hieronymo
835 1607 864 1665 in
887 1623 956 1666 snos
982 1604 1087 1665 deinde

128 1689 365 1747 commentarios
381 1687 562 1753 cumlaudls
578 1687 764 1766 praefatione
787 1688 933 1756 translati,
948 1686 1086 1762 'cumque

129 1768 203 1829 olim
227 1770 336 1829 nostris
359 1770 499 1831 omnihus
518 1771 546 1829 in
570 1788 622 1829 ore
644 1775 753 1838 essent,
777 1770 948 1847 passimque
963 1769 1087 1829 manda·

131 1855 239 1911 rentur
262 1853 452 1922 memoriae,
478 1852 617 1927 perfacile
642 1850 690 1910 hic
711 1859 858 1929 apparet,
884 1848 1088 1911 Christianum

6 2006 11 2013 ,
130 1933 278 2011 populum
304 1934 332 1994 in
353 1952 390 1995 ea
411 1938 565 2013 versatum
584 1933 678 2014 ‚luisse
701 1934 866 2000 sententia,
890 1932 994 2010 Magos
1019 1928 1089 1993 lesu

131 2014 254 2077 Christo
275 2011 345 2075 v'ota
366 2012 550 2092 suppliciter
565 2013 778 2091 nuncupasse,
802 2015 923 2092 etquid
946 2015 983 2079 d'e
1005 2014 1090 2076 illius

118 2100 254 2167 matura,
280 2114 314 2157 ao
330 2098 484 2158 divinitate
498 2098 663 2170 seminent,
675 2135 677 2140 ,
689 2098 750 2163 suis
765 2098 855 2157 etiam
872 2101 1010 2157 testatum
1023 2114 1091 2157 mu·

133 2180 257 2241 neribus
280 2174 449 2256 reliquisse.
463 2173 599 2255 'lnsuper
615 2178 719 2257 Magos
737 2180 773 2239 ad
791 2177 858 2241 lesu
873 2177 984 2239 Christi
1001 2178 1091 2255 pedes

132 2257 269 2338 abjectos
291 2260 358 2339 ejus
380 2256 573 2337 Divinitatem
597 2260 689 2338 probe'
711 2262 891 2339 agnovisse*
918 2269 950 2322 et
972 2261 1093 2338 religio·

123 2354 189 2415 me,
214 2360 274 2420 qua
297 2344 419 2411 decuit,
443 2340 575 2423 maxima
596 2342 736 2421 coluisse,
762 2342 957 2419 testificantur
979 2342 1090 2403 Hiero-

127 2442 266 2505 nymus,
291 2425 499 2503 Augustinus,
523 2424 674 2487 Maximus
695 2422 913 2492 Taurinensis,
937 2424 1103 2494 Paulinus,

133 2506 328 2577 Prudentius,
353 2506 502 2574 sedulius,
525 2503 696 2574 Cassianus,
720 2506 862 2586 Cyrillus,
877 2506 985 2569 Petrus
1000 2506 1094 2584 Chry-

134 2586 603 2667 sologus,‚ArnobiussGelasius
627 2592 659 2649 et
679 2592 713 2649 ut
734 2590 851 2652 mittam
876 2586 1095 2666 reliquos,Eu·

136 2673 236 2733 sebius
249 2669 425 2732 Emissenns.
435 2669 488 2752 (1).
502 2662 658 2738 Traditum
680 2670 755 2731 adeo
776 2675 947 2744 constanter
969 2671 1036 2741 luit,
1053 2670 1095 2729 ita

140 2758 184 2833 pt,
202 2752 307 2832 Magos
328 2754 499 2814 Divinitatis
521 2752 685 2815 honoribus
700 2750 799 2814 lesum
817 2751 973 2832 Christum
995 2759 1100 2830 prose·'

136 2841 231 2905 cotos.
245 2835 346 2907 luisse,
369 2837 520 2912 possimus
539 2834 702 2904 affirmare,
718 2831 857 2912 hancque
876 2856 941 2899 esse
964 2835 1096 2913 primam

129 2914 291 2979 Ecclesiae
315 2920 405 2980 totius
427 2918 646 2993 antiquitatem.
663 2914 834 2994 Perspicua¹
848 2918 904 2977 hoc
919 2916 1097 2979 emmoistur

137 3000 167 3059 in
186 2998 318 3063 Collocto
339 3000 398 3062 diei
420 2998 616 3077 Epiphaniae,
640 3017 701 3075 qua
723 3002 763 3061 ita
785 3016 919 3060 oramus:
933 2996 1025 3068 Deus,
1044 2994 1098 3076 qui

145 3078 336 3161 Uoipcor'tum
350 3091 435 3143 tuum
453 3080 611 3165 Gentibus,
630 3078 725 3141 Stella
742 3079 825 3149 duos,
842 3080 989 3141 revolasti.
1012 3078 1097 3153 Quae

144 3162 277 3227 Collocta
299 3166 328 3223 in
352 3164 604 3245 sacramentariis
625 3162 842 3239 antiquioribus
858 3166 1020 3240 reperitur.
1044 3158 1099 3221 Ed·

140 3246 227 3309 clesia
241 3264 362 3324 quoque
378 3241 509 3309 divinam
525 3246 607 3307 hanc·
617 3242 823 3305 adorationem
839 3247 920 3307 canit
934 3246 963 3305 in
974 3242 1098 3325 Hymno

140 3324 353 3407 Epiphaniae,
376 3328 427 3405 qui
450 3328 578 3407 incipit:
605 3324 745 3389 Crudelis
764 3324 897 3387 Herodes
918 3328 1015 3388 Deum
1036 3333 1095 3389 etc.

213 3464 225 3492 Q
335 3476 337 3479 ·
438 3484 440 3489 .

145 3532 214 3651 mat)
231 3530 299 3653 Ἓξ
318 3530 429 3583 Fossnni
455 3530 495 3581 Da
513 3528 673 3600 enituisse
692 3526 799 3581 christo
825 3544 843 3580 o
860 3530 952 3595 blopis
978 3527 1099 3579 adhibito

195 3614 237 3652 aer
280 3614 317 3653 ro.
596 3634 597 3639 η
