2517 4059
555 206 760 279 ullu·

53 400 55 407 .
182 338 276 401 Stella
290 338 447 417 Magorum
469 336 556 398 docte
571 344 602 398 ct
623 337 740 399 erudite
762 340 883 413 praeter
898 332 972 392 alios
987 313 1140 393 disserunt

183 419 362 493 calmetus,
385 420 542 482 Cornelius
564 438 582 479 a
604 419 737 497 Lepide,
759 416 866 497 Mayr,
889 414 1000 475 Suarez
1020 421 1051 475 et
1071 414 1141 476 Sal·

182 522 301 646 melrlffi
320 584 479 663 Magorum
496 601 643 645 numerus
657 583 745 660 longa
758 582 822 662 jam
837 586 934 641 aetate
957 579 994 639 ad
1010 584 1071 641 tres
1085 578 1139 639 dc-

182 666 286 730 finitus
318 672 374 727 est.
407 665 441 725 ld
474 669 536 725 tam
562 684 652 743 quam
674 670 802 727 ¹certum
835 664 949 736 ubique
981 661 1139 721 constitnit
1235 710 1239 714 .

183 749 216 811 S.
248 750 309 809 Leo
333 748 460 826 Magnus
485 745 625 808 Sermone
656 750 673 807 l
703 745 723 806 lc
751 746 771 807 5
800 746 819 805 6
846 746 867 806 ’1
896 743 917 803 8
946 743 981 802 dc
1002 741 1139 820 Epipho-

182 833 261 900 πίω
284 829 449 893 luculenter
470 830 597 891 adstruit
617 829 649 889 S.
672 828 831 891 Caesarius
855 824 998 886 Sermone
1018 824 1081 885 159
1101 826 1138 892 in

183 911 350 993 Appendicc
371 912 458 973 Tem.
487 910 568 971 VS.
593 911 762 989 Augustini.
787 909 879 979 Beda,
902 906 1055 987 Repertus
1076 906 1139 967 Ab·

182 993 247 1061 has,
271 1001 302 1055 et
315 993 519 1071 Interpretum
542 999 608 1069 post
621 996 689 1054 illos
710 994 809 1061 turba,
826 993 898 1068 quin
919 997 950 1051 et
970 989 1140 1049 communis

182 1082 272 1153 atque
295 1078 379 1137 unica
403 1082 504 1135 nostra
525 1082 623 1136 aetate
645 1076 742 1135 terme
763 1074 840 1151 apud
864 1070 1029 1133 Ecclesiam
1051 1088 1140 1133 rece·

182 1164 243 1237 pta'
256 1157 414 1226 sententia,
437 1159 522 1234 paria
544 1158 662 1220 docent.
684 1155 812 1216 Nomina
833 1154 1008 1233 Magorum,
1033 1157 1068 1214 ut
1088 1155 1139 1214 do·

93 1280 96 1287 ·
183 1246 252 1300 cent
273 1237 474 1299 bollandistae
494 1238 581 1299 Tam.
605 1238 619 1298 l
642 1238 716 1319 Maji
738 1239 839 1317 pag.'l
860 1237 993 1297 inaudita
1015 1236 1140 1297 luerunt

123 1364 127 1375 .
183 1321 339 1395 usquead
362 1321 483 1381 exitum
505 1321 617 1381 saeculi
641 1321 822 1383 duodecimi.
846 1316 957 1379 Nullas
973 1318 1052 1379 caim
1066 1318 1141 1379 scri·

181 1412 252 1483 ptor
266 1404 309 1463 oct
326 1400 468 1473 Graecas,
490 1404 535 1463 ocl
550 1400 677 1463 latinos
695 1404 852 1482 profertor
870 1418 929 1480 prr
944 1409 988 1460 tot
1007 1402 1137 1470 sacculo,

182 1502 275 1562 osque
301 1483 341 1543 ad
364 1480 515 1545 Hridsrici
539 1484 739 1546 Barbarossac
763 1496 919 1562 tempora,
944 1484 998 1561 pai
1018 1482 1142 1542 nomino

183 1584 264 1625 nanc
289 1566 411 1643 calgala
426 1569 594 1647 usurparit.
620 1566 654 1625 ln
679 1565 893 1634 collectaneis,
923 1582 1000 1639 quae
1021 1568 1142 1625 exstant

184 1644 221 1710 T.
245 1646 289 1707 lll
311 1645 446 1725 Operum
471 1647 660 1710 Venerabilis
691 1649 791 1709 Bedae
810 1664 879 1725 pag.
905 1644 964 1705 tat
988 1654 1019 1707 et
1038 1646 1139 1708 eidem

182 1743 342 1809 perperam
358 1726 580 1806 adjudicantur,
598 1730 756 1807 Magorum
771 1731 899 1808 primus,
922 1728 975 1806 qui
990 1728 1141 1789 Melchior

183 1812 304 1884 dicitur,
328 1828 433 1882 senex,
457 1830 560 1880 canus,
585 1814 731 1891 promissa
746 1811 839 1871 barba
854 1816 886 1871 et
905 1810 1021 1887 capillis
1038 1811 1142 1887 perhi·
1257 1823 1258 1826 ’

179 1892 282 1953 betur:
305 1892 455 1955 secundus
476 1898 597 1956 nomine
620 1893 734 1972 Gaspar
754 1891 884 1972 juvenis,
908 1891 1064 1965 imberbis,
1088 1911 1142 1953 ru-

183 1972 353 2037 bicundus:
377 1977 494 2046 tertius,
518 1980 567 2056 qui
590 1976 745 2038 Baltbasar
767 1978 904 2043 roratur,
928 1976 1039 2042 tuscus,
1064 1976 1140 2035 intc-

183 2073 237 2134 gre
261 2057 414 2117 barbatus.
438 2055 519 2119 Hinc
534 2061 660 2121 fortasse
676 2060 841 2120 hauserunt
861 2057 1002 2134 pictores,
1028 2062 1062 2117 ut
1074 2054 1141 2117 Ma-

184 2153 293 2215 gorum
309 2156 404 2197 unum
427 2141 530 2202 colore
552 2142 705 2219 subnigro,
729 2147 846 2201 ceteros
868 2139 936 2198 albo
950 2138 1139 2216 effingerent.

172 2219 344 2299 ¹Zacharias
366 2216 533 2297 Episcopus
554 2221 838 2301 chrysopolitanus,
864 2220 985 2283 saeculo
1006 2219 1068 2281 Xll
1090 2238 1143 2280 na·

184 2306 234 2383 tps
256 2303 286 2363 in
300 2299 440 2361 Historia
456 2302 640 2365 Scholastica
663 2305 815 2365 contendit
828 2319 879 2363 eos
900 2303 1044 2363 hebraice
1066 2320 1143 2362 nun-

184 2390 311 2463 cupatos
331 2380 499 2463 Aprilium,
523 2385 687 2456 Amorum,
710 2387 911 2453 Damascum,
933 2386 1047 2447 scilicet
1067 2384 1143 2445 fids-

183 2464 261 2537 lem,
284 2464 445 2535 humilem,
469 2468 707 2529 misericordem.
724 2466 832 2528 Petrus
853 2464 1010 2528 Comestor
1032 2482 1141 2545 graece

183 2551 274 2609 vocal
295 2545 444 2625 Malapat
465 2546 618 2627 Golpolat,
635 2550 777 2618 Soracin,
800 2566 876 2624 quas
891 2566 982 2610 voces
998 2549 1141 2626 interpre-

94 2628 98 2637 ’
184 2636 288 2698 tatur,
318 2628 487 2701 Nunnium,
511 2631 621 2703 Pium,
645 2630 792 2692 Gratiam.
819 2629 905 2689 Anno
927 2628 1009 2690 1038
1030 2631 1087 2693 luit
1108 2631 1140 2689 iu

184 2709 299 2782 Gallia,
324 2710 376 2788 qui
397 2711 478 2773 edito
499 2714 652 2776 volumine
675 2712 858 2791 persuadere
879 2713 1056 2784 tentaverit,
1079 2711 1143 2773 Ma·

184 2810 238 2873 gos
260 2810 317 2853 non
334 2792 408 2853 alios
429 2795 533 2865 luisse,
557 2814 647 2875 qnam
663 2794 856 2865 Henocbum,
880 2791 991 2867 Etiam,
1014 2801 1046 2855 et
1064 2793 1142 2855 Mel·

184 2875 442 2938 chisedechume
471 2882 607 2941 terrestri
628 2878 770 2941 Paradiso
793 2876 836 2937 ad
857 2874 967 2937 Christi
997 2894 1141 2954 praesepe

186 2957 311 3021 astella
325 2957 479 3022 deductos.
503 2959 591 3035 Quod
613 2966 818 3022 commentum
833 2957 974 3020 refellunt
986 2959 1142 3035 Theophi-

184 3041 234 3107 lus
247 3039 441 3119 Raynandus,
464 3045 498 3103 in
513 3044 668 3125 Diptyclris
688 3041 836 3101 Marianis
855 3052 936 3119 part.
955 3040 976 3100 5
994 3036 1142 3122 pnnctob

186 3140 270 3183 onor.
294 3120 357 3193 25;
379 3130 413 3184 et
435 3120 583 3194 Petarins,
607 3125 674 3185 Lib.
697 3120 712 3180 l
741 3122 776 3183 dc
807 3119 929 3203 Opificio
950 3140 1005 3183 ccc
1026 3124 1142 3183 dieram

185 3202 259 3281 Cap.
282 3202 326 3263 lv
348 3202 367 3267 b
388 3204 408 3263 3
430 3224 498 3283 pag.
526 3206 583 3276 utu
607 3206 724 3283 Lamy.
754 3202 926 3264 Harmonia
955 3205 1142 3288 annpcliaa

185 3285 253 3348 Lib.
277 3276 291 3344 l
312 3284 386 3365 Cap.
403 3284 445 3358 113
462 3288 616 3358 Bailletns,
639 3288 674 3347 in
688 3285 826 3347 Historia
840 3284 1026 3360 adorationis
1040 3292 1142 3365 Mapo-

185 3386 256 3429 aam
278 3383 360 3429 num.
378 3369 419 3442 23
442 3368 615 3431 Honoratus
637 3389 654 3430 a
675 3368 706 3429 S.
730 3370 839 3437 Maria,
864 3368 1140 3431 Animadversionas

185 3452 221 3512 in
242 3450 371 3526 rogatas,
395 3461 421 3511 at
442 3471 532 3513 asam
554 3452 671 3513 criticos
692 3450 758 3510 Lib.
775 3448 820 3510 Ml
842 3446 920 3509 Dlss.
937 3447 981 3511 lv
1003 3450 1071 3510 hrt.
1087 3448 1138 3519 ll;

186 3529 349 3599 Cametas,
363 3534 397 3593 in
406 3533 626 3596 Dissertationc
637 3532 677 3603 ¹dc
691 3532 799 3609 Magis3
817 3529 977 3604 Sandinus,
989 3535 1024 3593 in
1039 3529 1142 3594 Histo-

139 3660 147 3672 .
187 3614 239 3677 ria
248 3610 395 3677 Familiae
409 3613 518 3679 Sacrae
529 3615 602 3698 Cap.
617 3614 674 3687 lll;
690 3620 853 3696 contraque
867 3612 976 3678 docent
989 3615 1027 3678 de
1038 3613 1141 3695 Mago·
