2517 4059
474 238 698 311 vimi&-

48 429 51 435 ,
111 366 195 424 etiarn
218 366 320 427 dubiis
351 368 503 427 miraculis
535 368 753 436 alienissimos,
779 384 854 443 quos
886 365 917 426 S.
941 334 1065 425 eiust

109 448 305 515 emendando,
328 449 504 525 edendoque
525 450 662 511 Romano
684 450 838 510 Breviorio
864 446 1065 525 praeposuit,

7 600 8 606 ἵ
108 526 196 594 illud,
219 530 311 605 quod·
325 530 472 597 dicimus,
496 534 676 592 miraculum
699 532 888 609 approbasse.
914 527 1062 589 Arbitrati

82 640 85 644 ·
108 610 577 691 suntpraeclarissimineclogi
593 613 664 674 huic
680 613 843 673 narrationi
855 610 1067 687 apprimemo·

17 716 23 723 ·
108 690 197 751 uitrrm
222 692 298 751 ilind
315 695 485 763 convenire,
509 694 587 769 qrrod
612 693 660 754 his
675 693 776 755 verbis
789 692 935 768 expressit
955 689 1062 751 Claris-

106 775 197 832 simus
219 772 466 849 Papebrocbius:
492 774 647 854 Contingit
675 778 765 836 etium
781 792 864 852 saepe
890 771 1069 833 traditionis

7 864 8 883 ³
106 854 306 914 subetnmium
322 857 410 916 tutem
426 874 495 926 esse,
521 867 555 917 ut
570 877 630 917 non
645 858 706 916 nisi
721 866 828 919 temere
841 854 934 933 possit
960 854 993 913 in
1009 854 1064 913 du·

106 935 182 993 bum
197 938 339 997 reuocari
360 938 448 997 etiem
463 956 510 998 res
525 957 699 999 coaevorum
716 936 888 998 testimoniis
908 932 1063 996 destitute.

142 1016 182 1077 11.
207 1016 323 1077 Liberti
347 1025 482 1095 tempore
516 1020 587 1080 illud
610 1020 768 1096 contigisse
790 1017 958 1079 Romanum
983 1016 1067 1075 illar-

105 1098 305 1176 tyroiogium.
329 1105 363 1159 et
382 1100 569 1162 Breviarium
591 1100 675 1179 jussu
700 1101 731 1161 S.
748 1100 834 1159 PiiV
857 1099 1060 1165 emendatum,

105 1186 192 1254 atque
216 1181 335 1241 editum
358 1181 519 1243 allirmant.
537 1182 586 1243 lo
608 1200 729 1257 quoque
751 1182 900 1241 aliirmant
922 1179 987 1239 Viri
1011 1179 1063 1239 alii

104 1263 341 1336 praeclarissimi
357 1281 464 1339 nempe
478 1267 548 1325 socii
564 1263 761 1335 bollandum,
779 1262 958 1324 Benedictus
973 1258 1066 1331 XIV,

103 1340 211 1419 aliique
235 1362 297 1403 non
312 1344 482 1421 pauci.Nec
499 1353 612 1407 temere
630 1346 657 1405 id
670 1343 949 1413 sllirmant,eteoim
974 1360 1059 1419 prae-

104 1427 146 1482 ter
166 1442 261 1499 quam
285 1427 363 1502 quod
380 1429 594 1496 vetustissima,
611 1433 642 1488 et
657 1426 859 1504 volgatissima
875 1424 1007 1484 Traditio
1030 1424 1060 1483 id

105 1504 199 1568 docet.
217 1505 312 1565 Liber
333 1505 515 1568 Pontibcnlis
536 1510 574 1569 de
596 1509 715 1568 Liberio
737 1526 828 1585 agens
851 1508 925 1566 baec
947 1505 1061 1565 babet:

103 1583 159 1645 Hic
173 1588 247 1664 fecit
265 1586 431 1649 Basilicum
445 1593 563 1650 nomine
578 1608 642 1659 suo,
662 1592 757 1671 juxta
772 1590 931 1649 macellum
947 1582 1067 1645 livine:

104 1666 209 1731 ducent
231 1677 335 1729 autem
358 1673 415 1730 riri
436 1672 547 1732 eruditi
569 1671 731 1731 macellum
748 1671 850 1729 Liviae
873 1671 902 1727 in
926 1664 1060 1740 Exquili-

105 1766 140 1807 uo
161 1757 268 1810 monte
284 1751 375 1811 luisse
396 1760 581 1813 extructum.
596 1752 692 1813 Docet
709 1769 762 1811 nos
777 1750 969 1812 doctissimos
982 1745 1060 1807 Pon·

104 1830 171 1889 tiiex
194 1832 496 1913 Benedictus‚XlV,
522 1853 579 1893 non
602 1836 632 1893 in
648 1834 787 1893 omnibns
803 1832 956 1892 Romanae
971 1826 1065 1889 Urbis

104 1908 244 1973 Ecclesiis
267 1913 395 1992 hujusce
417 1915 562 1976 Basilicas
584 1916 801 1977 dedicationem
826 1914 916 1973 luisse
931 1909 1064 1972 celebra·

104 1993 185 2053 tarn:
209 1996 285 2071 quin
308 1998 399 2055 ctiam
422 1997 626 2074 subsequenti,
651 1997 728 2056 idest
749 1993 981 2065 Xlli,saeculo,
1005 1992 1066 2050 mi·

106 2073 183 2137 nime
208 2076 306 2136 tuisse
331 2078 514 2139 celebratam
541 2098 578 2139 ex
604 2098 642 2139 eo
666 2075 810 2153 conjicit,
844 2077 924 2152 quod
947 2073 1066 2150 Grego-

104 2154 163 2215 rius
184 2157 232 2218 lX
256 2156 381 2235 jusserit
409 2161 511 2235 qrrinta
538 2161 665 2238 Augusti
698 2160 745 2217 die
770 2158 859 2217 recoli
893 2157 1062 2217 solemnem

103 2246 280 2298 memoriam
303 2239 334 2299 S.
357 2238 506 2300 Dominici
529 2240 650 2301 Ordinis
672 2241 915 2302 praedicatorum
940 2238 1057 2297 institn-

105 2320 183 2378 toris.
208 2321 306 2381 Porro
328 2320 356 2378 id
380 2322 503 2383 rninime
531 2324 685 2383 statuisset
706 2320 866 2389 Pontifex,
896 2323 918 2379 si
951 2338 987 2379 eo
1009 2318 1063 2379 die

103 2393 258 2461 Romanus
278 2400 384 2470 Cieros
405 2404 621 2465 dedicationem
645 2400 674 2464 S.
693 2404 806 2463 Mariae
828 2401 952 2479 Majoris
975 2417 1058 2459 reco-

105 2475 215 2543 luisset.
234 2481 380 2557 Superest
394 2485 506 2561 itaque,
526 2490 559 2545 ut
572 2485 717 2551 dicamus.
730 2485 759 2542 io
775 2501 857 2543 sacra
876 2487 1063 2543 tantummo-

105 2558 140 2619 do
160 2562 192 2623 S.
211 2566 328 2625 Mariae
350 2566 475 2644 Majoris
497 2568 622 2627 Basilica
648 2568 726 2627 illius
749 2566 964 2625 dedicationem
984 2562 1057 2622 luis·

105 2656 134 2700 se
158 2652 268 2705 actam.
292 2645 488 2716 Arbitrantur
513 2648 648 2725 plerique
674 2648 792 2707 saeculo
818 2644 894 2710 xiv
923 2645 1061 2719 coepisse

105 2736 193 2795 eam,
217 2744 310 2802 qnam
327 2727 471 2797 dicimus,
495 2730 712 2793 testivitatem,
740 2730 769 2787 in
796 2728 860 2786 aliis
886 2730 975 2786 etiam
998 2722 1062 2783 llo·

104 2808 194 2867 manis
218 2806 373 2876 Ecclesiis;
399 2810 661 2886 idque'aliirmant
681 2807 789 2887 Pagius
809 2806 931 2884 junior,
953 2811 985 2866 et
1006 2806 1062 2865 do·-

105 2887 252 2948 ctissimus
274 2888 453 2950 Benedictus
473 2888 560 2957 xiv,
584 2877 707 2967 ex'quo
729 2892 818 2951 etiam
843 2888 984 2947 discimus
997 2884 1058 2948 ito-

104 2965 249 3043 delphum
281 2968 487 3045 Tungrensem
518 2971 660 3031 Romanis
687 2969 897 3030 leslir‘itatibus
919 2968 1056 3029 eamdem

106 3046 319 3112 dedicationem
336 3055 534 3112 accensuissc.
551 3050 701 3128 Deidbeps
723 3053 759 3111 ab
781 3051 847 3111 aliis
870 3051 982 3117 etiam,
1006 3050 1059 3126 qni

7 3193 8 3202 χ
106 3129 133 3188 in
152 3132 219 3192 aliis
242 3133 412 3210 regionibus
434 3134 599 3213 degerent,
624 3134 714 3194 inisse
737 3133 872 3193 eamdem
896 3131 1059 3191 dedicatio-

105 3226 169 3271 nem
192 3215 376 3274 celebratam
399 3216 578 3293 exscriptis,
602 3216 723 3295 etlypis
746 3215 839 3295 editis!
853 3212 1057 3283 Kalendariis,

105 3288 284 3365 blissalibus,
308 3305 339 3358 et
353 3296 516 3357 Breriariis
538 3298 698 3357 discimus:
723 3299 751 3355 in
767 3297 801 3356 iis
817 3298 894 3356 enim
912 3296 976 3355 lere
992 3312 1059 3355 om·

7 3457 8 3460 Ἴ
107 3372 187 3437 nibus
210 3383 331 3437 notatur
353 3376 501 3439 festivitas
520 3375 650 3438 Senem
666 3376 786 3438 Mariae
809 3377 848 3437 ud
871 3374 973 3438 Niues.
1022 3414 1060 3459 ·.
1125 3388 1136 3411 ⁰
