2517 4059
574 170 800 241 amman»

210 318 278 361 sum
313 299 458 368 immitti,
488 300 517 359 id
546 300 644 376 ipsum
668 300 805 377 pluribus
827 302 856 360 in
877 300 1048 359 Ritualibus
1070 298 1173 360 Libris
1255 364 1256 367 ,

209 382 427 459 praescriptum
451 390 556 450 extat3
580 382 632 441 sed
655 400 692 440 eo
715 384 890 459 praesertim
920 388 1057 458 tentpore¹
1082 400 1172 459 pera·

210 464 364 540 gendum,
389 481 449 536 quo
472 466 501 522 in
523 463 615 523 Missa
643 464 762 523 canitur
783 464 885 524 Prosa.
909 462 1050 523 Nonnulli
1078 465 1172 523 etiam

208 553 312 620 stupas
340 542 563 612 inflammatas,
593 543 659 603 aliis
681 564 751 604 ares
772 564 823 606 seu
847 543 1172 605 columbasimmitte·

138 660 144 670 ·
207 628 289 691 bant.
313 630 344 685 et
365 627 393 684 in
412 624 479 685 Vita
500 625 531 685 S.
556 624 707 687 Francisci
729 627 834 687 Salesii
858 627 979 703 legitur,
996 625 1170 686 columbam

207 708 265 768 hoc
288 708 376 767 niodo
399 708 427 766 in
451 707 526 767 testo
548 708 741 767 pentecostes
762 710 928 768 immissam
951 726 1042 783 snper
1059 708 1172 769 hume·

208 809 278 849 rum
301 789 332 848 S.
357 789 508 850 Praesnlis
538 791 735 865 requievisse.
758 792 804 850 Ad
828 791 950 849 Missam
977 790 1172 848 animadver-

207 874 290 931 sione
313 872 400 945 digna
422 871 542 931 ridetur
565 888 653 947 prosa
681 872 753 932 Veni
778 873 885 933 Sancte
913 869 1065 951 Spiritus,
1090 890 1170 947 quae

208 971 225 1012 a
247 954 399 1031 plerisque
422 953 604 1011 adscribitur
626 954 758 1013 Roberto
781 952 894 1013 Galliae
916 955 1015 1029 Regi,
1040 954 1094 1028 qui
1117 972 1172 1013 un·

208 1036 325 1095 decimo
350 1036 493 1110 regnabat
513 1034 663 1104 Saeculo,
693 1035 731 1093 ab
753 1036 819 1095 aliis
841 1033 1018 1094 Hermanno
1040 1034 1171 1094 Contra·

208 1124 267 1183 cto,
291 1115 472 1175 Germaniae
495 1115 654 1181 Monacho.
679 1118 730 1192 qni
752 1118 826 1176 obiit
847 1134 925 1177 anuo
944 1114 1023 1175 tuot
1039 1116 1091 1175 sed
1109 1134 1169 1175 nou
1256 1154 1257 1195 p

208 1199 281 1256 salis
305 1196 401 1255 valido
424 1200 559 1256 nituntur
583 1195 789 1257 fundamento.
816 1198 905 1257 Prusa
928 1200 984 1257 ista
1007 1198 1172 1257 verosimi-
1256 1200 1257 1207 ’

208 1278 267 1338 lius
289 1278 424 1337 creditur
445 1280 484 1339 ab
506 1277 680 1337 lunocentio
702 1278 744 1337 lll
768 1283 955 1355 composita,
985 1279 1023 1339 ab
1046 1279 1171 1338 eodem-

207 1378 267 1436 que
289 1358 401 1419 blissali
424 1361 576 1428 interseri,
599 1376 668 1421 cum
692 1362 720 1418 in
744 1360 809 1437 ejus
824 1363 965 1436 operibus
981 1363 1167 1437 reperiatur.

207 1439 266 1519 Ber
279 1448 370 1500 totam
392 1442 615 1502 hebdomadam
633 1443 808 1502 Pentecoste
847 1444 996 1502 solemnes
1011 1442 1082 1501 olim
1100 1440 1168 1501 lieri

207 1524 341 1582 solebant
352 1526 558 1599 processiones
570 1524 606 1581 ad
620 1525 798 1600 principales
807 1461 969 1583 {cclesias
978 1522 1169 1601 Hujnsmodi

207 1606 434 1681 processionum
452 1607 568 1680 praxim
584 1607 689 1664 videre
707 1610 753 1665 est
768 1607 846 1683 apud
858 1604 1037 1666 Gauiridum
1050 1606 1079 1663 in
1099 1604 1169 1665 Vita

206 1686 349 1747 Bernardi
366 1688 490 1745 Abbatis
505 1685 700 1747 Turonensis.

248 1767 302 1828 lv,
326 1766 457 1833 Christo.
481 1787 535 1827 suo
558 1770 586 1826 in
608 1769 727 1828 coelum
750 1786 885 1837 ascensu,
903 1768 940 1827 ab
963 1769 1057 1828 oculis
1078 1766 1170 1826 disci·

208 1851 348 1926 pulcrum
361 1857 391 1909 et
406 1852 532 1909 aliorum
550 1851 590 1908 ibi
607 1852 787 1909 adstantium
800 1856 916 1927 erepto,
931 1850 1045 1910 reuersi
1059 1866 1168 1908 omnes

206 1930 450 2009 Hierosolymam
480 1933 664 1994 introierunt
687 1934 716 1990 in
738 1929 941 1993 Coenaculum
966 1930 1105 1991 undecim
1129 1929 1169 1991 A.-

207 2014 334 2090 postoli‚
369 2014 470 2087 ibique
500 2014 662 2072 manebant
678 2023 901 2093 perseverantes
923 2014 1112 2073 unanimiter
1133 2012 1170 2070 in

206 2093 341 2152 oratione
363 2113 430 2152 com
452 2095 644 2163 arctioribus
667 2106 694 2155 ct
709 2094 814 2155 Morio
830 2092 930 2155 Matre
952 2093 1035 2160 Jcsu,
1052 2103 1078 2152 ot
1099 2092 1170 2168 fro-

206 2174 303 2234 trr‘bus
326 2177 400 2254 rjus,
427 2176 478 2250 qui
501 2192 606 2233 omnes
628 2178 824 2251 probabiliter
839 2176 951 2235 Christi
975 2174 1168 2236 ascendentis

208 2257 236 2314 in
259 2251 384 2314 Coelum
407 2262 590 2331 spectatores
613 2255 745 2319 inerunt.
771 2257 888 2324 Petrus,
913 2259 961 2317 cui
985 2256 1167 2318 universalis
1257 2288 1258 2325 r

205 2336 359 2399 Ecclesiae
392 2337 644 2397 administrandae
672 2327 815 2413 partes'b
837 2338 908 2397 lesu
929 2339 1052 2401 Christo
1075 2338 1166 2398 datae
1257 2366 1258 2415 p

205 2419 337 2486 inerant,
360 2418 435 2478 dixit
455 2437 530 2496 opus
552 2437 629 2488 esse,
653 2427 687 2481 ut
708 2424 801 2499 impio
822 2421 915 2481 indae
930 2420 1123 2481 sufficeretur
1138 2437 1170 2478 a·

205 2501 302 2577 liquis,
325 2500 377 2575 qui
400 2500 500 2560 locum
524 2502 731 2574 Apostolicnm
755 2505 923 2571 obtineret;
951 2504 1081 2578 cumque
1105 2502 1166 2561 duo

205 2581 351 2658 propositi
373 2588 485 2650 esseut,
510 2581 621 2659 loseph
637 2585 688 2658 qui
704 2586 860 2644 dicebatur
871 2584 1030 2650 Barsabas,
1043 2588 1075 2643 et
1089 2585 1167 2644 blat-

205 2662 296 2722 thias.
320 2659 459 2739 Cumque
481 2663 579 2741 sortiti
601 2670 711 2735 essent,
730 2667 878 2727 Matthiae
893 2684 958 2725 sors
976 2665 1094 2743 obtigit,
1112 2664 1169 2739 qui

204 2746 283 2804 inter
305 2743 465 2819 Apostolos
486 2752 533 2805 est
554 2752 722 2822 cooptatus.
739 2750 765 2809 E
787 2748 976 2825 septuaginta
991 2747 1063 2808 lesu
1078 2744 1169 2806 Chri-

205 2827 243 2887 sti
265 2825 426 2901 Discipulis
448 2834 515 2887 erat
535 2826 691 2888 Matthias.
715 2828 802 2901 Quod
827 2828 874 2887 hic
897 2827 1082 2891 controverti
1096 2842 1168 2903 pros-¹

207 2914 264 2977 set,
289 2912 336 2967 est
356 2908 393 2968 de
414 2908 559 2969 electione
582 2910 729 2971 Matthiae
751 2912 780 2970 in
803 2910 982 2987 Apostolum
1006 2910 1085 2970 iacta
1108 2924 1165 2985 por

204 2993 330 3050 sortem.
355 2988 441 3061 Quod
474 2989 647 3067 exemplum
671 2993 700 3050 in
717 2994 783 3053 'suis
809 2992 1008 3053 electionibus
1029 2988 1167 3053 Ecclesia

207 3089 265 3131 non
289 3070 385 3130 solum
409 3078 455 3131 est
475 3079 592 3139 secuta,
615 3073 668 3133 sed
689 3075 789 3149 potius
812 3074 875 3133 visa
897 3081 960 3142 est,
985 3091 1022 3133 no
1045 3074 1074 3132 in
1096 3090 1167 3149 pra-

206 3152 269 3211 xim
291 3150 471 3222 adducatur,
495 3153 697 3215 interdixisse.
715 3154 830 3215 Verum
854 3156 931 3215 haec
954 3158 1167 3233 nou'pugnant

206 3252 276 3295 cum
300 3231 378 3293 iacto
402 3234 620 3311 Apostolorum
653 3238 681 3295 in
710 3236 857 3297 electione
879 3236 1038 3299 Matthiae.
1059 3236 1166 3296 'Primo

206 3316 276 3391 qnia
299 3314 357 3373 hoc
379 3314 539 3391 Apostolos
561 3317 669 3379 iecisse
691 3336 728 3377 ex
755 3319 929 3395 particulari
952 3320 1082 3397 Spiritus
1095 3316 1169 3377 San·

207 3397 249 3455 cti
271 3397 437 3455 instinctu:
461 3397 589 3473 ideoque
622 3400 847 3475 inexemplum
871 3401 950 3460 trahi
973 3420 1030 3461 nou
1055 3405 1164 3478 potest.

209 3476 348 3545 Secundo
371 3477 440 3552 quia
463 3496 520 3538 nou
537 3485 583 3538 est
598 3486 716 3541 certum
732 3483 760 3539 in
776 3482 922 3543 electione
937 3483 1085 3544 Matthiae
1102 3500 1167 3541 mc-

210 3572 277 3616 ram
300 3574 335 3615 ac
358 3575 462 3617 reram
484 3564 597 3619 sortem
620 3560 736 3631 tuisse:
760 3569 824 3624 tum
847 3566 919 3642 quia
941 3565 1062 3635 dicitur,
1085 3562 1167 3641 quod
