2517 4059
571 205 797 279 wiredes-

206 341 309 401 ccnsol
338 343 401 396 lum
424 335 525 412 potius
545 336 749 398 dimissionem
777 336 849 397 olim
872 339 1015 400 omissam
1041 338 1162 409 luisse,

207 420 327 500 qrrendo
349 415 453 478 fideles
468 435 584 487 omnes,
607 416 770 479 Missurum
786 419 950 479 sollemniis
965 422 1077 498 peragi,
1103 438 1164 480 non

207 503 310 564 atatim
334 499 477 570 abibaot;
508 500 560 559 sed
588 501 805 576 permanebant
831 503 861 559 in
883 501 1037 569 Ecclesia,
1066 502 1165 562 donec

207 581 341 645 recitatis
363 578 519 640 Canonicis
541 581 703 659 precibus,
730 590 763 643 et
783 581 915 644 Statione
938 581 1056 654 soluta,
1081 569 1165 645 aliine

206 665 252 726 las
274 668 361 733 erat3
386 661 493 723 deinde
515 680 633 722 morem
650 661 731 722 buno
746 670 905 724 extensum
919 679 986 724 esse
1000 665 1038 722 ad
1055 663 1163 725 Missas

207 750 308 808 minus
336 744 496 804 sollemnes
518 749 548 804 et
570 744 771 820 quotidianas.
802 746 934 813 Adiuvat
956 745 1034 804 banc
1059 745 1165 806 Cardi-

208 831 285 892 nalis
307 826 407 886 Bonae
428 825 600 901 opinionem
624 843 712 894 mos,
738 828 790 903 qui
812 827 884 887 olim
906 827 1026 904 rigebat
1047 828 1076 886 in
1098 827 1166 902 qui·

207 911 333 972 busdam
346 906 488 967 Ecclesiis
501 924 557 966 nou
569 907 739 967 dimittendi
756 909 899 986 populum
916 911 946 967 in
959 911 1059 986 prima
1069 908 1165 967 Missa

206 991 376 1053 Natiuitatis
397 988 539 1059 Domini,
562 988 632 1062 quia
650 993 715 1064 post
729 991 900 1051 recitandae
920 995 1008 1050 erant
1028 989 1163 1050 Laudes.

208 1071 304 1133 Porro
332 1072 411 1131 dicte
437 1069 528 1130 verbe
555 1067 774 1130 Benedicomus
796 1071 926 1131 Domino
953 1071 1120 1131 recitantur
1148 1088 1167 1130 a

208 1155 393 1223 Sacerdote,
419 1169 475 1211 oon
498 1151 534 1210 ad
557 1152 731 1229 populum,
750 1153 802 1213 sed
825 1153 861 1212 ed
878 1153 983 1213 Altare
1004 1169 1163 1219 converso,

208 1238 252 1299 uti
276 1255 312 1298 ex
335 1231 498 1309 Miorologo
520 1230 593 1310 Cep.
618 1231 660 1292 to
682 1239 766 1294 notat
786 1233 959 1303 Gerantus,
982 1253 1018 1294 ea
1035 1235 1164 1302 ratione,

207 1319 278 1396 quie
301 1316 342 1377 ibi
366 1314 510 1393 peculiari
531 1313 621 1373 modo
645 1313 792 1378 Dominus
812 1317 918 1385 adest,
944 1334 960 1375 a
984 1334 1043 1392 quo
1064 1316 1167 1376 omnis

208 1398 275 1459 ioue
290 1399 385 1465 ritae,
404 1403 434 1457 el
450 1395 617 1456 benedictio
632 1397 779 1473 procedit.
797 1395 910 1458 Eadem
926 1397 1055 1475 denique
1070 1397 1167 1458 rerba

208 1481 369 1558 desumpta
391 1484 460 1537 sunl
480 1494 518 1536 ex
540 1475 633 1537 Sacra
654 1476 831 1556 Scriptura,
861 1479 907 1540 vel
932 1497 970 1537 ex
993 1479 1162 1556 Apostolo,

207 1563 257 1624 rel
280 1580 318 1622 ex
339 1559 520 1625 Psalmista,
546 1565 599 1618 aut
620 1577 659 1618 ex
679 1557 821 1629 Cantica,
852 1577 905 1621 seu
927 1557 1051 1639 Hymno
1072 1560 1169 1620 trium

208 1643 393 1705 Puerorum.
424 1641 469 1702 De
491 1639 623 1701 lormule
651 1639 851 1720 Requiescere
877 1642 907 1701 in
930 1660 1003 1718 pace
1029 1642 1170 1719 loquitur

208 1725 365 1788 Beletbus.
389 1723 507 1784 Dicitur
522 1738 558 1782 ee
581 1723 610 1780 in
625 1721 719 1783 Missa
741 1742 796 1801 pro
810 1723 976 1784 Delunetis.
1001 1721 1078 1782 Usus
1096 1739 1167 1784 eam

211 1805 331 1868 dicendi
347 1824 384 1866 ex
400 1802 462 1865 sole
478 1802 694 1863 consuetudine
707 1805 839 1881 generali
856 1811 943 1866 natus
957 1811 1015 1874 est,
1030 1806 1081 1864 vel
1096 1804 1172 1881 quie

192 1895 273 1972 *tole
297 1886 390 1948 Missa
406 1905 460 1966 pro
474 1883 631 1945 Defunctis
647 1885 677 1944 in
693 1903 731 1946 eo
745 1891 813 1958 est,
836 1891 870 1946 ut
885 1887 957 1964 ipsis
973 1904 990 1946 a
1003 1886 1069 1946 Deo
1083 1885 1171 1962 qirie·

210 1977 271 2032 tem
295 1973 457 2048 impetret3
488 1967 538 2026 rel
560 1967 632 2042 quia
658 1972 727 2043 post
748 1966 870 2027 Missam
901 1985 959 2027 non
979 1973 1047 2029 erat
1068 1967 1172 2027 dimit-

210 2053 319 2115 tendus
342 2049 494 2127 populus,
518 2047 569 2124 qui
591 2049 767 2110 remanebat
788 2049 825 2108 ed
847 2048 1011 2110 Cadaveris
1032 2048 1171 2123 sepultu-

209 2150 295 2204 ram,
312 2131 445 2208 aliasque
461 2146 565 2208 preces
581 2147 637 2207 pro
650 2130 807 2191 animabus
822 2129 1054 2191 Delonotorurn.
1071 2127 1169 2190 Porro

210 2215 262 2276 illa
284 2214 375 2276 verba
399 2210 600 2290 Requieecoot
614 2212 649 2270 in
658 2230 734 2290 paee
756 2229 791 2272 ee
812 2212 886 2272 dicit
908 2211 1056 2273 Sacerdos
1077 2227 1171 2272 versa

85 2330 92 2344 ·
209 2295 288 2356 facie
310 2297 346 2354 ad
369 2293 491 2363 Altare,
515 2293 587 2368 quia
610 2299 644 2352 ut
666 2298 752 2354 notat
771 2291 926 2354 Geranios
945 2311 1047 2354 sermo
1069 2297 1114 2352 eal
1130 2291 1170 2352 de

210 2377 404 2444 absentibus,
429 2375 569 2450 idemque
592 2373 740 2434 Sacerdos
763 2375 826 2451 ipse
847 2375 954 2435 recitat
978 2375 1072 2436 verba
1086 2389 1170 2437 sem·

209 2477 267 2539 per
289 2460 317 2517 in
340 2473 466 2518 nurnero
489 2455 618 2531 plurali,
647 2456 766 2515 etiamsi
790 2474 844 2533 pro
867 2473 927 2517 uno
956 2462 1072 2516 tantum
1093 2453 1167 2516 Mis·

211 2557 277 2602 sam
301 2537 453 2606 celebret,
478 2534 563 2613 cujus
586 2537 664 2597 ritus
686 2537 823 2597 meminit
844 2535 1007 2599 Durandus
1020 2539 1049 2596 in
1065 2535 1175 2598 Retio·

211 2623 279 2683 noli
299 2619 366 2683 Lib.
386 2618 427 2681 lv
442 2615 515 2695 Cap.
536 2616 575 2676 tl
589 2625 620 2678 et
635 2623 704 2678 ante
720 2619 817 2695 ipsum
837 2617 1007 2696 Stephanus
1021 2616 1175 2681 Educnsis

210 2703 249 2766 de
274 2701 466 2763 Sooromonto
488 2699 599 2760 Altaria
621 2697 696 2777 Gap.
721 2697 771 2760 18.

527 2862 656 2958 curun
677 2861 849 2925 xxxvn.

213 3047 257 3093 DE
278 3044 444 3092 nosram
465 3041 709 3097 beneolentiam,
726 3042 768 3086 Be
789 3039 972 3086 Beneuento
987 3037 1013 3082 S.
1031 3038 1171 3086 loannis.

255 3193 281 3254 Ι.
307 3189 440 3250 Dimisso
462 3189 572 3268 populo
595 3208 651 3267 per
672 3189 784 3250 rerba:
806 3185 851 3246 Ite
873 3182 966 3247 Mimo
988 3194 1039 3254 ert,
1064 3185 1113 3246 nel
1128 3184 1176 3245 di·

215 3281 264 3334 cto
294 3270 515 3334 Benedioemer
536 3269 687 3340 Domino,
716 3276 769 3331 aut
796 3266 997 3347 Requiescere
1021 3266 1056 3324 in
1075 3283 1176 3347 poce,

218 3351 551 3414 Sacerdosinolmatus
568 3352 597 3411 in
614 3353 716 3412 medio
737 3350 850 3410 biteris
872 3347 979 3409 recitat
999 3346 1179 3409 Orationem

217 3434 437 3508 incipientem:
461 3432 581 3494 Placent
602 3433 659 3492 libr·
677 3435 789 3496 Sancto
808 3428 956 3490 Trinitas.
979 3428 1085 3489 Oratio
1099 3428 1178 3494 brec

218 3515 248 3572 in
270 3514 519 3574 Sacramenleriis
547 3514 748 3575 benemullis
776 3518 844 3590 post
866 3508 1094 3573 Saeculum.lX
1124 3527 1177 3571 oc-

217 3597 328 3655 currit.
352 3594 444 3654 Extat
464 3595 535 3655 item
550 3619 552 3626 ,
566 3595 595 3654 in
617 3593 711 3656 Missa
731 3593 866 3674 lllyrici,
896 3597 928 3654 ct
949 3592 978 3651 in
1000 3590 1066 3651 aliis
1090 3589 1174 3669 apud
