2517 4059
431 193 492 255 ulls
514 184 554 245 63
575 191 637 255 tiit·

72 312 235 389 sumpsisse,
262 311 326 373 inse
349 312 455 389 probat
471 312 508 373 S.
533 310 709 373 Thomas-3
730 318 809 391 part.
832 316 948 389 quaest.
972 308 1011 371 st

71 393 150 452 art.l
175 394 222 453 ubi
246 394 334 453 alieri
356 396 566 455 auctoritatem
590 394 659 455 lliri
682 394 860 473 Hieronymi
878 392 1014 471 Epistola
1108 444 1114 460 ‚

73 474 124 532 150
145 474 184 533 ad
204 473 366 533 Hedibiam
389 494 440 553 qu.
472 475 492 535 2
515 476 664 537 Dominus
690 476 772 537 lesus
797 476 934 539 Christus
953 478 1014 552 ipre

70 555 214 624 comedens,
243 568 270 616 et
286 556 339 635 qui
352 558 534 623 comeditur:
558 566 649 635 atquo
670 559 743 619 illud
758 557 909 625 observat,
933 554 1014 631 quod

69 638 310 713 quemadmodum
326 644 486 716 antequam
502 638 597 701 lerret
610 640 802 717 Baptismatis
818 640 927 716 legem,
951 639 1014 715 ipso

68 720 149 779 voluit
169 719 327 795 baptizari,
352 720 393 779 ita
415 738 485 781 curn
501 718 643 799 Corporis
666 727 697 783 et
718 719 876 796 Sanguinis
897 719 943 779 sui
965 720 1009 778 in·

67 801 192 861 stituerel
206 800 450 870 Sacramentum,
476 820 534 863 non
558 804 642 879 prius
663 803 817 881 Apostolis
838 802 901 863 suis
915 799 1014 862 distri·

66 879 141 953 buit,
165 901 257 960 quam
282 885 344 960 ipse
367 884 422 943 sihi
444 889 590 945 sumeret.
616 882 744 945 Sanctus
766 882 899 943 Thomas
921 898 1014 957 quae·

66 970 96 1023 st.
117 962 154 1023 Sia
176 971 235 1024 art.
261 965 281 1023 7
303 964 341 1023 ad
364 961 382 1022 la
405 964 645 1034 Sacramentum,
669 968 722 1032 ait,
749 964 964 1025 Eucharistiae
985 970 1013 1021 et

64 1043 113 1123 ipsc
133 1048 281 1123 sumpsit,
309 1053 336 1104 et
358 1046 427 1106 aliis
453 1044 557 1114 dedit,
587 1056 653 1107 tum
678 1047 718 1107 ad
745 1040 1014 1107 commendandam

65 1129 261 1197 eccellentiam
277 1127 366 1207 hujus
384 1124 582 1195 Sacramenti,
601 1137 665 1187 tum
683 1127 822 1207 quiahoc
838 1134 1015 1192 Sacramen-

64 1217 116 1267 tum
130 1221 169 1269 ert
183 1208 357 1268 memoriale
377 1210 538 1287 passionis,
565 1209 601 1268 in
616 1229 677 1288 qua
695 1209 831 1273 Christus
847 1218 889 1271 cat
914 1208 1014 1271 scaen

65 1286 105 1349 dos
124 1302 148 1351 ct
173 1289 294 1351 Hostia.
319 1289 406 1363 Quod
429 1290 562 1351 declarat
583 1294 676 1351 etiam
699 1292 815 1352 Auctor
837 1290 961 1353 Glossae
984 1288 1013 1349 in

64 1368 146 1449 Capul
166 1370 206 1431 87
232 1372 301 1433 dist.
319 1371 342 1431 2
363 1371 398 1431 de
422 1372 649 1434 Consecratione
671 1371 719 1433 his
742 1373 901 1433 versibus:

138 1494 208 1555 Rea
232 1496 313 1555 sedet
335 1497 369 1555 in
390 1514 478 1555 caena
500 1498 589 1557 turba
610 1498 725 1557 ductus
746 1496 904 1563 duodena,

133 1578 167 1638 Sc
191 1588 272 1639 tenet
292 1580 326 1637 in
346 1579 493 1645 manitus,
517 1598 546 1639 re
569 1579 646 1639 cibat
666 1580 728 1659 ipse
748 1581 840 1639 cibus.
879 1641 885 1649 ,

65 1698 89 1760 S.
110 1702 327 1766 Beneventum
350 1704 541 1782 -Breviloquii
576 1703 698 1783 parili
729 1704 803 1781 Cap.
828 1702 846 1763 la
876 1720 944 1779 pag.
975 1698 1014 1761 Μ

68 1781 189 1845 Christus
203 1787 317 1863 inquit,
341 1786 488 1865 quaedum
502 1786 702 1849 Sacramenta
716 1785 850 1847 instituit
864 1783 1016 1843 initiando

67 1874 88 1922 et
105 1866 349 1936 consummando,
367 1877 392 1927 ct
418 1872 451 1927 in
472 1870 627 1945 semetipso
642 1867 838 1948 suscipiendo,
855 1875 890 1925 ut
909 1861 1017 1925 Sacra·

65 1958 181 2007 mentum
206 1948 369 2027 Baptismi,
388 1946 612 2018 Eucharistiae,
631 1959 659 2009 ct
679 1946 815 2009 Ordinis.
838 1944 919 2007 Haec
935 1946 1014 2005 enim

65 2027 115 2085 tric
135 2040 160 2091 et
177 2033 269 2109 plene
290 2030 436 2090 instituit.
455 2029 595 2107 Vasquez
619 2031 719 2091 lesum
734 2028 886 2090 Christum
916 2029 945 2087 in
970 2026 1016 2088 ul·

65 2108 124 2180 tima
141 2109 239 2171 Coena
265 2114 429 2187 sumpsisse
456 2111 708 2183 Eucharistiam,
733 2118 859 2173 testatur
881 2128 1016 2171 commu·

65 2206 123 2250 uem
138 2212 202 2253 esse
218 2194 410 2254 sententiam.
436 2192 520 2253 ldem
537 2193 719 2254 confirmant
732 2193 902 2255 Orientales
916 2191 1016 2253 Theo·

65 2268 129 2349 logi,
151 2292 285 2351 quorum
310 2276 479 2335 testimonia
503 2274 597 2335 reierl
618 2275 824 2336 Renaudolius
848 2274 885 2334 T.
909 2273 922 2334 l
947 2272 1015 2336 Col·

66 2351 183 2415 lectionis
207 2354 420 2433 liturqiarum
447 2353 654 2417 Orientalium
676 2375 743 2436 pag.
767 2355 838 2417 237.

419 2516 546 2595 uanus
570 2516 652 2580 vrn.

254 2697 298 2741 llll
321 2698 416 2741 rums
439 2698 544 2743 SEXTA
565 2698 597 2743 ln
619 2696 814 2741 Phissenia.

98 2838 163 2904 Dies
185 2846 243 2905 ista
267 2844 435 2920 appellatur
458 2842 635 2913 Parasceuc,
659 2842 717 2902 hoe
738 2845 785 2903 est
807 2843 1014 2918 praeparatio,

67 2922 199 2989 relatione
223 2926 329 2987 habita
352 2925 387 2988 ad
404 2927 588 2985 Dominicam
604 2923 769 2985 Paschatis.
795 2921 949 2986 Paschatis
965 2941 1017 2983 no-
1046 2940 1048 2945 ·

68 3004 134 3065 mine
156 3008 236 3067 hanc
260 3008 338 3067 diem
362 3008 493 3085 appellat
515 3006 731 3073 Tertullianus,
756 3005 834 3081 quod
857 3006 887 3063 in
909 3021 946 3063 ea
967 3002 1014 3064 le·

69 3100 108 3145 sus
120 3085 259 3149 Christus
281 3084 397 3149 Pascha
420 3094 554 3151 nostrum
578 3095 609 3148 et
630 3087 735 3166 Agnus
756 3086 929 3146 immolatus
950 3082 1015 3145 iue-

70 3166 113 3236 rit,
135 3175 326 3247 mortemque
349 3170 461 3232 Christi
484 3173 512 3229 in
535 3170 717 3244 ludaeorum
740 3167 884 3229 Paschate
906 3166 1015 3243 figura·

70 3250 121 3308 tum
137 3252 299 3331 respiciens
315 3252 453 3313 affirmat.
477 3250 718 3313 celeberrimam
742 3250 771 3309 in
785 3247 920 3309 Ecclesia
933 3249 1014 3307 diem

71 3322 134 3391 hanc
149 3334 280 3395 reddidit
301 3326 411 3395 Christi
429 3333 547 3393 Domini
561 3331 683 3407 Passio,
708 3350 798 3408 quam
819 3332 858 3391 ab
880 3331 950 3407 ipsis
964 3327 1013 3389 Fi-

73 3408 110 3470 dei
123 3414 308 3477 incunabulis
330 3414 473 3494 singulari
495 3414 624 3492 quadam
640 3413 835 3475 veneratione
856 3410 1012 3490 quotannis

72 3496 189 3557 recolere
206 3498 308 3559 solitos
323 3496 420 3571 fluisse
435 3495 620 3558 Christianos
636 3495 870 3572 haudquaquam
885 3493 1011 3553 dubium

72 3578 117 3645 est,
138 3596 206 3639 cum
227 3580 346 3641 disertis
368 3579 397 3638 id
413 3579 514 3641 verbis
535 3578 671 3639 adstruat
685 3573 832 3638 Eusebius
855 3577 886 3636 in
900 3574 965 3635 Lih.
983 3572 1012 3635 ll
1105 3593 1108 3598 ·
