2517 4059
481 251 542 313 m
563 240 625 302 eet
647 248 706 310 w·

112 371 288 451 Assyriam,
307 370 471 440 Persidem,
487 372 661 441 silentiam,
679 372 812 449 aliasque
827 364 969 434 finitimas
981 372 1071 435 Asiae

113 456 257 530 regiones
279 454 389 529 ingenti
413 471 537 513 numero
559 454 772 520 disseminati,
802 456 938 532 proprias
961 454 1071 517 babent

109 532 267 611 Liturgias
283 552 421 595 sermone
438 536 603 595 ebalidaico
626 552 683 595 non
700 533 827 594 multum
852 553 867 593 a
884 535 1007 597 Graecis
1029 538 1072 597 di·

108 622 299 694 screpantes,
322 618 351 675 iu
374 616 668 692 quibnsNestoriani
691 614 863 676 Nestorium
887 624 917 677 et
933 616 1072 679 Theodo·
1186 656 1189 662 -

109 696 226 758 dorum
251 699 518 777 lllopsrestcnunr3
542 698 692 759 lacobitae
720 702 820 759 aulem
846 697 1019 760 llioscorum
1042 705 1073 761 et

107 776 274 858 Eutychen
292 788 444 855 tamquam
467 778 591 839 Sanetos
604 782 742 839 invocant
757 782 788 838 ei
802 788 992 841 venerantur.
1008 778 1069 840 lla-

106 861 185 921 beni
206 863 296 922 etiam
319 861 443 920 Armeni
466 862 627 937 specialem
653 860 816 938 liturgiam
841 864 963 939 proprio
998 864 1069 921 idio·

108 949 221 1011 mate,
256 960 333 1019 qnae
354 942 393 1001 ab
414 943 568 1002 erroribus
591 944 725 1019 ipsorum
759 951 923 1020 expurgata
955 942 1069 1005 Romae

107 1041 223 1086 excusa
248 1023 305 1083 init
327 1023 489 1083 Armenice
510 1031 541 1084 et
564 1014 654 1083 latine
678 1023 756 1101 typis
778 1021 1069 1102 S.Cnngregationis

107 1105 149 1167 de
172 1104 364 1183 propaganda
388 1104 472 1174 Fide,
496 1106 599 1182 sicque
623 1104 813 1163 inscribitur:
840 1105 947 1168 Coelae
962 1110 1069 1187 Myste-

107 1188 156 1247 rii
177 1184 286 1249 Missae
309 1183 534 1257 Armeniorum,
569 1204 621 1246 een
643 1183 781 1264 Litnrpia
805 1184 949 1248 Armeno.
984 1188 1069 1250 Haec

107 1269 318 1329 Armenorum
344 1266 716 1347 liturgia'Graecanicum
741 1268 831 1327 ritum
862 1271 890 1329 in
914 1271 1068 1349 plerisque

107 1350 267 1411 imitatur:
290 1348 365 1408 adeo
381 1356 415 1409 ut
428 1349 521 1409 rerba
537 1349 686 1426 quaedam
704 1366 811 1425 graeca
828 1351 857 1409 in
873 1370 909 1412 ea
926 1370 1067 1429 parman-

107 1434 216 1493 serint.
241 1431 336 1490 blnlta
358 1430 395 1489 de
417 1428 633 1491 Armeniorum
658 1430 812 1507 religione,
836 1438 867 1492 el
888 1434 1066 1494 haeresibus

106 1510 250 1574 Clemens
271 1510 403 1571 Galanus
424 1513 542 1589 scripsit
563 1514 652 1572 tomis
668 1514 763 1571 tribus
787 1509 898 1573 Romae
921 1516 1008 1575 editis
1030 1515 1066 1575 dc

108 1594 189 1655 illius
204 1593 358 1654 Ecclesiae
370 1610 437 1651 cum
451 1591 586 1653 liomaua
602 1593 820 1653 conciliatione.
831 1595 1065 1667 Eucharistiam,

107 1676 156 1736 uti
178 1694 215 1735 ex
239 1694 343 1737 eorum
367 1673 510 1751 liturgiis
532 1680 615 1752 patet
638 1676 666 1733 in
690 1674 804 1753 azymis
826 1676 998 1737 conficiunt.

151 1756 191 1817 ll.
217 1757 355 1836 Aegyptii
389 1754 549 1832 Coplrtitae
582 1773 620 1816 ex
642 1755 826 1821 duodecim,
858 1775 932 1833 quas
956 1758 1067 1819 babent

108 1836 264 1915 Liturgiis,
288 1846 349 1898 tres
372 1842 505 1907 tautum,
532 1839 561 1896 iu
584 1854 673 1911 suum
697 1854 783 1897 usum
808 1848 996 1917 receperunt.
1020 1838 1066 1897 vi-

109 1919 219 1980 delicet
239 1919 271 1979 S.
296 1918 408 1989 basilii,
432 1936 523 1993 qrram
547 1920 576 1977 in
599 1917 663 1977 dies
686 1920 833 1990 recitant,
858 1919 888 1981 S.
912 1919 1062 1999 Gregorii,

108 2018 200 2077 quam
216 2000 392 2067 Dominicis,
409 1998 535 2075 aliisque
551 1994 781 2059 solemnioribus
796 2001 878 2062 lestis
901 2007 1063 2081 usurpant,

109 2086 141 2141 el
163 2083 194 2142 S.
211 2082 327 2161 cyrilti,
351 2098 442 2159 quam
466 2097 519 2156 per
533 2080 816 2157 Quadragesimam,
836 2082 990 2161 {ejunium
1005 2084 1064 2143 Na·

108 2163 176 2223 ielis
200 2161 329 2232 Domini,
353 2168 385 2222 et
407 2162 435 2221 in
457 2164 746 2222 commemoratione
773 2162 988 2226 Deluuctorum
1012 2164 1063 2226 ad-

109 2243 226 2304 bibeut.
250 2246 390 2323 Coptieae
406 2244 536 2303 similem
552 2244 805 2304 Missam-babent
821 2245 986 2325 Aethiopes
1000 2249 1063 2308 sire

107 2324 260 2406 Abyssini,
286 2331 415 2401 utraque
436 2325 516 2391 enim
541 2322 677 2386 Ecclesia
700 2325 858 2405 Aegyptia.
883 2336 913 2388 et
935 2329 1062 2389 Aetlrio-
1129 2330 1133 2339 ‘

108 2407 173 2483 pica
195 2427 212 2467 a
234 2406 412 2476 Patriarcba·
424 2402 628 2467 Alexandrino
652 2408 727 2466 ritus
742 2403 856 2485 Coptici
871 2410 942 2469 olim
967 2411 1062 2470 admi·

109 2488 256 2559 nistrata,
279 2494 310 2547 ei
332 2488 437 2547 iisdem
460 2486 524 2547 lere
546 2489 742 2549 caeremoniis
764 2489 876 2551 imbuta
899 2491 966 2551 luit.
990 2490 1062 2551 Olli-

108 2568 155 2627 cia
178 2570 277 2629 divina
300 2568 412 2645 Lingua
430 2567 606 2645 Aethiopica
629 2569 845 2630 celebrantia
869 2570 979 2632 lexico
1002 2572 1062 2633 lle·

108 2648 243 2726 lbiopico
264 2650 327 2711 lobi
343 2647 460 2711 Lurlolfi
475 2649 555 2709 edito
568 2650 693 2710 Londiui
712 2657 778 2728 post
795 2649 958 2727 Epistolam
976 2671 1061 2731 prae-

106 2730 278 2793 liminarem
300 2731 420 2792 loannis
443 2728 599 2791 Michaelis
614 2732 783 2799 Wanslebii
807 2739 893 2799 errat,
909 2732 1062 2796 ludiculus

107 2812 256 2877 librorum
279 2811 363 2872 MSS.
383 2810 643 2888 Aethiopicorum,
668 2810 797 2889 otiorum
822 2814 937 2890 primus
952 2822 998 2875 cst
1013 2815 1062 2874 li·

108 2893 163 2953 ber
186 2893 389 2969 Liturgiarum
414 2893 442 2951 iu
458 2911 519 2968 quo
540 2899 611 2953 sunt
624 2894 729 2953 decem
746 2893 910 2971 liturgiae.
925 2894 1010 2955 'Sunt
1031 2902 1062 2957 et

107 2976 186 3035 aliae
207 2981 309 3052 gentes
331 2973 528 3051 peculiaribus
559 2983 591 3034 et
611 2976 737 3035 divorsis
760 2981 876 3036 utentes
899 2975 1057 3054 Liturgiis,

107 3057 159 3116 sed
175 3063 209 3117 ni
222 3059 312 3115 verba
327 3072 468 3132 usrupem
480 3052 644 3133 Niceplrori
660 3054 772 3117 Callisti
785 3055 851 3117 lib.
864 3056 912 3117 lle.
927 3054 1000 3135 Cap.
1019 3056 1059 3117 et

106 3138 194 3197 valde
216 3138 289 3197 mibi
314 3137 517 3201 laboriosum,
541 3142 572 3195 et
592 3136 711 3197 dillicile
733 3146 812 3199 esset
833 3138 984 3199 variantes
1006 3156 1059 3215 per

107 3219 198 3280 urbes
213 3226 245 3280 et
267 3221 401 3297 regiones
422 3234 528 3277 omues
544 3214 746 3278 Ecclesiarum
771 3218 920 3298 liturgias
934 3231 1060 3281 enume-

107 3317 176 3361 rare
197 3307 229 3361 et
244 3299 463 3377 praescribere.
487 3298 641 3359 Abrabam
655 3296 859 3361 Eccbellensis
881 3302 909 3361 in
925 3301 1001 3362 notis
1022 3300 1060 3363 ari

107 3380 290 3458 Catalognm'
307 3378 480 3441 Heberliesn
504 3398 572 3459 pag.
599 3379 659 3440 lbi
682 3382 831 3443 numerari
853 3382 896 3443 ait
916 3382 1002 3459 apud·
1017 3380 1058 3442 0-

107 3464 211 3524 ricntis
230 3459 414 3523 Christianus
436 3467 539 3538 gentes
559 3477 651 3538 supra
673 3462 886 3541 quinquaginta
909 3462 1059 3543 Liturgins

107 3546 217 3622 parlim
233 3559 421 3613 communes,
438 3543 547 3619 partim
560 3543 697 3621 proprias
712 3544 897 3622 singularum
910 3546 1055 3624 geni-ium.

106 3624 312 3705 liturgiarum
329 3622 541 3692 Orientalium,
565 3639 639 3701 quas
654 3623 800 3687 hactenns
816 3628 1054 3704 percensuimus,
