2517 4059
530 247 756 319 subidit&-

159 394 242 455 quae
264 376 349 436 nobis
370 394 388 435 a
410 375 573 437 Nativitate
594 376 663 437 lesu
685 374 795 437 Christi
819 377 1023 454 proveniuut3
1055 379 1120 433 tum

158 458 220 519 Ilei
241 455 462 534 omnipotentis
484 460 706 534 investigabiles
727 459 803 528 rias,
826 463 1042 532 aeternumque
1070 454 1121 515 de-

158 546 281 601 cretum
305 541 343 600 de
364 539 571 601 incarnatione
587 540 662 601 *Filo
685 541 754 609 sui,
789 559 857 601 cum
880 540 969 599 ctiam
995 537 1120 597 moralia

158 622 343 683 documenta
365 622 401 680 ad
424 622 662 683 aedificationem
685 628 838 689 nostram,
863 628 898 681 ut
918 628 1034 680 tantum
1056 618 1119 697 My·

158 705 291 765 sterium
306 721 375 763 cum
392 703 493 763 lructu
511 704 649 765 meditari
666 705 832 765 valeamus.
857 701 902 761 Ad
926 705 1046 762 tertium
1061 696 1121 757 No·

158 791 305 847 cturnum
322 784 461 861 leguntur
475 785 626 847 Homillae
648 804 738 865 super
753 787 844 846 trium
862 780 952 859 hujus
975 783 1032 842 diei
1047 781 1119 841 Mis·

158 884 268 929 sartam
291 864 465 941 Evangelia.
488 887 565 945 quae
588 886 681 944 pauca
705 868 755 927 hic
777 864 943 927 adnotanda
960 864 1114 923 exhibent.
1199 880 1202 887 ’

158 947 200 1010 ln
221 946 354 1008 Homllia
375 946 406 1007 S.
430 950 566 1028 Gregorii
589 955 714 1029 apparet
737 967 801 1008 mos
824 947 939 1007 dicendi
964 952 1023 1005 tres
1047 944 1118 1003 lllis·

160 1048 215 1091 sas
229 1030 379 1091 solemnes
400 1030 429 1091 in
447 1032 502 1091 boc
517 1030 618 1092 Festo.
645 1030 677 1090 ln
692 1029 823 1091 Homllla
848 1028 878 1090 S.
896 1026 1047 1087 ambrosii
1062 1022 1119 1083 Na·

159 1113 265 1173 linitas
279 1110 348 1171 lesu
365 1110 477 1172 Christi
494 1112 706 1174 incunabulum
723 1119 849 1171 uocatur
866 1108 1029 1175 Ecclesiae,
1043 1122 1119 1183 quae

159 1211 234 1255 cum
257 1191 419 1254 Nativitale
441 1194 605 1255 Salvatoris
628 1195 755 1272 sumpsit
776 1194 932 1253 exordium
949 1188 1119 1251 Natiuitatis

157 1294 246 1344 suae,
269 1273 401 1335 Humilia
422 1274 454 1335 S.
472 1278 630 1353 Augustini
643 1274 744 1335 lrrmat
760 1281 863 1335 contra
880 1275 1008 1335 Arianos
1024 1268 1118 1332 Verbi

158 1355 314 1417 lucarnati
331 1356 517 1417 divinitatem
533 1365 564 1419 et
584 1357 806 1419 aeternitatem.
831 1355 864 1416 ln
881 1355 1044 1416 Ordinibus
1057 1351 1118 1412 Ro·

159 1440 262 1499 manis
283 1436 420 1499 Pontifex
435 1438 507 1516 legit
529 1441 664 1501 ultimam
687 1438 872 1501 Lectionem.
895 1438 996 1497 dicens
1019 1437 1116 1513 primo

158 1518 235 1581 Irrbc
250 1520 379 1579 Domine
401 1520 590 1590 benedicere,
615 1529 645 1582 et
667 1521 764 1582 solum
788 1520 985 1596 respondetur
1008 1516 1114 1577 Amen.

159 1600 199 1663 In
223 1601 377 1679 plerisque
397 1600 568 1663 Ordinariis
589 1609 733 1680 apparet,
758 1602 795 1661 ad
817 1602 971 1678 quodlibet
992 1599 1117 1660 Noctur-

159 1701 236 1743 num
258 1682 393 1744 adbiberi
416 1685 593 1755 incensum.
617 1685 763 1745 incensari
787 1683 889 1744 Altare
911 1690 942 1744 et
963 1681 1115 1751 Cborum3

159 1766 221 1826 tria
243 1762 406 1841 Evangelia
428 1783 497 1826 cum
513 1767 576 1827 suis
597 1763 738 1826 Homiliis
760 1766 818 1825 dici
841 1762 974 1826 acc'ensis
997 1763 1117 1825 lumini-

158 1847 220 1908 bus
241 1864 310 1906 cum
332 1846 572 1917 incensentur
593 1848 621 1906 in
638 1848 742 1916 Missa,
766 1848 951 1907 adstantibus
963 1846 1115 1915 Diaconis,

159 1927 381 1996 Subdiaconis‚
404 1930 574 2004 ceterisque
596 1928 707 1990 ditaris
729 1918 883 1989 blinistris.
914 1928 945 1989 ln
968 1926 1117 2005 plerisque

159 2010 330 2071 Ordinarlis
352 2008 487 2077 Galliae.
512 2011 540 2069 in
562 2008 621 2071 line
644 2012 725 2073 tertii
749 2010 941 2087 Responsorii
969 2008 1117 2089 cujusque

159 2090 309 2153 Nocturni
331 2092 506 2153 dicebantur
521 2091 711 2158 Prosaeaul
723 2091 851 2171 Hymni,
869 2099 899 2153 et
913 2108 986 2171 prae
1009 2091 1118 2151 celeris

158 2172 189 2234 Α
203 2174 280 2244 Solia
301 2170 392 2240 Orto,
416 2174 467 2250 qui
489 2176 519 2233 in
535 2179 596 2234 tres
618 2181 720 2250 parles
742 2174 942 2241 dividebatur,
967 2179 997 2233 et
1019 2172 1120 2251 singu·

158 2256 207 2319 lae
229 2255 354 2333 singulis
368 2254 529 2316 Nocturnis
544 2256 757 2317 inserviebant.
782 2255 923 2317 Testatur
947 2255 1039 2315 Divus
1055 2256 1118 2315 Au·

159 2339 298 2416 guslinus
322 2334 462 2397 Sermone
478 2336 539 2397 172
560 2340 590 2397 in
614 2337 729 2406 Africa,
753 2344 888 2415 tempore
911 2356 976 2405 suo,
1001 2337 1115 2397 cantari

160 2420 357 2479 consuevisse
379 2418 438 2479 hac
461 2425 546 2480 nocte
570 2418 709 2498 Hymnos
735 2418 766 2479 S.
791 2419 943 2479 Ambrosii
972 2421 1001 2478 in
1025 2418 1119 2479 bono·
1179 2448 1181 2453 .

159 2519 225 2563 rem
241 2498 414 2561 Natiuitatis
429 2500 497 2561 lesu
510 2498 637 2561 Christi.
662 2499 695 2561 ln
717 2502 898 2578 quibusdam
912 2499 1055 2560 Ecclesiis
1074 2499 1119 2558 le·

159 2585 309 2662 gebantur
324 2587 454 2656 quatuor
468 2581 628 2661 Evangelia
645 2589 676 2642 et
689 2589 819 2659 quatuor
830 2581 992 2651 Homiliae,
1011 2597 1118 2657 nempe

160 2667 219 2725 tria
241 2664 417 2733 ordinaria,
450 2671 480 2724 et
502 2670 643 2741 quartum
666 2671 732 2725 erat
764 2662 926 2723 Generalio
953 2662 1118 2727 secundum

158 2746 351 2807 Matthaeum
373 2763 441 2805 cum
464 2744 596 2806 Humilia
618 2745 648 2806 S.
666 2746 859 2823 Hieronymi.
884 2743 998 2806 Romae
1019 2750 1119 2805 relen-

160 2833 279 2903 tusest
302 2827 359 2887 bac
391 2826 439 2885 die
461 2830 601 2903 antiquus
623 2845 696 2887 usus
719 2828 876 2901 separandi
899 2827 1079 2889 lllatutinum
1102 2844 1120 2885 a

159 2906 327 2969 Laudibus.
351 2909 420 2969 Post
446 2906 482 2969 Te
499 2910 595 2971 Deum
618 2909 728 2969 dicitur
743 2908 871 2971 Collecta
894 2907 951 2967 dici
979 2926 1048 2967 cum
1062 2904 1120 2965 Be-

159 2990 349 3053 rrcdiconsos.
373 2990 513 3051 Monacbi
536 2990 567 3050 S.
586 2990 719 3069 Dionysii
743 2992 771 3050 in
794 2988 890 3051 Gallia
911 2997 978 3067 post
1000 2988 1119 3049 lllatuti-

160 3091 235 3133 num
253 3071 455 3150 procedebant
475 3073 511 3132 ad
534 3074 629 3134 imum
654 3071 807 3133 Ecclesiae
830 3070 926 3133 locum
950 3071 986 3131 ad
1010 3069 1120 3131 lacien-

129 3180 134 3187 ·
159 3152 229 3215 dam
252 3153 413 3215 stationem
435 3155 471 3213 ad
488 3153 621 3232 Virginis
638 3154 795 3224 sacellum,
818 3158 983 3223 cantantes,
1008 3151 1119 3213 Sancto

159 3246 188 3297 ct
204 3235 409 3297 immaculato
427 3234 655 3316 Virpinitos.·ln
672 3236 821 3312 aliquibus
843 3233 994 3305 Ecclesiis,
1010 3250 1119 3310 nempe

157 3316 407 3391 Rotomangensi,
430 3318 570 3379 llemeusl
591 3324 623 3378 et
644 3317 823 3383 Turonensl‚
849 3323 914 3395 posl
935 3316 1118 3377 Matutinum

159 3398 253 3460 fiebat
273 3397 427 3465 Officium,
451 3400 531 3476 quod
553 3399 759 3478 appellabatur
785 3396 921 3481 Officium
944 3397 1117 3466 Pastorum,

158 3488 191 3544 et
204 3482 288 3541 ibant
304 3481 339 3540 ad
355 3479 562 3558 Prooemium,
579 3483 659 3558 quod
682 3500 698 3541 a
716 3488 800 3557 tergo
815 3480 926 3541 Albanis
941 3479 1116 3557 parabatur.

200 3559 255 3623 lll.
282 3562 481 3640 Exploratum
497 3569 555 3632 est,
580 3564 791 3624 vetustissimis
808 3564 995 3640 temporibus
1017 3564 1119 3641 plures

158 3644 325 3705 abeodem
348 3642 511 3705 Sacerdote
532 3644 640 3705 blissas
667 3644 816 3706 celebrari
849 3646 877 3704 in
899 3644 1047 3720 aliquibus
1074 3660 1118 3701 so·
