2517 4059
551 216 610 276 oete
633 204 774 273 350&-

194 331 306 400 cubus,
330 348 432 394 earum
455 352 575 395 omnem
598 333 810 411 turpitudinem
833 332 953 412 detegit,
978 332 1146 411 libentique

193 415 294 475 animo
316 416 423 491 repetit
444 434 499 477 sua
520 434 551 476 se
572 418 660 494 culpa
675 433 825 493 peccasse.
839 413 909 476 Moe
930 416 1066 475 noema
1079 419 1144 476 cal·

188 514 243 574 po.
268 495 306 556 Se
328 500 449 557 omuino
470 516 556 559 reum
579 498 746 576 profitetur,
762 498 901 575 spectatis
924 498 1060 576 propriae
1074 516 1145 558 eon

193 578 337 639 scientiae
359 579 495 649 stimulis,
520 581 653 650 rationis,
677 585 708 640 et
729 578 798 640 hdei
824 579 948 650 lumine,
971 580 1146 657 sanctisque

192 660 292 721 Dirini
314 660 449 721 Numinis
471 662 630 731 afflatibus,
648 660 756 739 quibus
777 680 795 721 a
815 667 939 740 peccato
961 662 1069 721 abduci
1090 662 1145 722 de·

190 741 310 803 buerat.
335 741 403 801 ldco
419 761 528 823 precor
549 755 602 804 otc.
626 743 704 817 Quia
726 760 798 821 ergo
819 744 920 822 gravia
942 742 1145 821 deliquimus,

193 825 263 902 quia
285 826 474 887 excusatione
497 844 644 895 caremus,
667 826 738 903 quia
760 827 924 901 patrocinio
945 825 1140 903 indigemus,

192 911 353 983 propterea
375 907 569 969 Beatissimae
601 926 720 984 semper
752 907 882 985 Virginis
903 906 1041 974 Mariae,
1064 925 1144 984 quae

192 986 290 1048 Mater
312 996 421 1057 nostra,
445 998 475 1050 et
496 990 718 1050 Misericordiae
740 988 838 1050 Mater
859 995 916 1060 est,
939 987 969 1049 S.
984 989 1145 1049 Michaelis

192 1068 392 1148 Archangeli,
415 1071 446 1131 S.
470 1070 589 1133 loannis
610 1071 761 1149 Baptistae
783 1070 959 1153 Sanctorum
982 1070 1144 1149 Apostolo-

191 1168 259 1211 rum
283 1150 361 1213 Petri
384 1158 414 1212 et
434 1151 530 1224 Pauli,
544 1154 673 1230 denique
695 1153 870 1214 Sanctorum
892 1153 1026 1213 omnium
1049 1170 1142 1229 opem

192 1234 336 1294 auxilium
358 1232 506 1312 fidemque
529 1236 738 1313 imploramus.
755 1234 852 1296 Vetus
867 1232 1017 1295 Ecclesiae
1032 1234 1147 1295 Sacrae

192 1313 364 1392 Scripturae
386 1317 562 1378 auctoritate
585 1319 655 1378 nixa
675 1335 795 1394 semper
817 1317 1011 1393 Angelorum,
1036 1317 1145 1376 Eeato·

191 1414 319 1474 rumque
348 1400 376 1457 in
400 1395 495 1457 Caelis
523 1417 592 1459 cum
614 1397 735 1459 Christo
765 1400 953 1476 regnantium
975 1398 1144 1459 subsidium

192 1479 331 1541 invocare
353 1480 529 1551 consuevit,
554 1490 588 1541 ut
610 1481 687 1558 apud
709 1480 805 1541 Deum
837 1498 869 1540 se
897 1481 979 1539 uobis
1000 1484 1147 1558 patronos

193 1560 363 1622 exhibeant.
388 1559 429 1621 Et
456 1580 506 1623 noc
525 1566 647 1642 [ratres.
671 1561 832 1639 Postquam
855 1562 1001 1623 Sacerdos
1021 1562 1142 1621 Trium-

192 1644 312 1722 phantis
334 1642 486 1705 Ecclesiae
508 1645 651 1705 auxilium
673 1649 704 1703 et
724 1662 828 1722 preces
851 1645 1030 1721 imploravit,
1049 1662 1081 1704 se
1104 1644 1144 1703 ad

192 1744 262 1787 suos
284 1743 403 1802 quoque
425 1726 534 1787 iratres
549 1726 707 1794 convertit,
725 1728 777 1803 qui
800 1732 902 1802 utpote
918 1724 1070 1803 conjuncti
1086 1727 1144 1785 mi·

193 1809 326 1870 litantem
349 1806 512 1868 Ecclesiam
528 1807 673 1870 referunt.
692 1805 810 1869 Fideles
825 1811 953 1886 semper,
970 1826 1004 1867 ac
1020 1806 1050 1868 S.
1069 1802 1143 1868 Pau-

192 1891 238 1951 lus
260 1890 323 1966 ipse
343 1891 508 1951 viventium
532 1908 635 1969 preces
658 1890 819 1967 implorare
840 1894 1069 1951 consueverunt.

233 1971 288 2032 lll.
312 1971 416 2045 Quoad
439 1973 560 2033 modum
591 1970 683 2050 hujus
704 1970 902 2033 Conlessionis
924 1973 1024 2033 varius
1046 1973 1144 2031 estin

191 2054 343 2132 plerisque
366 2054 449 2113 locis.
463 2053 496 2115 ln
519 2052 652 2114 Ecclesia
666 2053 827 2115 Rhemensi
842 2052 1004 2115 Celebrans
1026 2070 1146 2113 assum-

191 2137 251 2213 ptis
274 2136 302 2194 in
324 2136 460 2196 Sacrario
482 2138 638 2204 vestibus,
663 2135 703 2194 ibi
725 2143 793 2196 ante
815 2134 978 2215 Imaginem
998 2133 1145 2195 Crucifiri

191 2215 339 2294 profunde
361 2216 516 2278 inclinatus
537 2215 759 2278 Conlessionem
787 2218 860 2280 lacit
880 2236 948 2278 curn
970 2217 1141 2285 Ministris‚

192 2315 252 2375 qua
274 2306 394 2375 peracta
417 2298 553 2360 Chorum
575 2299 753 2378 ingreditur;
772 2306 833 2361 tum
857 2299 1001 2360 Sacerdos
1017 2305 1097 2359 stans
1112 2299 1142 2357 in

191 2380 291 2440 medio
312 2381 449 2461 ejusdem
464 2377 553 2441 Chori
571 2381 716 2459 profunde
731 2400 763 2441 se
779 2381 897 2442 inclinat
911 2382 1017 2450 Alteri,
1035 2381 1145 2441 deinde

191 2462 268 2523 iacie
291 2463 327 2522 ad
348 2461 480 2523 Chorum
503 2479 646 2524 conversa
662 2463 744 2523 dicit:
766 2461 855 2523 Orate
873 2481 929 2540 pro
949 2482 994 2523 me
1015 2461 1143 2538 [cetrae.

169 2583 172 2588 .
194 2553 221 2604 et
243 2564 293 2623 eqo
312 2564 368 2625 pro
390 2546 496 2613 cobts;
517 2564 587 2605 mox
608 2546 645 2605 ad
668 2545 771 2606 Altare
799 2562 959 2606 conversus
987 2546 1016 2604 in
1039 2542 1143 2605 intimo

192 2628 285 2703 gradu
308 2632 399 2697 stans,
426 2628 557 2705 itemque
579 2627 725 2704 profunde
746 2627 902 2689 inclinatus
924 2627 1019 2688 dicit:
1044 2624 1145 2703 Aufer

193 2726 211 2767 α
233 2708 313 2767 nobis
334 2707 460 2769 Domine
482 2719 532 2770 etc.
557 2710 677 2772 demum
701 2710 837 2769 manibus
851 2709 960 2789 junctis
981 2726 1073 2787 super
1089 2708 1145 2768 Al—

194 2797 258 2852 tare
279 2790 361 2850 dicit:
389 2788 517 2851 Oramus
539 2802 566 2853 tc
590 2800 641 2852 etc.
667 2792 749 2851 utin
771 2789 884 2851 Ordine
906 2790 1024 2852 Missae.
1047 2790 1144 2850 Eum-

192 2872 260 2932 dem
282 2871 479 2933 Conlessionis
500 2874 621 2934 modum
645 2881 745 2935 servat
765 2871 898 2933 Ecclesia
922 2872 1141 2933 laudunensis.

190 2954 307 3015 Rursus
328 2955 468 3016 eumdem
491 2962 682 3033 sequuntur,
707 2955 777 3015 lieet
797 2956 1016 3032 aliquantulum
1042 2955 1144 3015 diver-

192 3054 271 3106 sum,
295 3037 435 3098 Monaohi
456 3036 685 3107 Cluniacenses,
707 3044 737 3098 et
758 3036 947 3098 Carthusiani
969 3036 1142 3110 generalem

192 3115 412 3179 Conlessionem
445 3125 513 3179 aute
541 3119 651 3196 gradus
667 3118 785 3178 'Altaris
816 3136 833 3178 a
857 3125 939 3196 parte
962 3116 1142 3195 Evangelii,

191 3217 280 3261 versa
302 3199 377 3260 lacie
408 3200 444 3260 ad
467 3201 612 3264 Austrum
636 3206 781 3278 peragunt
812 3202 875 3261 sine
897 3200 1004 3267 Stolo,
1027 3206 1059 3261 et
1079 3202 1145 3261 sine

193 3279 299 3343 Casula
323 3278 443 3361 (utpote
464 3301 542 3359 quae
564 3285 633 3344 suut
654 3282 838 3343 innocentiae
866 3288 897 3344 et
918 3282 1072 3343 eharitatis
1093 3300 1144 3342 or-

195 3361 343 3443 namenta)
356 3371 386 3425 et
399 3364 466 3425 ideo
477 3382 528 3425 eas
543 3381 698 3425 assumere
713 3382 770 3425 non
785 3370 990 3442 praesumunt,
1007 3365 1064 3424 nisi
1078 3371 1146 3443 post

193 3452 344 3523 peractam
372 3446 555 3524 praedictam
576 3444 822 3514 Conlessiouem‚
851 3454 882 3509 et
912 3447 968 3505 nisi
995 3446 1145 3508 mediante

195 3527 259 3604 ipsa
292 3525 402 3588 luerint
431 3527 495 3588 Deo
517 3527 720 3597 reconciliati,
754 3529 888 3609 exemplo
908 3527 1062 3589 Publiceni
1080 3536 1095 3596 ,’
1112 3535 1145 3588 et

197 3608 401 3695 Magdalenae‚
426 3626 554 3687 quorum
577 3608 690 3672 altera
712 3611 797 3690 longe
820 3618 924 3683 stans,
950 3608 1066 3673 nolebat
1088 3624 1144 3670 nee
