2517 4059
465 272 469 277 .
546 180 773 251 «ιιιιιιιι

171 312 264 371 ..sicat
284 309 346 387 ipsa
365 321 527 385 praestas,
552 306 691 367 Romana
716 307 813 368 Caria
834 326 896 369 aaa
916 308 1065 373 inlitam
1079 350 1087 377 ,
1100 311 1149 377 ‚ia

189 389 369 455 cathedrali
394 387 526 452 Ecclesia
542 388 701 466 Anapuiaa
716 390 785 469 fieri
804 390 880 449 ciali.
898 389 938 449 At
961 393 989 449 in
1006 393 1070 467 ipsa
1085 391 1146 451 Ra·

185 490 273 533 maua
296 469 376 531 Urbe
402 470 583 548 jamdudum
613 474 803 531 testivitatem
831 471 915 531 lianc
945 472 1036 533 luisse
1066 476 1147 537 oete-

183 554 315 617 irratam
339 570 379 611 ex
399 554 510 613 Ioanne
533 552 571 611 de
595 551 737 629 Bac-ipone
760 553 916 626 perspicue
938 555 1145 627 assequimur

178 633 269 696 Haec
292 634 343 692 ille
366 635 492 693 scribit:
517 631 640 693 Publica
665 632 721 712 liu
743 631 790 694 IV
812 630 942 693 Sentent
968 634 1103 695 distinct·
1125 635 1149 693 2

183 726 297 795 quaest
316 712 363 776 ll'
380 721 440 776 art.
457 713 496 793 3)
520 723 548 772 et
572 715 720 795 diuturna
743 715 951 775 causaretudiaa
967 717 1147 791 celebratum

183 810 225 859 ast
244 800 300 858 toc
322 794 476 856 Festum
463 815 497 854 rc
515 797 612 859 Caria
620 726 786 855 Ra.mauu
811 798 886 857 Aliis
908 816 1028 872 piraque
1052 800 1080 856 iu
1105 798 1145 857 lo-

183 881 226 939 cis
254 896 290 939 aa
319 879 481 951 provinciis
512 895 580 937 earu
614 878 834 942 testivitatem,
864 884 1023 953 arilepuam
1050 879 1145 939 etiam

182 961 284 1023 Sirius
306 956 348 1017 lV
370 957 524 1017 llomanus
552 957 690 1017 Pontifex
712 958 899 1034 eligeretur.
922 978 959 1019 ex
982 967 1146 1019 cousuetu-

182 1040 440 1106 dinamidiarum
470 1038 676 1099 Ecclesiarum
704 1040 864 1099 celebrari
886 1038 1047 1117 Postquam
1072 1059 1146 1101 vero

181 1124 283 1185 Sirius
309 1120 350 1180 lV
373 1120 513 1180 Officium
541 1138 558 1178 a
582 1119 732 1197 Nagarolo
764 1121 962 1197 carniposlium
996 1124 1147 1199 approba·

184 1206 256 1273 vit,
279 1203 488 1277 concessisque
504 1202 717 1279 indulgentiis,
741 1202 777 1259 ad
804 1202 876 1261 illud
900 1206 1085 1264 recitandum
1110 1202 1149 1261 fi-

184 1285 268 1345 deles
291 1285 450 1347 invitavit,
474 1284 571 1345 crevit
594 1285 724 1342 maxime
748 1284 776 1340 iu
798 1301 835 1341 eo
857 1284 1036 1344 celebrando
1073 1284 1148 1344 sadd-

185 1366 259 1425 lium
282 1366 464 1441 conspiratio
486 1382 522 1423 ac
543 1382 717 1427 consensus
734 1362 874 1425 Ceterum
899 1367 1048 1441 insequuti
1070 1366 1147 1425 Pon·
1180 1414 1193 1431 .

185 1446 279 1509 tifices
300 1449 399 1505 omnia
421 1448 532 1505 eximio
554 1448 654 1506 studio
687 1446 908 1513 adhibuerunt,
932 1450 1041 1523 acribus
1070 1446 1145 1509 Con·

184 1534 289 1614 ceptae
311 1528 459 1605 Deiparae
481 1527 595 1587 cottum
619 1528 693 1587 sixti
725 1527 904 1587 auctoritate
934 1548 969 1589 ac
1001 1529 1146 1604 religione

183 1608 372 1678 stabilitum,
395 1609 581 1685 splendidius
604 1613 769 1674 ornarent
800 1610 975 1685 pleniusque
1006 1628 1146 1671 comaru-

185 1694 297 1753 nirent.
322 1690 512 1751 lunocsnlios
534 1688 604 1750 Vlll
627 1689 842 1749 Constitutione
865 1689 952 1750 luter
982 1692 1147 1751 iuriamtra

184 1774 282 1851 pridie
304 1770 454 1833 Kalendas
486 1769 559 1847 Maij
583 1769 663 1830 rasa
684 1754 813 1830 Beatrioi
851 1772 887 1831 de
912 1770 989 1832 Silva
1023 1791 1147 1833 coacces-

183 1856 249 1922 sit,
273 1860 308 1914 ut
330 1872 421 1915 ιιιιιιιιι
445 1854 660 1915 monasterium
684 1854 814 1925 erigeret
841 1853 875 1911 iu
891 1854 1049 1923 vtoaoran,
1069 1853 1148 1917 Coae

183 1935 327 2014 captionis
349 1934 459 1994 Beatos
481 1931 602 1993 Mariae
628 1934 782 2011 Virpt'oa's
807 1931 935 2010 ejusque
964 1927 1148 1997 Moiiielibus

185 2018 358 2092 praecepit,
393 2016 586 2075 utomuibus
608 2016 715 2075 diebus
748 2032 932 2107 perannum
970 2016 1052 2077 iestis
1086 2036 1145 2077 nou

184 2098 361 2171 impeditis
398 2096 488 2155 horas
520 2094 685 2155 Cauauicas
716 2095 844 2175 majores
876 2098 913 2155 de
941 2098 1147 2177 Concepliouc

185 2180 358 2240 recitarent.
384 2177 444 2236 lco
465 2176 495 2236 X
519 2175 642 2237 Festum
666 2176 875 2253 Conceptiouis
899 2182 981 2237 rtovis
996 2184 1080 2239 alexit
1101 2198 1149 2240 or·

118 2292 122 2299 ·
185 2259 344 2319 ramentis.
369 2256 542 2319 Hadrianus
557 2257 601 2318 Vl
622 2259 839 2319 Constitutione
862 2258 1016 2321 Romanas
1040 2260 1148 2321 Pauli-

185 2340 240 2418 fsa
261 2339 544 2399 Cooirateruitatcm
561 2338 736 2401 Tolotauam
760 2341 958 2415 appellatione
973 2341 1147 2418 Conceptio

185 2424 233 2482 ais
253 2440 273 2483 a
287 2420 448 2481 Francisco
463 2421 606 2491 Ximeuio
628 2421 777 2480 Cardiuali
800 2428 830 2482 et
844 2420 987 2482 Toletano
1001 2419 1147 2491 Praescia

183 2509 317 2565 erectam
340 2521 393 2568 sua
415 2503 593 2563 auctoritate
608 2501 751 2563 firmavit.
764 2500 850 2569 Pium
868 2500 895 2560 V
911 2513 1065 2565 auctorem
1081 2522 1149 2565 am·

185 2583 307 2661 plificati
323 2585 526 2658 illustratione
549 2584 649 2643 caritas
671 2582 841 2659 Conceptae
856 2584 1005 2662 Deiparae
1019 2602 1148 2647 venera·

184 2684 267 2726 mur.
291 2665 430 2726 Clemens
445 2665 515 2726 Vlll
538 2664 677 2725 Ollio-ium
702 2666 738 2725 ad
762 2666 852 2725 ritum
874 2667 1004 2742 duplicis,
1022 2666 1147 2745 majoris

184 2746 316 2809 sustulit.
341 2746 479 2809 Clemens
493 2746 541 2808 IX
563 2745 707 2806 Octavam
731 2747 866 2816 addidit3
890 2755 920 2809 et
942 2748 1082 2811 Clemens
1099 2748 1148 2810 xi

185 2829 222 2889 ad
246 2826 457 2906 Conceptionis
479 2828 595 2888 Mariae
611 2828 833 2887 venerationem
850 2835 880 2888 et
902 2829 1016 2891 cultram
1039 2831 1148 2908 ampli·

171 2909 337 2983 *licendum
360 2910 469 2975 voluit
493 2910 571 2969 hanc
594 2909 788 2969 testivitatem
811 2928 847 2969 ex
866 2911 899 2969 iis
915 2928 990 2977 esse
1014 2930 1113 2999 qliae
1116 2912 1147 2977 iu

184 2998 246 3054 tota
270 2992 432 3053 universali
450 2989 584 3051 Ecclesia
606 2990 644 3050 de
668 2996 829 3065 praecepto
850 2992 1091 3062 celebrarentur,
1102 2977 1147 3055 ui

184 3074 289 3135 ridere
310 3079 356 3133 est
390 3074 419 3131 iu
442 3069 662 3134 Constitutioue
690 3068 730 3129 to
754 3070 823 3150 ejus
846 3070 965 3133 Bul'arii
997 3094 1065 3151 pga.
1088 3074 1143 3135 90.

183 3154 365 3218 Benedictus
386 3151 472 3213 XlV
484 3154 619 3215 decrerit
641 3159 675 3213 ut
707 3153 755 3211 die
781 3152 848 3217 Vlll
872 3152 1049 3215 Decembris
1077 3154 1147 3220 Dei.

184 3254 277 3313 parae
298 3234 491 3310 Conceptioni
514 3252 597 3295 sacca
614 3231 755 3311 Cappella
769 3231 921 3296 Poutilioia
936 3238 966 3295 iu
983 3236 1145 3299 tiberiana

184 3317 314 3378 Basilica
336 3316 514 3377 haberetur.
538 3314 652 3376 Eadem
670 3332 753 3375 meus
774 3313 833 3375 luit
846 3317 972 3393 reliquis
993 3318 1147 3386 Pontifici·

186 3398 254 3461 bus.
271 3396 344 3459 Pius
358 3396 399 3458 Vl
420 3398 526 3463 votuit,
543 3401 578 3457 ut
599 3401 720 3455 centum
744 3396 997 3473 indulgentiarum
1020 3400 1148 3462 dies-lu-

185 3486 344 3541 crarentur
366 3478 417 3555 qni
432 3479 541 3540 desole
563 3478 654 3540 hasce
676 3494 782 3554 preces
803 3480 985 3541 recitarent:
1009 3480 1048 3541 la
1067 3480 1147 3543 Coa·

184 3564 319 3643 captione
340 3570 405 3633 tua,
431 3561 522 3641 Virpa
543 3557 660 3629 Maria,
685 3558 887 3621 Immaculata
907 3562 1006 3640 fuisti:
1028 3568 1061 3631 et
1085 3561 1148 3624 ta-
