2517 4059
473 270 695 369 ,passas

104 446 229 507 seraper,
255 439 282 487 et
299 446 356 506 per
377 429 493 487 soeculo
516 429 712 486 soeculorum.
736 424 862 485 Veteres
883 443 987 484 omnes
1005 424 1059 485 Ec-

104 509 264 569 clesiastici
289 511 436 568 huctores
459 510 573 567 nonnisi
597 514 750 584 umquam
773 508 940 583 spiritalis,
965 514 996 567 et
1017 524 1061 566 re-

103 589 201 667 ligiosi
235 589 330 651 cultus
353 594 563 667 argumentum
587 590 658 649 thus
683 588 778 649 Alteri
802 587 969 649 adhibitum
992 606 1062 665 spe·

104 678 198 732 etant.
223 670 306 730 Thus
329 689 449 747 quoque
472 688 593 748 semper
616 672 657 730 ita
678 675 831 748 sumptum
856 670 924 738 luit,
943 678 976 730 ut
996 687 1065 746 pre-

106 770 157 812 ces
179 770 254 829 quas
277 753 313 811 ad
335 753 433 813 Deum
457 753 615 819 mittimus,
633 752 671 811 ad
693 751 796 811 rivum
820 752 1016 827 exprimeret,
1033 757 1064 812 et

106 834 288 899 ostenderet,
306 852 395 910 quam
419 833 616 895 vehementer
633 838 772 910 optemus
794 849 856 897 eas,
873 851 927 908 pro
952 841 984 892 nt
999 848 1064 891 sna-

106 917 152 974 vis
175 916 249 976 odor
271 917 409 990 assurgit,
427 916 463 973 ad
487 917 585 992 ipsum
602 915 716 974 extolli.
735 914 768 973 ln
784 912 815 973 S.
832 912 952 973 loannis
968 913 1063 993 Chry-

107 998 230 1058 sostomi
253 1003 282 1056 et
304 994 334 1055 S.
354 997 453 1056 Basilii
476 996 619 1073 Litnrgiis
642 994 786 1056 Sacerdos
808 995 996 1055 thuribulum
1012 1012 1063 1054 ac·

107 1080 222 1156 cipiens
243 1079 323 1137 dicit:
348 1077 419 1137 Jrsu
445 1077 572 1147 Christe,
597 1081 651 1155 qui
673 1078 753 1138 Deus
774 1095 823 1141 cs,
849 1078 903 1137 tibi
924 1077 1063 1135 thusbor

108 1172 265 1238 remquam
290 1160 438 1238 spiritalis
458 1156 617 1239 suffimenti
639 1157 759 1218 odorem
784 1156 949 1238 offerimus,
972 1167 1007 1217 ut
1028 1159 1061 1217 it-

106 1240 160 1301 tud
181 1242 327 1320 suscipere
351 1240 482 1318 dipueris
511 1242 544 1299 iu
566 1238 669 1299 Altero
695 1249 779 1301 tuum
804 1248 950 1309 sunctum,
965 1248 993 1297 et
1014 1257 1063 1297 su-

107 1324 195 1382 blime
209 1322 287 1382 unde
302 1320 525 1382 erisericordr'ee
541 1320 646 1461 ellectu
661 1332 859 1401 expectemus.
878 1320 917 1381 Ut
931 1321 966 1379 ad
983 1321 1062 1381 hanc

107 1402 262 1464 Ecclesiae
295 1410 425 1464 mentem
449 1420 480 1462 se
503 1421 557 1462 con
573 1410 732 1470 ormaret‚
762 1402 792 1461 S.
817 1402 903 1462 Pater
924 1402 1061 1461 Zosimus

108 1483 274 1547 Caesareae
297 1486 326 1543 in
348 1484 507 1549 palestina,
521 1484 592 1544 dum
609 1484 794 1544 Antiocheae
810 1484 945 1543 Ecclesia
961 1484 1061 1543 dirue·

108 1573 195 1626 retur
210 1568 325 1627 ellusus
348 1568 376 1624 in
393 1566 543 1643 lacrymas
558 1562 747 1626 thuribulum
764 1566 793 1624 in
809 1562 943 1625 Clrorum
960 1565 1063 1624 allerri

108 1647 209 1725 jussit,
234 1650 263 1706 in
285 1650 321 1707 eb
344 1647 412 1707 thus
435 1648 576 1713 incendit,
594 1652 625 1706 et
647 1647 732 1707 humi
755 1652 865 1707 stratus
888 1664 941 1705 sua
965 1646 1063 1704 thuris

109 1730 196 1788 lumo
218 1730 365 1806 suspiria,
390 1734 420 1787 et
442 1746 546 1805 preces
568 1728 702 1798 addidit,
728 1732 771 1794 ut,
796 1730 893 1804 quoad
918 1745 970 1803 per
993 1744 1062 1787 eum

110 1810 178 1869 lieri
203 1816 312 1885 posset,
330 1809 428 1869 Dirini
451 1808 590 1869 Numinis
613 1811 689 1869 iram
713 1808 850 1871 flecteret
872 1811 912 1868 ita
935 1826 971 1867 cx
988 1807 1063 1866 Era·

111 1892 177 1967 grio
198 1889 353 1951 Historiae
371 1890 592 1951 Ecclesiasticus
614 1890 680 1951 Lib.
698 1888 740 1951 lV
762 1891 835 1967 Cap.
859 1892 890 1950 7.
907 1889 953 1950 hd
977 1890 1064 1969 signi-

112 1972 264 2032 ticandum
297 1973 466 2050 cujusmodi
495 1973 615 2031 tandem
648 1990 754 2048 preces
776 1979 893 2032 nostrae
925 1989 992 2031 esse
1013 1975 1066 2031 de·

112 2056 215 2123 beant,
240 2057 336 2131 aptius
358 2055 529 2131 symbolum
547 2055 711 2129 excogitari
734 2072 791 2114 non
807 2058 916 2131 potest.
935 2053 1019 2112 Thus
1034 2054 1064 2112 in

111 2136 208 2196 altum
232 2138 297 2195 non·
313 2136 436 2204 tollitur,
456 2135 510 2195 nisi
533 2153 587 2211 per
609 2137 670 2195 rim
687 2153 775 2211 quam
798 2137 874 2213 ignis
889 2135 988 2195 eidem
1010 2136 1066 2195 im·

112 2217 228 2293 primit3
246 2217 275 2275 in
297 2218 437 2278 eumdem
461 2215 583 2276 modum
606 2234 711 2292 preces
732 2222 850 2278 nostrae
866 2234 943 2294 quae
958 2234 1065 2294 reapse

112 2298 187 2358 nihil
210 2296 287 2357 alind
311 2316 399 2374 quam
416 2298 506 2359 animi
529 2302 599 2357 vota
620 2304 691 2359 sunt
712 2299 748 2358 ad
763 2299 861 2360 lleum
883 2302 981 2375 ipsum
998 2316 1065 2374 per-

112 2380 218 2439 renire
242 2396 297 2440 non
321 2385 465 2458 possunt,
490 2378 544 2438 nisi
567 2380 659 2439 divini
681 2382 794 2439 amoris
816 2381 890 2458 ignis
912 2398 963 2439 eas
985 2381 1064 2439 erci-

113 2468 177 2531 tet,
201 2464 232 2521 el
254 2461 378 2521 animet.
401 2460 485 2522 Thus
509 2460 631 2538 insuper
654 2462 739 2521 nobis
761 2461 938 2521 Sanctorum
963 2478 1066 2536 preces

112 2539 257 2612 exhibet,
282 2542 416 2619 adeoque
438 2540 542 2603 nullibi
565 2543 673 2602 melius
695 2544 791 2619 prima
814 2543 911 2603 thuris
934 2543 1068 2601 incensa-

111 2625 154 2684 tio
177 2624 265 2684 statui
288 2630 417 2701 poterat,
439 2639 530 2700 quam
553 2630 621 2699 post
647 2619 777 2684 Oramus
795 2633 822 2683 te
838 2625 990 2690 Domine,
1015 2624 1067 2683 ubi

111 2720 129 2765 a
152 2704 216 2766 Deo
239 2707 401 2781 poscimus,
420 2710 453 2765 ut
468 2702 647 2765 Sanctorum
670 2705 787 2765 meritis
801 2710 832 2767 et
846 2706 986 2783 precibus
1001 2723 1066 2783 spe·

113 2786 212 2855 etatis,
236 2786 427 2847 miseratione
449 2802 522 2862 erga
544 2802 597 2845 uos
619 2788 736 2846 utatur.

154 2865 210 2928 lll.
234 2866 280 2926 Ex
302 2867 438 2929 Romano
460 2868 520 2928 ritu
542 2866 614 2927 dum
630 2865 727 2927 Alteri
750 2864 820 2929 thus
842 2867 990 2929 adoletur.
1007 2866 1067 2929 lle-

114 2950 278 3026 liquiarum
301 2950 391 3012 etiam
414 2966 491 3026 quae
514 2947 624 3009 ibidem
648 2946 765 3017 adsunt,
783 2954 814 3009 et
835 2949 956 3024 quidem
971 2951 1066 3010 utrin-

113 3048 173 3107 que
197 3026 241 3091 bis
264 3030 447 3091 thurificatio
463 3031 627 3108 peragitur.
645 3027 704 3089 Hic
727 3030 822 3091 thuris
839 3030 983 3108 Reliquiis
998 3031 1066 3092 ado-

112 3113 192 3173 lendi
217 3131 281 3172 nros
297 3112 408 3189 ubique
425 3113 559 3172 locorum
579 3112 704 3175 obtinet,
723 3113 865 3173 nimirum
882 3112 980 3173 Sancti
998 3113 1066 3172 Viri
1115 3108 1120 3120 ’

116 3214 148 3256 se
172 3196 201 3252 in
225 3191 406 3254 sacrificium
431 3192 493 3253 neo
508 3193 695 3260 obtulerunt,
713 3198 744 3253 et
765 3195 793 3253 in
816 3194 881 3273 ejus
902 3199 1066 3270 conspectu

114 3278 232 3353 gratum
256 3274 380 3335 odorem
403 3276 555 3335 elllarunt.
579 3272 692 3356 Thuris
714 3274 815 3336 suffitu
837 3277 1007 3337 alliciuntur
1029 3274 1067 3336 Ο·

114 3356 269 3425 blationes,
289 3362 321 3416 ut
342 3358 399 3417 hoc
422 3359 480 3417 ritu
497 3355 698 3435 significemus
721 3358 749 3415 id
766 3363 868 3433 petere
887 3376 969 3419 nosa
986 3358 1060 3424 Deo,

114 3445 150 3499 ut
171 3439 334 3499 oblationes
361 3439 416 3499 has
437 3438 515 3498 sicut
543 3443 573 3498 et
595 3439 745 3498 orationes
773 3444 888 3500 nostras
910 3441 1064 3516 suscipere

114 3520 252 3597 dignetur
274 3519 356 3580 Deus
383 3522 412 3579 in
434 3520 559 3579 odorem
581 3519 805 3583 suavissimum.
828 3520 980 3583 Sacerdoti
1005 3522 1065 3597 pri-

115 3620 165 3671 mo
187 3604 252 3662 loco
274 3602 344 3662 thus
366 3601 514 3667 adoletur,
532 3603 596 3660 tum
619 3600 708 3662 Clero
731 3604 834 3679 utpote
856 3603 908 3680 qui
932 3603 1066 3672 honosis,

115 3690 145 3745 ct
167 3682 334 3744 officiorum
351 3681 521 3745 Sacerdotis
537 3681 688 3761 particeps
703 3688 760 3753 est,
776 3688 807 3745 et
827 3702 864 3746 er
887 3704 994 3745 eorum
1011 3704 1065 3747 nu·

886 3781 899 3806 .
