2517 4059
374 237 380 248 ·
461 212 522 273 erm
545 200 605 261 luo
625 208 686 269 idit-

105 321 274 395 deatiuatns,
297 324 354 384 hoc
376 326 405 385 in
428 345 459 387 se
481 329 615 405 suscepit
639 329 802 405 negotium,
826 330 1003 407 primusque
1021 330 1048 389 in

102 403 129 464 S.
150 404 271 465 Martini
296 406 427 469 Ecclesia
450 408 607 469 Leodicnsi
629 406 752 471 Festum
776 409 848 469 illud
870 418 900 471 et
918 411 1050 489 promul·

101 488 175 559 gavit
199 496 232 547 et
252 490 427 553 celebravit.
452 490 498 551 Ad
522 492 614 568 ipsius
636 493 731 552 etiam
753 490 916 552 Cardinalis
939 492 1049 552 exhor-

101 570 237 627 tationem
261 569 400 631 Canonicl
424 570 546 649 majoris
568 571 722 633 Ecclesiae
744 572 936 642 Leodiensis,
961 592 1049 649 prae·

100 650 213 709 missam
237 652 458 713 solemnitatem
482 656 511 713 in
534 672 587 714 sua
603 652 737 715 Ecclesia
760 655 965 715 celebrarunt.
991 652 1050 716 Ne-

100 746 153 803 que
177 732 224 790 iris
246 741 406 795 contentus
428 733 537 813 llugo,
560 737 612 795 sed
636 745 796 811 antequam
819 738 855 795 ad
878 736 1046 797 Romanam

99 809 200 872 Sedem
231 823 456 885 reverteretur,
480 819 578 877 dictae
599 819 780 877 solemnitati
804 819 961 894 providere
985 826 1049 879 stu-

98 893 159 953 duit
179 897 209 953 in
233 894 385 957 futurum.
410 898 483 958 Nam
509 901 664 959 acunclis
687 897 890 959 Eccleslarum
913 898 1050 959 Rectori-

100 973 150 1035 bus
169 983 202 1037 et
216 977 373 1049 Praelatis,
397 986 428 1040 et
447 982 514 1041 aliis
528 978 779 1040 Christisrdelibus
801 978 877 1038 inira
895 981 1050 1055 legationis

98 1073 165 1117 suae
198 1061 345 1119 terminos
373 1063 539 1123 constitutis
567 1062 661 1137 ipsam
686 1064 790 1122 statuit
817 1060 1048 1130 celebrandam,

98 1140 231 1201 eamdem
256 1140 321 1201 fieri
344 1161 454 1220 rogans
475 1152 507 1205 et
528 1146 715 1220 praecipiens
737 1151 767 1203 et
782 1142 936 1221 injungens
951 1143 1051 1220 singu·

100 1219 131 1278 lis
151 1223 237 1281 annis
271 1225 319 1282 dic
341 1226 377 1283 ad
402 1227 459 1285 lroc
481 1222 614 1303 praelixa
638 1242 706 1284 cum
731 1225 854 1303 proprio
876 1224 973 1285 officio
995 1225 1049 1303 ipsi

99 1302 275 1363 solemnitati
308 1306 463 1381 deputato.
488 1306 525 1367 Ut
547 1312 649 1366 amem
673 1306 790 1365 firruior
822 1310 853 1367 ct
876 1306 1049 1366 inconvulsa

99 1385 225 1458 praelata
251 1386 397 1447 institutio
422 1408 475 1465 per
491 1390 595 1449 lutura
618 1389 737 1449 saecula
761 1393 969 1464 permaneret;
986 1386 1051 1447 Ste-

99 1464 210 1539 phanus
225 1464 394 1545 Canonicus
409 1469 582 1529 Leodieusis
597 1488 656 1530 una
677 1488 746 1529 cum
760 1470 854 1529 Maria
877 1487 980 1529 sorore
996 1486 1049 1529 sua

100 1564 150 1605 uon
165 1546 301 1607 infimam
317 1552 466 1611 bonorum
483 1569 605 1612 suorum
624 1559 739 1627 partem
755 1548 909 1611 Ecclesiae
925 1551 956 1611 S.
970 1550 1049 1611 Mar-

101 1628 146 1685 tini
168 1632 306 1699 contulit,
323 1649 384 1707 quo
399 1634 428 1690 iu
444 1638 624 1709 perpetuum
648 1633 773 1693 solemni
792 1634 850 1691 ritu
875 1635 903 1692 in
920 1650 955 1693 ea
972 1634 1049 1691 cele·

101 1709 243 1772 liraretur.
264 1712 391 1772 loannes
413 1732 485 1775 vero
499 1714 537 1774 de
552 1712 694 1774 Laudano
708 1712 861 1773 Ecclesiae
879 1714 1048 1791 praedictae

100 1788 263 1853 Canonicus
285 1793 430 1854 Octavam
446 1794 587 1870 Corporis
608 1794 721 1856 Christi
745 1794 889 1854 [undavit.
907 1794 963 1855 Sed
987 1801 1051 1853 tan·
1107 1868 1108 1873 η

100 1870 159 1931 dem
181 1874 310 1936 lacobus
335 1877 373 1936 de
394 1876 501 1937 Trevis
523 1878 570 1937 rel
593 1874 696 1937 Trecis
711 1874 861 1936 Ecclesiae
877 1875 1049 1935 Leodiensis

101 1951 345 2027 Archidiaconus,
359 1966 478 2019 creatus
489 1957 634 2017 Summus
648 1958 782 2019 Pontifex
794 1955 931 2017 Urbanus
944 1956 983 2016 lV
996 1954 1050 2016 Fe·

100 2037 330 2116 stumCorporis
341 2040 450 2101 Christ-i
467 2058 521 2115 per
535 2041 708 2099 universam
724 2037 887 2099 Ecclesiam
905 2038 1048 2099 celebrari

102 2121 257 2185 mandavit.
274 2121 343 2181 data
358 2122 441 2183 Bulla
456 2120 641 2197 Septembris
663 2122 710 2180 die
732 2127 839 2179 octava
862 2124 929 2181 anni
954 2118 1046 2189 1263,

100 2214 182 2271 quam
194 2203 388 2279 postmodum
401 2202 540 2263 Clemens
553 2201 665 2277 PapaV
677 2200 866 2263 confirmavit
877 2204 905 2262 in
916 2200 1048 2263 Concilio

101 2277 268 2343 Viennensi.
282 2283 356 2343 Cum
370 2282 486 2344 Fideles
494 2285 555 2343 ltoc
566 2286 687 2345 caelesti
700 2286 842 2343 alimento
855 2286 882 2343 in
896 2291 1047 2345 aeternam

101 2361 184 2423 rilem
199 2367 293 2425 totius
307 2367 376 2424 anni
392 2385 483 2427 cursu
500 2364 686 2432 reficiantur,
706 2367 871 2441 peculiares
885 2370 976 2427 etiam
994 2364 1047 2425 ho-

102 2458 180 2505 nores
194 2445 350 2508 deierandi
373 2455 471 2511 erant,
488 2465 525 2514 ep
542 2448 730 2521 potissimum
748 2454 896 2523 temporo,
920 2465 978 2522 quo
994 2443 1049 2505 Pa-

102 2526 215 2588 raclitus
227 2545 319 2604 super
331 2528 491 2605 Apostolos
506 2530 657 2588 immissus
673 2530 773 2587 divino
788 2545 840 2587 eos
856 2528 967 2588 lumine
983 2545 1048 2602 per-

102 2604 180 2676 tudit,
205 2614 241 2669 ut
262 2610 438 2669 altissimam
465 2608 555 2685 hrrjus
570 2609 754 2669 Sacramenti
771 2610 943 2686 dignitatem
963 2610 1049 2668 intel-

104 2684 235 2764 ligerent.
259 2690 292 2750 ln
315 2692 494 2766 quibusdam
516 2692 659 2751 Ecclesiis
682 2690 790 2751 Missae
819 2708 835 2749 a
858 2694 966 2752 nostris
989 2692 1048 2749 dis-

102 2764 206 2838 terum,
230 2771 393 2838 lutroilus,
419 2770 481 2849 Epo
502 2790 567 2831 suni
591 2770 685 2831 Punic
706 2773 802 2836 uiuus,
825 2773 1045 2841 offertorium,

42 2884 46 2890 »
104 2846 202 2913 Portos
236 2857 310 2915 cccii
330 2854 531 2918 Communio,
563 2857 616 2931 qui
644 2852 820 2914 manducat.
844 2853 982 2914 Urbanus
1005 2852 1046 2913 lV

99 2927 282 3008 jejunandam
300 2936 431 3012 vigiliam
447 2934 587 3010 Corporis
602 2934 710 2995 Christi
736 2942 940 3011 praeceperat,
957 2941 1047 3011 atque

104 3012 151 3073 hoc
171 3015 322 3095 jejunium
345 3018 565 3091 praescriptum
589 3017 721 3075 cernitur
752 3020 780 3075 in
803 3014 934 3075 Concilio
957 3014 1048 3075 Seno·

103 3101 176 3155 uersi
198 3100 272 3159 Can.
297 3099 310 3159 l
332 3099 453 3159 Parisiis
475 3098 576 3157 habito
599 3097 659 3156 An.
685 3096 774 3158 1319.

137 3177 174 3237 ll.
186 3182 232 3241 De
244 3187 367 3241 auctore
379 3179 536 3241 OlliciiSS.
546 3178 731 3239 Sacramenti
744 3180 933 3239 consentiunt
944 3195 1048 3239 orrares

102 3258 151 3317 riri
171 3264 304 3330 eruditi;
329 3280 434 3322 verum
458 3270 488 3323 et
509 3277 686 3338 germanum
709 3260 787 3321 illius
810 3265 965 3347 parentem
982 3278 1048 3320 esse

101 3336 128 3397 S.
149 3341 296 3405 Thomam
319 3344 514 3420 Aquinatem,
539 3360 593 3402 nec
615 3342 773 3403 minimum
796 3341 947 3402 dubitandi
964 3360 1048 3403 scru-

103 3423 197 3493 pulum
226 3427 370 3500 relinquit
396 3427 514 3486 erudita
538 3426 573 3483 ll.
596 3424 630 3484 P.
659 3422 773 3485 Natalis
800 3423 962 3483 Alexandri
986 3421 1048 3481 llis-
1132 3496 1135 3503 Ι

103 3509 226 3574 mutatio,
250 3524 309 3583 qua
332 3507 404 3567 illud
427 3508 559 3567 vindicat
580 3506 724 3581 Argolico
746 3506 882 3575 Ductori,
907 3507 958 3580 qui
975 3505 1046 3564 illud

103 3577 213 3656 iubente
236 3586 358 3649 Urbano
379 3587 423 3649 lv
446 3589 573 3650 Srrmmo
601 3584 743 3647 Pontilice
772 3588 940 3664 composuit
967 3592 1048 3647 tanta
