2517 4059
559 172 618 232 ese>
641 162 703 222 37¹4
724 172 783 233 ten·
1139 241 1143 249 ⁸

194 286 314 347 nomine
342 287 520 349 Lectionarii
554 308 658 351 omnes
690 293 804 368 antiqui
829 291 990 352 Sacrorum
1015 289 1144 349 Rituum

193 368 372 446 Scriptores
395 371 516 447 quidam
539 374 603 434 siue
626 375 744 434 nomine
766 375 911 443 auctoris,
927 374 978 433 alii
997 388 1145 449 expresso

192 452 312 511 nomine
333 451 362 512 S.
380 450 571 532 Hieronymi,
595 461 625 516 et
647 457 733 517 tilulo
754 454 889 516 Comitis.
911 453 1143 515 Dominicorum

192 533 311 593 dierum
333 533 485 613 Epistulae
507 554 611 597 omnes
633 554 651 597 e
673 536 704 597 S.
722 535 831 607 Paulo,
853 540 901 600 rel
924 555 962 596 ex
982 537 1047 597 aliis
1064 534 1147 611 Apo·
1241 603 1242 612 χ

192 615 315 692 postolis
335 624 471 695 sumptae
492 624 573 679 sunt.
597 618 732 680 Ecclesia
755 621 900 681 nimirum
921 618 1088 696 praeripit,
1112 623 1148 677 ut

192 714 298 759 eorum
313 700 424 777 scripta
439 702 489 777 qui
502 698 558 761 Dei
569 700 698 779 Legatos
712 709 850 779 egerunt.
866 706 933 763 aute
946 698 1146 779 Evangeliurn

190 779 339 857 legantur.
356 781 403 841 Ad
417 776 581 859 Epistulam
603 802 708 844 omnes
729 784 855 854 seucum
878 784 1027 861 siquidem
1050 787 1145 859 penes
1242 825 1243 846 ι

192 860 342 930 Iudaeos,
366 865 540 941 primosque
562 863 674 926 Christi
696 864 801 927 fideles
821 865 908 926 lectio
930 864 1005 926 haec
1027 862 1149 925 collatio

192 944 339 1021 quaedam
356 953 431 1007 erat.
445 945 546 1008 Lectio
561 954 661 1008 aulem
684 950 714 1007 in
728 966 798 1007 eum
820 946 910 1007 finem
926 948 1061 1008 instituta
1085 951 1144 1014 est,

192 1030 227 1085 ut
240 1023 428 1088 Christianus
450 1031 575 1106 populus
597 1031 762 1099 erudiatur,
780 1036 812 1090 el
832 1048 887 1108 pcr
902 1048 968 1091 eam
991 1029 1028 1088 ad
1045 1027 1148 1087 Sacri·

191 1105 294 1168 ficium
311 1113 519 1186 praeparetur.
537 1110 749 1172 Praemitlitur
762 1112 917 1171 instructio
939 1112 1035 1188 inquit
1048 1108 1146 1170 Divus

193 1188 323 1248 Thomas
345 1188 364 1248 3
387 1197 464 1267 part.
488 1200 604 1269 quaest.
628 1192 671 1252 83
690 1201 747 1253 art.
772 1192 791 1251 l
812 1192 907 1272 fidelis
924 1192 1044 1274 popuii,
1071 1191 1147 1269 quid

192 1271 244 1328 hec
259 1270 484 1333 Sacramentum
500 1287 538 1334 rsl
560 1278 735 1354 mysterium
750 1274 829 1353 fidei,
852 1285 993 1354 utsupra
1009 1274 1147 1333 ll-ebitum

194 1363 255 1420 est,·
277 1371 353 1429 pune
374 1355 492 1433 quidem
514 1357 674 1417 instructio
696 1356 863 1435 dispositive
886 1356 1006 1437 crudem
1027 1354 1062 1435 [lt
1085 1372 1145 1435 per

193 1433 360 1495 doctrinam
377 1438 593 1519 prophetarum
615 1449 645 1498 et
661 1441 870 1517 Apostolorum,
895 1456 971 1518 quur
990 1438 1026 1495 in
1040 1435 1145 1497 Eccle-

192 1516 238 1575 sin
259 1516 370 1593 lenitur
388 1538 445 1598 per
467 1522 589 1582 lectores
611 1534 638 1581 et
658 1518 860 1580 subdiaconos.

152 1608 161 1628 ·
232 1596 272 1664 ll.
287 1596 417 1677 Epistola
431 1603 458 1659 in
472 1600 569 1662 Missis
580 1604 703 1680 priuatis
714 1602 821 1679 legitur
831 1600 1025 1666 aSacerdolc‚
1038 1618 1055 1659 a
1068 1599 1144 1661 Sub·

192 1679 316 1740 diacono
338 1700 410 1743 vero
426 1702 503 1743 nrrnc
519 1688 637 1746 canitur
653 1686 681 1743 iu
698 1685 795 1743 Missis
817 1684 1008 1748 solemnibus,
1024 1682 1144 1745 interea

191 1761 263 1823 dum
285 1781 301 1823 a
318 1762 477 1827 Sacerdote
500 1766 606 1845 legitur
620 1767 766 1827 submissa
787 1783 874 1828 voce.
888 1768 943 1827 Ast
957 1764 1032 1825 hanc
1053 1764 1144 1827 disci-

191 1845 270 1919 plina
288 1862 344 1903 non
360 1847 465 1909 eadem
480 1867 600 1926 semper
617 1848 684 1909 luit.
697 1847 731 1906 ln
747 1849 841 1907 veteri
856 1848 1052 1909 Ordinatione
1066 1844 1143 1907 Sub·

190 1926 304 1986 diaconi
329 1929 400 1989 nihil
422 1931 582 1998 invenitur,
599 1931 677 2005 quod
695 1928 801 1989 rcierri
822 1932 916 2008 possit
937 1929 1036 2005 aliquo
1052 1928 1144 1989 modo

190 2008 227 2067 ad
252 2008 408 2071 lectionem
424 2010 582 2089 Epistulae.
601 2013 712 2073 Munus
734 2012 792 2072 hoc
813 2013 883 2072 olim
906 2016 972 2071 erat
993 2009 1141 2074 hectoris.
1246 2019 1247 2022 ’

192 2098 224 2149 ul
245 2090 341 2149 lusirrs
362 2095 522 2155 ostendunt
536 2093 664 2165 Mallium
679 2093 714 2152 ds
729 2097 867 2162 materie,
892 2104 919 2153 et
934 2093 1034 2170 formu
1050 2088 1146 2151 Oedi·

191 2173 356 2245 uertentes
379 2174 418 2235 16
441 2194 522 2235 ιιιιιιι.
541 2175 592 2245 tm
616 2183 646 2236 et
660 2176 805 2243 Morinus,
828 2175 865 2235 de
886 2174 988 2237 Sacris
1006 2170 1140 2233 Ordine·

191 2253 320 2313 tionibus
333 2266 414 2335 puri.
432 2256 456 2315 5
468 2276 564 2318 eccere.
586 2256 637 2319 12.
660 2258 770 2319 Lector
790 2263 891 2318 autern
913 2256 983 2315 olim
1007 2273 1061 2331 per
1083 2260 1144 2315 tra·

189 2333 331 2396 ditionem
347 2335 461 2399 Codicis
476 2340 681 2401 ordinabatur:
697 2342 748 2416 qui
764 2340 841 2399 ritus
857 2338 953 2399 adhuc
970 2337 1060 2397 hodic
1073 2354 1144 2411 por·

190 2424 319 2489 severatr
337 2425 367 2481 et
389 2420 417 2481 iu
440 2418 573 2482 Ecclesia
587 2421 733 2482 Orientali
754 2421 885 2483 traditur
898 2424 942 2481 eis
955 2416 1056 2479 Codex
1070 2415 1143 2495 Epi·

191 2499 335 2560 stolarum
350 2502 381 2564 S.
395 2500 477 2563 Pauli
495 2518 568 2580 quas
591 2503 709 2580 publice
724 2504 825 2581 legunt
846 2505 874 2561 in
889 2500 1035 2563 Ecclesia.
1051 2497 1141 2559 N'uac

191 2597 263 2641 vern
278 2582 307 2639 in
322 2583 515 2645 Ordinatioue
530 2584 710 2646 Subdiaconi
725 2602 795 2645 cum
808 2583 974 2663 Episcopus
987 2583 1077 2642 dicat:
1092 2600 1142 2643 ec·

189 2665 254 2739 cipe
268 2660 388 2725 Librum
406 2664 610 2745 Epistularum
633 2675 660 2727 rt
681 2667 752 2727 iube
769 2675 945 2747 potestatem
958 2662 1076 2744 inpendi
1089 2680 1143 2725 eur

189 2745 224 2802 in
240 2742 382 2817 Ecclesia,
401 2749 460 2809 iam
476 2749 630 2810 definitum
652 2755 788 2827 apparet.
804 2766 870 2809 esse
893 2766 1001 2809 rnunus
1015 2745 1144 2807 Subdia-

189 2830 254 2886 coni
278 2828 434 2891 lectionem
456 2850 563 2893 canere
586 2834 615 2891 in
630 2831 721 2891 Missa
736 2831 872 2893 solemni.
886 2830 917 2890 Si
933 2827 1139 2891 subdiaconus

188 2909 275 2977 absit,
299 2913 398 2988 quivis
420 2912 552 2975 Clericus
573 2915 603 2973 in
626 2913 791 2974 Minoribus
813 2911 976 2973 Ordinibus
997 2909 1140 2970 constitu·

187 2993 236 3050 lus
258 2997 356 3069 potest
377 3010 443 3054 eam
466 3012 599 3066 canere,
629 3013 685 3055 non
709 3001 807 3056 tamen
830 2994 964 3055 adhibito
986 2990 1139 3070 manipulo

185 3070 273 3149 'juxta
296 3071 423 3135 Decreta
446 3076 477 3136 S.
493 3077 531 3137 ll.
549 3077 584 3139 C.
609 3078 701 3138 relata
724 3072 1060 3147 alterutrumne
1083 3072 1139 3133 nti-

187 3155 261 3217 stice
293 3161 422 3217 tractant
449 3158 485 3219 ds
507 3160 616 3221 Missae
640 3157 818 3230 Sacrificio,
846 3158 956 3219 docent
982 3156 1049 3216 ideo
1070 3161 1139 3217 aule

186 3232 383 3315 Evangelium
405 3237 568 3318 Epistulam
592 3242 661 3321 legi,
685 3259 742 3300 nou
757 3242 836 3318 quod
858 3240 929 3301 huic
950 3236 1021 3298 illud
1043 3236 1138 3312 digni·

185 3322 248 3379 tale
270 3326 412 3397 praestet.
437 3324 488 3383 sed
511 3323 589 3401 quod
607 3321 739 3400 Apostoli
763 3323 918 3400 praeibant
932 3318 1062 3388 Christo,
1086 3318 1138 3395 qui

186 3416 238 3459 eos
264 3403 402 3461 mittebat
427 3404 512 3465 binos
539 3412 608 3466 autc
631 3405 737 3465 [aciem
765 3418 863 3465 suam.
886 3403 925 3463 Et
945 3400 1135 3461 innocentius

187 3479 231 3540 lll
260 3481 325 3542 Lib.
344 3483 371 3544 ll
393 3482 604 3563 Mysteriorum
621 3485 731 3547 Missae
751 3486 823 3563 Cap.
840 3484 892 3551 529.
916 3484 959 3543 ait
973 3481 1134 3561 Epistulam

183 3568 253 3620 ante
270 3561 466 3642 Evangellum
489 3568 557 3645 legi,
582 3573 614 3627 ut
630 3566 812 3647 significetur
835 3584 941 3629 munus
961 3581 1142 3643 praecursu·-
