2517 4059
568 122 794 245 eausa

202 308 358 363 uercntur.
383 299 459 372 Quis
474 318 542 360 eam
560 301 764 378 Antiphonem
779 300 891 361 cantari
906 298 1078 365 instituerit,
1090 315 1158 374 ,non

178 378 307 461 'liquet
330 380 472 456 Plerique
495 400 511 441 a
533 380 681 461 Gregorio
703 382 813 459 Magno
840 381 937 458 primo
964 380 1156 444 institutam,

197 468 358 531 asserunt,
380 464 451 537 quia
475 465 504 522 in
527 482 581 524 suo
604 464 823 543 Antipbooario
852 462 1007 540 propriam
1033 461 1158 537 singulis

197 546 299 608 blissi's
321 545 494 621 assignavit.
519 544 576 606 Sed
597 544 660 623 jam
683 546 802 621 vigebat
824 546 852 604 in
867 542 970 603 Airica
991 542 1069 601 baec
1090 560 1158 601 con·

198 626 346 695 suetudo,
371 626 415 683 uti
438 626 582 687 discimus
602 645 640 686 ex
663 628 841 705 Augustino.
865 624 954 702 Apud
977 622 1158 701 Gregorinm

198 708 314 784 singula
337 705 502 767 Ollertoria
531 708 632 785 piures
654 724 761 769 versus
788 707 899 767 babent
924 704 1157 782 adjunctosaet

197 789 380 866 quandoque
403 789 518 864 integer
540 788 679 849 Psalmus
703 790 830 867 repetita
853 790 920 863 post
940 785 1074 865 singulos
1090 803 1157 845 rer-

197 887 250 931 eus
273 867 445 945 Abtipbona
468 872 581 930 cantari
605 871 732 939 solebat,
757 876 790 930 ut
805 874 865 930 toto
881 868 931 927 illo
946 875 1086 944 tempore
1100 885 1158 943 quo

195 951 327 1028 populus
349 950 516 1021 ollerebat,
541 953 730 1027 psallentium
753 949 939 1011 Clericorum
960 967 1051 1010 voces
1073 948 1157 1009 audi-

195 1037 315 1092 rentur.
339 1029 423 1091 Sicut
444 1032 516 1091 olim
541 1034 569 1091 in
593 1031 697 1094 Veteri
719 1031 914 1093 Testamenta
936 1048 1004 1092 cum
1029 1031 1156 1109 populus

197 1113 325 1173 offerret
347 1112 534 1183 holocausta,
559 1114 588 1171 in
610 1132 697 1182 voce,
720 1119 751 1175 et
772 1114 862 1182 tubis,
886 1116 918 1172 et
931 1112 1079 1191 cymbalis
1094 1112 1157 1171 lau-

197 1195 250 1254 des
273 1194 420 1254 canebant
441 1194 521 1269 Deo,
546 1201 580 1255 ut
600 1213 635 1256 ea
659 1196 801 1255 nimirum
824 1193 1040 1263 modulatione,
1064 1209 1099 1252 se
1114 1193 1156 1252 bi·

197 1275 254 1335 lari
277 1280 377 1355 mento
400 1292 525 1337 munera
543 1274 607 1336 ileo
621 1276 734 1336 offerre
749 1277 925 1336 indicarent.
947 1274 1078 1348 Quando
1092 1290 1157 1335 ces·

195 1358 327 1415 saverint
350 1356 449 1431 populi
465 1358 630 1418 oblationes
647 1359 675 1416 in
691 1358 793 1423 Missa,
816 1357 881 1416 cani
897 1357 1015 1416 desiere
1030 1356 1157 1416 crebrae

195 1438 264 1497 illae
288 1436 531 1515 Antiphonarnm
553 1446 585 1500 et
607 1456 752 1499 versuum
776 1439 968 1513 repetitiones
989 1439 1156 1514 antiquitus

195 1518 231 1577 ad
247 1518 439 1579 offertorium
455 1520 606 1581 decantari
622 1521 738 1580 solitae.
763 1518 1091 1579 blissadlelunctorum
1106 1516 1157 1579 Ol·

195 1600 352 1661 lertorium
377 1588 513 1661 habetin
529 1602 652 1662 modum
668 1600 864 1679 Responsorii,
884 1603 1098 1676 compositum.
1122 1600 1155 1659 ln

195 1698 256 1758 quo
277 1682 494 1742 consideranda
518 1690 588 1743 sunt
609 1684 724 1742 rerba:
750 1682 893 1750 Domine,
916 1682 1015 1741 libero
1037 1682 1156 1741 animoa

195 1766 329 1823 omnium
353 1761 504 1825 Fidetium
526 1764 747 1844 Defunctorum
773 1762 809 1823 de
826 1763 932 1841 poeuis
953 1764 1095 1841 inserui,
1120 1760 1156 1821 de

190 1843 343 1922 profundo
365 1846 453 1913 lacu,
484 1845 519 1905 de
540 1865 593 1905 ore
614 1847 724 1915 teonis,
753 1862 790 1903 cc
811 1845 963 1905 obsorbeat
989 1862 1038 1904 eos
1061 1852 1157 1904 torta·

195 1942 269 1993 rus,
298 1943 334 1984 ue
357 1925 469 1987 cadunt
495 1929 529 1986 iu
552 1927 720 1986 obscurum.
750 1923 868 1998 Quibus
895 1925 997 1987 verbis
1018 1923 1156 1985 Ecclesia

194 2023 385 2082 nequaquam
408 2015 475 2067 orat
496 2027 552 2085 pro
575 2009 621 2076 iis,
645 2008 695 2083 qui
718 2007 872 2084 perpetuis
895 2007 1061 2067 interorum
1083 2024 1156 2083 poe·

194 2089 241 2147 nis
263 2088 372 2148 addicti
395 2094 480 2158 sunt;
506 2107 603 2165 neque
626 2090 753 2165 ignorat.
779 2106 930 2164 nunquam
945 2087 1096 2152 futurum,
1121 2095 1156 2149 ut

195 2169 323 2228 Animae
345 2168 513 2245 Purgatorii
537 2172 573 2229 ad
598 2170 709 2230 inleros
731 2170 934 2248 dejiciantur3
961 2172 1041 2228 sicut
1061 2170 1154 2229 etiarn

194 2267 252 2309 uon
275 2251 395 2317 obstat,
424 2250 504 2327 quod
527 2250 556 2310 ll
584 2251 726 2311 ltdaobab.
750 2250 823 2327 Cep.
849 2250 889 2309 tu
913 2252 1042 2327 legitur.
1072 2248 1157 2311 lusae

194 2330 287 2392 luisse
311 2347 415 2407 preces
438 2351 493 2409 pro
515 2334 551 2393 iis
573 2330 742 2397 Haebreis,
769 2334 820 2408 qui
843 2333 872 2390 iu
896 2333 1011 2408 praelio
1032 2331 1157 2394 interie-

195 2412 249 2480 cti,
274 2412 452 2490 deprehensi
468 2421 536 2475 sunt
552 2414 665 2475 babere
686 2413 811 2474 donaria
825 2412 916 2472 ldolis
937 2414 1048 2481 oblata,
1072 2414 1155 2488 quod

194 2510 232 2554 ex
254 2492 489 2556 Deuteronomio
511 2493 584 2571 Cap.
609 2494 666 2555 Vll
689 2492 800 2554 lethale
821 2502 977 2571 peccatum
1000 2500 1078 2552 erat.
1103 2494 1156 2554 Di-

191 2592 249 2635 vue
271 2577 351 2637 euim
373 2575 505 2637 Thomas
526 2577 688 2642 observat,
713 2594 765 2637 eos
786 2576 910 2636 donaria
932 2576 982 2635 illa
998 2592 1056 2634 non
1079 2574 1153 2639 talea

191 2656 369 2733 Religione,
399 2658 451 2717 sed
480 2657 550 2718 lure
578 2659 648 2719 belli
676 2664 831 2733 tamquam
859 2657 1002 2736 praedam
1028 2658 1155 2719 evictis

191 2738 360 2805 abstulisse,
385 2739 462 2813 quod
486 2739 602 2799 veniale
624 2739 721 2799 solum
745 2740 890 2799 avaritiae
912 2746 1069 2815 peccatum
1092 2739 1153 2799 dici

193 2824 303 2895 potest,
326 2820 460 2896 adeoque
483 2819 601 2881 licuisse
623 2838 681 2897 pro
702 2820 740 2879 iis
761 2836 862 2883 orare.
885 2818 1014 2892 Quidam
1032 2828 1154 2881 conten·

191 2900 278 2968 dunt,
302 2918 370 2962 eam
393 2901 595 2979 Antiphonem
613 2902 678 2980 'legi
700 2903 903 2970 consuevisse,
927 2920 995 2962 cum
1011 2908 1153 2979 aegrotus

193 2984 324 3043 animem
346 2980 407 3059 jam
428 2980 489 3059 jem
512 2985 677 3053 emitteret,
700 2999 736 3042 uc
758 2982 827 3043 inde
850 2982 1016 3045 Ecclesiam
1035 2984 1065 3041 in
1082 2982 1154 3043 llis·

192 3063 254 3131 sis,
277 3071 308 3124 et
330 3063 486 3124 luneribus
508 3071 701 3125 mortuorum
722 3080 759 3124 aa
775 3064 824 3141 'uti
847 3068 982 3141 caepisse
1004 3065 1153 3124 arbitran-

191 3148 253 3207 tur:
278 3145 458 3205 retrahendo
480 3145 620 3205 videlicet
642 3161 749 3223 preces
770 3145 808 3205 ed
824 3148 970 3223 temporis
991 3151 1152 3222 punctum,

191 3243 252 3303 quo
275 3227 392 3287 animae
407 3244 517 3303 corpus
533 3228 730 3303 reliquerunt,
755 3243 792 3287 eo
814 3244 940 3303 prorsus
954 3227 1054 3292 modo,
1078 3244 1151 3303 quo,

192 3308 248 3369 etsi
263 3306 324 3387 jam
340 3324 358 3365 a
376 3309 478 3368 multis
499 3310 627 3369 saeculis
649 3305 786 3369 Verbum
802 3306 943 3369 Divinum
966 3326 1090 3368 carnem
1105 3324 1152 3369 as·

192 3389 377 3466 sumpserit,
401 3386 598 3450 in'Adventu
616 3390 712 3450 dicit:
735 3386 847 3450 Rorota
864 3389 948 3452 Coeli
962 3389 1098 3466 desuper,
1121 3394 1156 3448 et

191 3469 319 3535 similia,
344 3468 527 3530 retrahendo
556 3487 662 3548 preces
688 3470 725 3530 ad
748 3475 886 3548 tempora
911 3468 1150 3547 Prophetarum,

192 3552 243 3625 qui
258 3548 498 3611 incarnationem
514 3548 680 3612 Salvatoris
692 3552 902 3628 expectabant.
925 3551 1065 3621 Aaorius,
1082 3569 1152 3627 pro·
