2517 4059
467 234 690 303 3203&-

111 359 220 420 stitutio.
245 357 489 422 Praeclarissima
512 362 585 422 baec
607 364 766 423 celebritas
787 361 932 423 Octavam
950 362 1051 431 habet,

111 459 190 516 quam
214 443 375 503 instituisse
397 441 528 505 Leonem
545 444 587 506 lV
609 462 686 506 anno
700 443 761 504 sot
784 446 875 505 tradit
898 442 1054 505 Pontifica-

12 569 13 577 ,
110 523 141 582 lis
160 522 312 605 anastasii
332 524 432 584 Liber.
456 528 583 603 Magnae
606 526 674 587 linio
698 526 878 587 solemnitati
903 526 1053 601 praecedit

109 606 291 683 pervigilium
320 624 391 683 cum
412 605 552 686 jejunio;
586 626 621 667 ac
642 606 790 686 jejunium
824 607 945 683 quidem
968 606 1055 669 valde

107 688 257 763 antiquum
274 704 340 748 esse
362 695 490 765 oportet,
514 706 583 750 cum
606 690 643 749 de
664 708 700 750 eo
723 697 862 765 tanquam
886 689 923 748 de
940 707 972 750 re
995 689 1056 748 usi·

107 772 162 829 tata
189 770 218 827 in
242 766 377 829 Romana
405 768 537 830 Ecclesia
568 772 749 833 mentionem
779 770 850 831 iacit
877 768 1054 829 Nicolausl

12 889 18 910 r
106 848 234 910 Pontifex
251 858 370 911 creatus
384 869 462 912 anno
476 850 538 912 858
554 870 621 913 nam
638 851 711 929 Cap.
729 850 747 909 ln
770 849 921 930 Epistolao
937 852 973 911 ad
989 850 1057 911 Bul·

107 949 187 1007 garos
210 931 336 1000 scribit,
357 930 506 1010 jejunium
531 934 587 995 lioc
608 937 646 994 ab
668 934 802 995 Romana
826 931 958 993 Ecclesia
980 930 1058 991 anti·

107 1014 201 1091 quites
223 1020 414 1090 susceptum.
438 1023 468 1077 et
490 1015 628 1093 religiose
651 1021 803 1101 servatqm
826 1014 927 1075 luisse.

142 1095 180 1156 ll.
204 1094 331 1155 Festum
348 1095 567 1175 assumptionis
588 1096 699 1159 Beatae
720 1096 851 1173 Virginis
874 1096 1057 1172 antiquiores

105 1173 175 1235 Galli
198 1194 304 1237 mense
326 1176 457 1239 ianuarii
480 1179 673 1240 celebrabant
700 1180 768 1239 vide
791 1177 997 1238 Mabillonium
1020 1176 1058 1236 ilo

104 1254 240 1336 liturgia
268 1257 430 1320 Gallicana
453 1261 517 1321 tit.
546 1259 574 1319 ll
597 1278 664 1338 pag.
691 1258 749 1320 118
771 1266 802 1319 et
825 1256 894 1318 119.
922 1256 1004 1319 Unde
1028 1258 1057 1316 in

105 1340 210 1400 Missali
235 1339 467 1402 Gallo-Gothico
489 1343 588 1403 statim
613 1347 679 1419 post
702 1342 901 1418 Epiphaniam
924 1340 1059 1400 occurrit

105 1418 193 1481 Misce
219 1424 255 1481 in
271 1419 485 1505 Adsumptione
514 1421 642 1484 Sanctae
664 1422 783 1485 Mariae
799 1420 909 1481 Matris
933 1421 1059 1481 Domini

105 1504 206 1563 nostri.
225 1504 331 1565 'Etiam
357 1505 384 1561 in
401 1506 581 1581 quibusdam
604 1504 827 1581 lllartyrologlis
844 1505 969 1564 vetustis
984 1500 1058 1563 Hie-

105 1587 287 1662 ronymianis
302 1582 452 1664 Depositie
467 1586 578 1647 Beatac
597 1588 742 1663 Virpinia,
767 1587 814 1644 die
832 1582 934 1645 xvtlt
953 1585 1059 1645 lanua·

105 1666 137 1724 rii
157 1675 426 1728 commemoratur.
449 1668 538 1728 Plura
555 1669 622 1729 vide
638 1668 715 1745 apud
730 1666 948 1726 Florentinium
962 1666 993 1724 in
1010 1682 1057 1723 no·

107 1746 139 1807 tis
159 1750 195 1809 ad
219 1750 470 1827 Martyrologium
494 1749 651 1816 Lucanae,
675 1749 723 1809 die
746 1746 785 1808 18
809 1747 953 1811 ianuarii,
979 1752 1009 1806 et
1030 1746 1060 1804 ln

12 1826 13 1841 ¹
105 1832 317 1891 exercitatione
340 1830 377 1890 de
401 1829 606 1910 Annmpiione
633 1831 791 1909 deiparae.
810 1829 849 1889 dt
871 1827 975 1887 XVlll
998 1824 1058 1887 Ka·

107 1909 203 1971 tendas
226 1912 414 1987 Septembris
430 1910 599 1971 Romanum
613 1911 712 1971 Bedae
735 1912 910 1988 genuinum,
936 1909 1059 1977 Adonis,

107 1998 134 2051 ct
153 1993 283 2055 Usuardi
306 1994 520 2071 Martyrologia
545 1993 580 2053 de
595 1992 781 2053 Dormitione
798 1993 923 2054 Sanctae
939 1988 1061 2051 Mariae

107 2082 205 2149 agunt.
229 2074 331 2135 Hodie
354 2083 483 2151 intraque
507 2073 642 2135 Ecclesia
667 2082 794 2135 mortem
822 2080 852 2133 et
875 2074 1063 2149 assumptio·

107 2173 171 2216 nem
186 2157 384 2217 beatissimae
400 2155 532 2242 yirginis
555 2158 604 2217 die
618 2156 721 2232 quinto
737 2158 852 2216 decimo
868 2154 997 2231 Augusti
1014 2172 1062 2213 ce·

106 2236 209 2299 lebrat.
235 2236 394 2299 Festivitas
417 2238 638 2315 assumptionis
660 2245 786 2313 eratque
818 2236 896 2313 apud
926 2237 1062 2311 antiquos

13 2343 17 2352 ·
106 2316 268 2381 Monacbes
290 2338 350 2380 una
382 2337 419 2379 ex
442 2320 769 2397 quinquopraecipuis
801 2319 869 2377 anni
894 2317 1064 2377 festivitati·

105 2398 175 2473 bus;
198 2405 230 2461 in
248 2416 307 2477 qua
330 2401 455 2476 proinde
478 2403 600 2463 eosdem
617 2402 738 2460 omnino
762 2402 838 2459 ritus
860 2399 1063 2457 observabant
1144 2438 1146 2443 η

107 2499 178 2556 quos
200 2486 231 2543 in
254 2484 374 2553 Natali,
399 2484 426 2541 iu
450 2482 683 2543 Resurrectione
705 2481 852 2547 Domini,
878 2482 907 2538 in
931 2478 1062 2539 adventu

107 2561 229 2639 Spiritus
252 2566 375 2629 Sancti,
400 2569 431 2623 ct
452 2566 480 2623 lu
503 2563 586 2625 tastis
607 2564 727 2623 Patroni
751 2560 899 2639 cujusque
924 2561 991 2620 loci.
1017 2559 1063 2618 Ad

107 2652 239 2719 quartam
262 2647 414 2726 cujusque
430 2644 576 2707 Nocturni
592 2645 764 2706 Lectionem
784 2646 940 2703 incensum
957 2641 1063 2701 ollare-

107 2725 191 2788 balur
213 2735 247 2790 ut
269 2730 373 2787 videre
394 2734 441 2787 est
462 2730 491 2786 iu
504 2726 666 2787 Ordiuario
680 2725 826 2787 Tullensi.
840 2723 917 2783 Tres
935 2732 1000 2800 post
1022 2723 1066 2782 le·

107 2816 179 2868 stum
204 2813 304 2887 ipsum
327 2809 391 2867 dies
414 2827 451 2869 ex
473 2809 690 2888 Dionysianis,
721 2814 750 2867 et
772 2806 802 2866 S.
828 2804 973 2866 Germani
997 2822 1067 2863 cou-

107 2892 311 2951 suetudinibus
327 2895 415 2950 erant
437 2910 560 2967 prorsus
575 2890 735 2954 solemnes,
761 2886 1016 2964 quemadmodum
1035 2886 1065 2943 iu

107 2970 334 3034 Resurrectioue
358 2977 389 3031 et
405 2972 433 3029 iu
449 2971 634 3032 Pentecoste.
653 2968 905 3047 Singullsdliebus
928 2985 1003 3026 nova
1021 2966 1064 3026 le·

108 3054 251 3127 gabantur
274 3053 450 3128 Evangelia.

144 3133 198 3197 111.
216 3136 517 3209 Quoad-sententiam
533 3132 687 3193 Ecclesiae
709 3132 745 3191 de
761 3130 977 3208 Assumptione
995 3130 1069 3188 Bea-

12 3225 13 3262 l
108 3214 237 3278 tissimae
255 3217 388 3290 Virginis
402 3216 444 3275 ait
458 3216 602 3276 baronius
618 3216 647 3272 in
661 3211 913 3275 Anuotationibus
928 3212 962 3269 ad
980 3207 1066 3270 Mar-

12 3308 13 3316 *
109 3301 284 3377 tyrolopium
305 3297 474 3358 Romanam
495 3296 543 3357 die
566 3294 626 3355 XV
650 3293 790 3370 Augusti,
813 3296 848 3353 in
870 3311 935 3353 cam
950 3302 1068 3371 partem

12 3403 13 3410 ¹
105 3384 279 3458 propensior
299 3379 429 3446 uidetur,
456 3388 489 3439 ot
510 3396 574 3437 ano
599 3394 771 3437 concerno
797 3386 950 3453 assumpte
972 3376 1010 3433 ait
1035 3374 1069 3433 in

12 3467 13 3528 j
112 3458 241 3523 conam.
272 3459 351 3520 Nam
373 3461 406 3518 in
421 3460 511 3540 bajas
531 3458 592 3518 diei
614 3458 782 3518 celebritate
802 3458 870 3517 illes
889 3454 1069 3516 Sanctorum

18 3583 21 3589 .
112 3536 235 3603 Patrem
260 3540 409 3603 Homilies
432 3540 571 3619 legendae
596 3538 740 3608 tradidit,
764 3541 870 3617 quibas
901 3536 1002 3597 eadem
1031 3535 1066 3595 de

12 3611 13 3662 l
116 3625 174 3701 rjus
188 3625 393 3705 Assumptiene
407 3623 582 3705 firmentum·
605 3638 681 3699 quoe
703 3620 821 3698 quidem
837 3620 982 3681 sententie
998 3636 1067 3678 cum
