2517 4059
440 204 499 262 *Sl
521 194 581 256 135
602 201 663 262 aas·

93 336 156 379 vera
177 319 303 395 tidenter
325 323 499 398 responderi
517 327 631 400 potest,
656 340 746 399 super
767 340 871 383 onrnos
892 321 1037 399 Spiritum

92 398 221 462 Sanctum
247 404 338 463 luisse
360 405 530 481 delapsum.
547 404 629 465 Sedit
647 408 725 466 enim
737 422 828 484 supra
843 405 972 483 stapulos
988 420 1034 463 eo·

90 499 173 552 sunu
197 485 289 545 rerba
311 493 381 546 sunt
404 504 442 546 er
464 485 568 562 Capite
590 487 722 547 seeundo
745 485 815 545 set.
840 486 1035 562 Apostorum.

89 560 216 641 Cumque
242 567 281 627 lbi
303 569 398 629 solum
423 568 575 643 Apostoli,
598 569 650 629 sed
674 572 705 627 et
727 568 776 627 alii
798 574 898 628 essent
920 566 1036 635 inclusi,

91 645 160 705 sicut
180 646 278 707 Lucas
298 648 372 707 ‹lleit
392 649 462 709 Act.
486 649 558 726 Cap.
576 648 588 709 l
604 669 635 709 v.
655 646 705 717 su,
722 649 771 709 ubi
787 648 943 710 recensitis
959 648 1039 725 lipo-

89 726 178 785 stolls‘:
201 727 246 790 Hi
268 748 379 799 omnes,
404 732 511 807 inquit,
535 741 623 791 erant
641 741 864 811 perseuerantes
885 731 1039 801 unanimi·

88 816 128 865 ter
144 810 177 867 iu
197 810 332 871 oratione
354 832 421 873 eum
442 813 643 881 mulieribus,
668 822 694 873 et
712 809 816 873 Maria
843 809 941 873 Matre
958 810 1035 880 Iesu,

91 884 170 947 litut
191 911 251 951 nou
275 895 303 950 in
326 895 406 954 solos
427 893 599 970 Apostolos,
622 895 673 955 sed
697 900 727 954 el
750 895 778 951 in
802 894 876 953 alios
898 891 1037 953 Vinosae

90 966 219 1033 Mulieres
241 981 272 1035 et
293 975 501 1035 Beatissimam
519 976 650 1035 lllatrem
668 975 751 1044 lesu,
770 974 895 1051 Spiritus
911 974 1037 1036 Saucius

88 1049 130 1109 die
149 1048 341 1115 Pentecostes
363 1058 487 1117 eiluein
502 1059 551 1116 sit.
574 1057 781 1130 Quamobrem
800 1054 890 1117 ltirus
905 1053 1037 1134 Chryso·

89 1137 191 1193 atomus
213 1134 351 1196 Homilia
373 1147 486 1216 quarto
507 1139 542 1196 in
571 1138 669 1217 Capiet
686 1136 720 1197 11
734 1138 803 1197 Act.
824 1138 1037 1214 Apostolorum

89 1212 121 1270 ita
141 1218 264 1277 scribit:
292 1215 374 1292 Quid
395 1218 525 1279 autem?
556 1218 603 1279 rin
628 1220 663 1277 iu
690 1217 847 1279 duodecim
869 1222 948 1279 uenit
969 1227 1037 1277 lan·

90 1301 164 1363 tum,
189 1316 252 1357 uon
277 1301 369 1361 etiam
393 1301 428 1359 in
452 1298 611 1361 caeteros?
637 1297 857 1379 Nequaquam:
882 1300 933 1361 sed
954 1300 1036 1361 uenit

90 1375 165 1433 eliam
186 1379 220 1438 in
242 1380 310 1440 illos
332 1391 449 1441 eentum
462 1382 580 1460 uipinti.
600 1380 683 1442 idem
697 1380 856 1441 confirmat
870 1382 962 1441 Divus
975 1381 1036 1441 Au·

89 1460 213 1531 gostinus
235 1460 340 1523 Traot.
363 1461 443 1525 XlX
467 1465 495 1521 in
523 1462 677 1523 loannem.

125 1537 173 1600 vt.
196 1540 333 1606 Ellectus
355 1544 504 1604 missionis
520 1543 650 1620 Spiritus
673 1543 773 1605 Sancti
797 1544 919 1607 luerunt
939 1544 1036 1623 primo

88 1630 270 1695 augmentum
304 1627 418 1698 gratiae
441 1625 665 1687 sanctificantis.
689 1623 822 1687 Contulit
843 1628 885 1687 eis
907 1625 1037 1686 secundo

90 1703 203 1772 gratiam
226 1707 435 1782 septilormem
458 1727 511 1769 seu
527 1713 642 1782 septem
658 1708 755 1775 dona,
773 1727 848 1783 quae
865 1707 953 1783 uulgo
970 1706 1037 1783 Spi-

91 1779 154 1843 ritus
167 1784 266 1849 Sancti
283 1787 360 1847 dona
377 1790 532 1849 dicuntur.
550 1789 626 1851 Sunt
641 1807 713 1866 ergo
728 1790 839 1851 donum
855 1788 1031 1865 sapientiae,

91 1859 188 1926 donum
211 1869 394 1938 intellectus,
418 1871 530 1932 donum
554 1871 683 1938 consilii,
707 1872 819 1930 donum
843 1869 1034 1938 tortitudinis,

91 1940 189 2007 donum
212 1952 379 2021 scientiae,
403 1951 514 2013 donum
540 1952 682 2027 pietatis,
707 1953 820 2015 donum
843 1951 959 2013 timoris
981 1948 1037 2013 Do·

92 2026 309 2094 mini.1l0num
332 2033 453 2108 quidem
475 2034 641 2110 sapientiae
665 2034 701 2093 ad
723 2031 917 2111 judicandum
940 2032 977 2093 do
994 2049 1038 2093 ro·

94 2101 141 2165 bus
160 2111 281 2183 ‹livinis3
306 2114 417 2173 donum
441 2116 610 2176 intellectus
633 2116 670 2175 ad
695 2122 807 2176 reetam
824 2114 1037 2193 apprehensio·

93 2201 150 2247 nem
179 2196 339 2264 veritalis;
373 2197 483 2256 donum
509 2197 625 2259 consilii
649 2197 685 2257 ad
709 2204 791 2257 reete
813 2195 1036 2257 deliberandum

92 2265 123 2325 tls
141 2272 344 2348 difficillimis3
369 2280 481 2338 donum
514 2277 698 2339 tortitudinis
726 2279 761 2339 ad
786 2277 1032 2355 consequendum

92 2343 170 2412 finem
192 2362 294 2433 operis
309 2359 396 2417 ardui
413 2366 535 2435 propter
547 2358 644 2417 ileum
657 2361 804 2434 suseepti,
820 2367 851 2422 el
866 2358 1035 2437 superanda

91 2444 288 2521 utrocumque
310 2441 388 2500 mala
405 2459 441 2500 ex
457 2442 584 2501 aduorso
600 2442 799 2512 imminentia;
819 2444 930 2502 donrrm
946 2440 1036 2499 scien·

95 2513 144 2597 uae
162 2520 196 2579 sd
218 2522 414 2583 discernenda
438 2523 588 2585 credenda
611 2543 628 2583 a
651 2541 708 2583 non
725 2524 890 2588 credendis.
907 2527 938 2580 ot
954 2526 1036 2581 recte

91 2595 271 2663 iudicandum
301 2603 338 2663 da
368 2606 457 2665 rebus
487 2604 648 2670 humanis,
678 2610 826 2679 qnatenus
856 2604 970 2663 ducunt
998 2602 1035 2663 ad

96 2670 196 2766 lissim3
220 2686 333 2745 donum
355 2687 473 2761 pietatis
496 2686 532 2745 ad
548 2684 752 2747 exhibendum
776 2688 891 2747 cultum
911 2682 971 2743 Deo
987 2684 1039 2746 de-

96 2749 189 2832 lutum3
212 2761 326 2827 donum
350 2767 466 2827 timoris
487 2767 523 2828 ad
546 2766 642 2827 Deum
661 2770 861 2829 reverendum
879 2784 914 2825 ao
931 2768 1038 2827 timen-

96 2832 167 2899 dum.
189 2846 322 2907 Contulit
344 2850 387 2907 eis
410 2849 499 2907 terlio
521 2848 648 2909 allectus
670 2866 706 2907 ox
729 2848 812 2908 donis
835 2850 906 2924 ipsis
922 2864 1040 2922 proma-

97 2926 194 2994 nanles‚
219 2947 327 3005 nempe
350 2929 567 2990 duodenarium
591 2930 721 2989 iruetnm
745 2932 783 2990 ab
798 2929 942 3005 Apostolo
965 2928 1039 2987 indi-

95 3006 181 3066 catum
209 3008 310 3070 Galat.
339 3007 412 3087 Cap.
437 3008 517 3071 Vr.
547 3010 600 3069 22:
624 3008 753 3070 Fructus
781 3021 881 3071 autem
906 3009 1038 3087 Spiritus

96 3090 147 3141 ut:
170 3088 317 3156 Claritas.
346 3090 513 3159 Gaudium,
539 3090 618 3161 Pau,
643 3089 814 3161 Patientia,
837 3089 1035 3166 Benipnitus,

96 3154 218 3241 Bonitas,
248 3169 490 3249 loupaulmitos.
514 3171 727 3239 Mansuetudo,
751 3171 848 3238 Fides,
876 3170 1035 3241 Modestia,

99 3238 289 3336 Continentia,
310 3254 454 3317 Costitas.
474 3251 559 3313 Haeo
571 3256 653 3315 enirn
667 3262 812 3315 uocantur
826 3254 953 3328 Spiritus
965 3250 1037 3311 Sun-

98 3326 129 3380 etr
153 3328 274 3398 lruolus.
294 3336 365 3409 piria
387 3342 457 3395 sunt
478 3336 601 3410 qtridam
624 3342 710 3395 actus
733 3354 769 3395 ex
793 3336 890 3395 altiori
908 3332 1037 3410 Spiritus

97 3397 182 3491 ¹Sottoti
193 3418 316 3476 virtute.
333 3416 413 3477 lnter
425 3416 578 3478 mirabiles
590 3420 724 3486 allectus,
743 3436 817 3492 arros
832 3434 921 3494 super
933 3433 1038 3475 omnes

100 3498 124 3540 ¹¹1
142 3487 303 3558 Coenaculo
319 3504 516 3575 congregatos
533 3499 674 3575 produxit
686 3496 814 3574 Spiritus
826 3496 964 3564 Sanetus,
981 3496 1038 3559 luit

96 3560 195 3636 tionum
216 3581 400 3658 linguarum,
425 3597 487 3655 quo
508 3579 647 3641 omnibus
668 3581 802 3643 omnium
825 3580 959 3656 gentium
983 3579 1041 3642 liu-¹
