2517 4059
521 156 747 278 weram

160 338 249 400 culus
272 336 448 398 reddantur.
466 334 599 396 Anulum
623 336 798 412 impositum
815 335 908 396 luisse
924 332 1073 411 Episcopo
1090 336 1119 395 iu

163 420 365 480 celebratione
388 418 550 477 Missarum
582 418 693 477 docent
717 418 826 477 Missae
851 416 984 494 lllyrici.
1009 423 1039 475 et
1060 415 1119 477 Ra-

163 502 246 562 toldi.
264 501 391 577 Insuper
415 501 442 557 iu
466 498 630 559 pontificali
655 517 802 558 annorum
820 496 881 557 900
899 498 1018 575 Egberti
1043 499 1120 559 Ebo-

165 584 296 642 racensis
319 582 546 659 archiepiscopi
563 582 693 641 habetur
709 582 783 639 ritus
797 580 884 639 dandi
908 580 1033 639 anulum
1052 576 1121 655 Epi·

164 682 255 740 scopo
270 664 342 723 dum
359 673 552 723 cousecratur
568 706 576 730 ‚
594 661 663 722 cum
686 662 742 721 hac
759 663 916 721 oratioue:
934 665 1030 737 accipe
1045 680 1120 721 aaa·

152 748 226 821 ,tom
248 744 434 824 Pontificalis
462 745 602 809 honoris.
624 754 658 804 ot
680 746 719 801 sis
741 740 828 801 Fidei
859 745 1035 821 intepritate
1056 761 1122 803 nru-

164 829 257 887 uitus.
283 826 315 888 lu
340 834 518 886 testamento
540 843 661 902 quoque
685 822 793 884 lliculli
817 824 954 899 Episcopi
971 822 1123 883 Helenen-

163 908 205 967 sis
228 908 266 966 A.
291 906 329 965 Ι).
352 906 414 966 915
436 909 515 966 iuter
536 925 621 967 sacra
645 912 838 969 ornamenta.
864 924 940 980 quae
975 904 1119 978 reliquit.

167 990 339 1048 nominatur
360 990 467 1047 anulus
490 1006 598 1049 aureus
621 1005 698 1047 unus
721 1005 791 1047 cum
814 988 940 1061 gemmis
971 985 1118 1063 pretiosis.

167 1068 224 1129 His
245 1071 361 1130 accedit
388 1070 565 1147 suffragium
589 1069 811 1145 liturgicarum
835 1067 1045 1145 Scriptorum.
1070 1067 1143 1141 qui·

167 1152 244 1211 iuter
266 1149 453 1227 Episcopalia
471 1159 644 1211 ornamenta
667 1151 772 1209 anulos
796 1150 953 1211 relcruut.
973 1154 1006 1207 ut
1021 1146 1125 1207 Houo-

168 1233 230 1291 rius
264 1228 541 1308 dragusto'duueusis
576 1233 637 1291 tit.
668 1230 688 1290 1
720 1232 860 1293 Gammae
892 1231 1011 1289 animae
1046 1228 1121 1307 Cap.

170 1310 300 1377 CCXVI
320 1315 371 1389 qui
388 1315 478 1373 tradit
492 1315 573 1373 anuli
590 1333 677 1373 usum
694 1321 850 1387 acceptum
869 1312 958 1372 luisse
974 1330 1011 1371 ex
1028 1311 1125 1370 Evau-

168 1396 270 1471 gelio‚
293 1401 323 1454 et
345 1392 526 1472 Episcopum
559 1396 682 1454 anulum
706 1402 846 1471 gestare,
871 1402 903 1454 ut
925 1412 957 1453 se
980 1408 1124 1466 sponsum

169 1474 324 1536 Ecclesiae
346 1484 496 1548 agnoscat.
526 1475 651 1535 Sanctus
675 1476 776 1535 Bruuo
797 1474 980 1551 signiensis,
1003 1472 1048 1531 De
1071 1478 1125 1533 Sa-

170 1559 333 1617 crameutis
361 1555 504 1626 Ecclesiae
526 1556 645 1618 Annios
666 1570 792 1635 ntropne
815 1558 856 1615 ait
882 1560 916 1617 in
939 1556 1035 1631 dipito
1058 1552 1127 1631 Epi-

171 1640 253 1715 scopi
275 1637 424 1715 quoddam
445 1641 565 1715 sipnnm
588 1657 645 1699 esse
668 1638 806 1708 videtne,
826 1657 884 1716 per
912 1637 989 1715 qnod
1015 1636 1128 1697 Christi

173 1720 306 1781 sicarius
339 1737 396 1777 esse
428 1721 633 1797 irrumpitur,
658 1731 692 1779 at
715 1724 777 1801 ejus
808 1714 966 1799 sponsam,
991 1735 1065 1795 puae
1088 1724 1129 1777 est

173 1800 307 1861 Ecclesia
330 1812 438 1875 repat.
462 1815 489 1862 et
510 1802 668 1862 custodiat.
692 1800 806 1861 Similia
829 1802 924 1861 ferme
948 1800 1045 1876 prodit
1066 1796 1129 1856 Ru-

174 1888 277 1960 pertus
298 1880 470 1942 Tuitiensis.
496 1883 637 1962 llystieas
653 1882 882 1959 significationes
899 1884 945 1941 lris
960 1878 1128 1939 consimiles

175 1962 333 2040 proferunt
353 1966 444 2024 etiam
463 1964 659 2024 ‘innocentius
682 1964 724 2025 tlt
747 1972 778 2025 et
801 1964 970 2025 lluraudus.

91 2057 94 2061 '
216 2042 257 2104 lt.
282 2046 327 2103 Ad
352 2048 540 2122 precationes
562 2048 702 2106 dicendas
717 2048 745 2104 iu
761 2046 841 2105 anuli
859 2044 1046 2121 impositione
1062 2058 1132 2117 pro·

174 2127 356 2203 gradiamur.
382 2126 413 2185 lu
436 2128 525 2187 Missa
549 2128 661 2206 lllyrici
686 2130 783 2187 brevis
816 2128 889 2187 haec
921 2142 1045 2203 precum
1069 2122 1129 2179 lor-

176 2210 258 2267 mula
281 2210 318 2267 ad
340 2211 464 2268 anulum
488 2213 629 2286 ponitur:
657 2209 822 2273 circumda
847 2210 954 2285 dipitos
975 2222 1051 2266 meos
1072 2204 1131 2263 oir-

176 2297 259 2353 tote,
284 2302 310 2350 et
332 2289 438 2349 decora
460 2292 690 2372 santificatione.
709 2292 742 2351 tn
758 2293 850 2353 Missa
866 2291 983 2351 Ratoldi
999 2287 1131 2347 aileran-

174 2372 223 2431 tur
246 2371 278 2431 hi
301 2372 360 2430 duo
386 2389 508 2431 versus:

256 2495 385 2575 Pipnore
409 2517 467 2556 me*
483 2496 568 2557 Fidei
592 2500 742 2576 sipnatnm
760 2501 868 2578 pacis,
892 2507 918 2558 et
939 2512 1016 2553 arra

263 2577 387 2639 Custodi
409 2580 537 2649 desire,
562 2578 629 2641 aea
650 2580 834 2645 benedicite,
859 2588 911 2637 tna
935 2575 1110 2636 Peromoia.

177 2686 262 2749 Haec
284 2691 382 2765 quoad
407 2690 548 2760 latinos3
573 2711 632 2768 quo
653 2710 727 2751 vero
756 2692 791 2751 ad
815 2690 968 2757 Graecos,
994 2706 1030 2747 an
1054 2688 1132 2745 iuter

176 2770 257 2847 ipsos
281 2774 418 2849 Episcopi
440 2774 602 2849 antiquitus
617 2775 722 2833 anulos
743 2774 946 2850 gestaverint,
965 2765 1133 2841 incomper-

177 2856 240 2912 tum
264 2861 332 2924 est,
358 2856 450 2913 immo
471 2857 656 2917 contrarium
680 2855 815 2914 scribunt
830 2853 958 2914 lacobus
980 2868 996 2909 a
1021 2848 1131 2909 Vitria-

177 2950 235 2999 co,
259 2934 409 2996 Heuricus
430 2934 587 3003 (lanians,
616 2934 695 2995 Tana.
720 2935 740 2995 6
764 2934 866 3013 Antip.
893 2934 974 3002 Lect;
996 2938 1030 2991 et
1048 2929 1133 2988 laco·

178 3014 235 3075 bus
256 3016 429 3087 Gretserus,
447 3020 476 3075 in
494 3018 605 3080 Codini
625 3015 688 3079 Las.
707 3016 727 3076 1
744 3019 819 3098 Cap.
841 3015 889 3077 16.
907 3014 1009 3077 Costat
1031 3019 1134 3070 tamen

178 3100 361 3158 recentiores
382 3097 515 3159 Graecos
538 3097 700 3177 Episcopos
716 3100 795 3159 hurrc
811 3100 957 3158 honorem
981 3114 997 3155 a
1020 3091 1133 3153 Latinis

179 3180 351 3240 mutuatum
374 3198 432 3239 nou
454 3182 660 3257 improbasse,
684 3182 756 3240 dum
780 3182 849 3255 ipsis
871 3180 962 3240 etiam
986 3176 1065 3235 idem
1088 3190 1134 3233 sa-

179 3274 266 3318 crum
290 3280 396 3339 manus
416 3271 628 3324 ornamentum
653 3260 682 3321 in'
705 3281 761 3322 usu
783 3267 839 3323 est.

221 3338 275 3401 lli.
301 3344 400 3403 Medio
422 3344 485 3404 lere
516 3344 638 3405 saeculo
671 3345 830 3404 undecimo
854 3340 1020 3401 Abbatilrus
1042 3337 1149 3398 etiam·

181 3419 382 3501 Regntartbus
404 3427 484 3485 anuli
501 3446 589 3487 usum
605 3444 783 3487 concessum
801 3427 948 3499 legimus,
965 3420 1136 3497 etquidem

182 3503 212 3563 iu
234 3507 296 3566 sita
319 3507 351 3567 S.
368 3508 502 3568 Gosrniui
525 3509 650 3568 diritatis
672 3506 845 3568 Laubieusis
867 3508 930 3565 Ltt.
957 3510 972 3565 l
992 3500 1067 3581 Cp.
1091 3497 1140 3560 23

182 3591 262 3666 apud
284 3591 492 3653 uasuunium
524 3590 647 3670 hassos
669 3587 744 3681 1¹³⁸,
769 3588 929 3653 &scalam
962 3582 1001 3645 Vt
1022 3578 1140 3647 Bened.

318 3686 376 3742 Vol.
395 3690 429 3740 11.
582 3712 591 3725 x
947 3686 981 3741 tt
