2517 4059
589 185 774 261 ⁴08«-

207 330 296 375 onere
318 312 481 386 liberaret,
505 313 668 375 secandam
688 314 766 379 idad
787 314 891 381 Galat.
911 313 988 393 Cap.
1010 312 1055 376 lV
1078 313 1166 377 hlisit

208 396 291 475 Deus
310 392 405 456 lilium
426 414 536 463 suum,
560 397 675 459 factum
698 400 757 461 sub
779 398 869 479 lege,
902 402 936 459 ut
956 415 1007 459 eos
1030 399 1081 475 qai
1104 397 1164 459 sub

207 478 276 557 lege
299 483 408 550 eraut,
432 479 606 541 redimeret.

590 640 719 740 araur
738 643 777 705 rr.

494 823 536 869 a!
558 824 660 870 EES'EO
679 824 884 870 talamum

249 969 275 1032 l.
298 967 484 1049 Epiphaniae
499 966 636 1041 Festum,
660 970 746 1050 eujus
761 971 944 1034 mentionem
960 969 1075 1032 iaciunt
1087 968 1166 1032 Acta

207 1051 239 1114 S.
256 1050 386 1130 Philippi
401 1048 567 1114 Heracleae
582 1051 770 1132 Episcopi'et
783 1055 927 1133 Martyris
941 1054 1019 1131 apud
1035 1052 1168 1113 Ruiuar·

209 1135 300 1205 tium,
324 1134 557 1197 celeberrimum
573 1135 646 1196 lacit
667 1134 777 1213 triplex
799 1133 866 1195 lesu
883 1134 995 1196 Christi
1017 1135 1165 1214 apparitio

209 1233 264 1277 seu
287 1215 502 1287 manilestatio;
524 1219 660 1279 adoratio
675 1218 791 1278 scilicet
811 1214 877 1294 ejus
899 1235 954 1293 per
968 1216 1084 1297 Magos,
1107 1215 1167 1277 Ba-

208 1298 348 1375 ptismus,
372 1304 403 1358 et
424 1300 555 1376 primum
579 1300 760 1361 miraculum
783 1299 862 1375 quod
884 1300 1008 1375 contigit
1033 1303 1064 1360 in
1084 1296 1167 1360 Cana

209 1378 357 1441 Galileae.
380 1380 544 1458 Triplicem
567 1382 647 1441 hanc
669 1382 738 1443 lesu
757 1378 870 1440 Christi
891 1382 1165 1444 manifestationem

208 1478 330 1539 semper
352 1461 409 1523 hac
431 1464 479 1523 die
501 1465 663 1524 recoluisse
685 1462 805 1524 ridetur
826 1460 961 1523 Ecclesia
981 1463 1108 1533 Latina,
1132 1467 1168 1526 ut

208 1549 292 1623 patet
313 1549 377 1611 tum
400 1562 438 1605 ex
452 1543 576 1625 Hymna
591 1545 744 1607 Prudentii
765 1562 855 1622 quem
878 1546 916 1604 a'd
931 1545 1038 1607 Divina
1059 1546 1168 1607 Officia

207 1626 284 1688 solet
299 1626 455 1699 adhibere,
478 1633 543 1687 tum
559 1646 597 1688 ex
608 1627 640 1688 S.
653 1627 788 1695 Paulino,
800 1628 944 1690 Carmine
954 1626 1006 1687 IX
1015 1628 1051 1689 de
1065 1629 1098 1691 S.
1111 1624 1168 1689 Fe·

207 1710 281 1778 lice,·
292 1720 330 1769 ex
340 1707 487 1795 Gregopio
498 1709 675 1776 Turonensi,
692 1707 795 1768 Lib.ll
810 1707 846 1766 de
861 1707 1021 1770 thramite
1042 1710 1073 1773 S.
1082 1715 1169 1772 Mar·

208 1792 269 1851 tini
289 1788 362 1869 Cap.
378 1792 464 1853 att-er
485 1791 520 1852 de
539 1791 647 1855 Gloria
661 1794 831 1869 Martyrum
846 1787 918 1867 Cap.
935 1789 994 1862 8⁸13
1018 1810 1057 1853 ex
1067 1791 1099 1853 S.
1112 1789 1170 1851 Isi·

208 1873 275 1935 dori
297 1872 390 1934 Libro
412 1873 441 1934 ll
463 1874 500 1935 de
514 1874 637 1936 Divinis
662 1869 771 1956 Officiis
792 1871 863 1950 Cap.
880 1873 922 1933 26
944 1878 975 1933 et
995 1876 1083 1944 aliis.
1096 1871 1169 1951 Epi-

207 1956 317 2033 phania
339 1956 611 2017 manilestationem
645 1952 815 2034 significat:
847 1952 1020 2035 Dpiphonia
1040 1964 1168 2035 graecae

207 2038 328 2117 linguae
359 2039 499 2099 vocabalo
523 2038 728 2117 manifestatio
750 2037 811 2097 diei
835 2046 958 2117 potest,·
981 2040 1074 2099 verba
1096 2043 1168 2100 sunt

206 2118 274 2179 Divi
293 2116 452 2195 Augustini
467 2120 607 2183 Sermone
622 2120 684 2179 203
705 2122 778 2181 alias
794 2116 835 2179 bh
856 2118 894 2179 de
910 2115 1054 2181 Diversis.
1070 2120 1167 2181 >ldem
1251 2119 1252 2152 ³

207 2201 250 2262 ait
263 2197 295 2261 S.
313 2200 483 2263 Bernartius
501 2200 644 2265 Sermone
656 2200 697 2261 lll
721 2202 756 2261 de
767 2200 963 2281 Epiphania:
987 2201 1167 2264 Solemnitcs
1251 2269 1252 2272 Ἴ

207 2283 304 2362 igitar
317 2282 480 2344 hodiernae
496 2282 556 2343 diei
570 2284 607 2342 ab
623 2284 812 2363 apparitione
822 2300 930 2341 namen
944 2284 1068 2363 aceepit.
1092 2282 1167 2362 Epi·
1251 2325 1252 2330 κ

203 2366 320 2446 phania
342 2366 449 2444 qnippe
471 2365 622 2446 apparitio
643 2374 695 2425 est.
718 2362 815 2425 Hodie
836 2382 905 2440 erpo
926 2367 1079 2444 apparitio
1104 2367 1167 2427 Dc·
1251 2371 1252 2406 ³

207 2446 285 2507 mini
307 2448 485 2509 celebratur.
519 2447 551 2507 ln
573 2446 730 2508 Breviario
751 2446 947 2507 Mazarabum
977 2450 1035 2509 hoc
1055 2449 1167 2509 testum

207 2528 380 2589 inscribitur
400 2525 562 2607 Apparitie
584 2528 718 2589 Domini.
742 2525 1015 2606 Gathar—Hispani
1038 2534 1168 2608 utraque

208 2610 407 2693 appellatione
434 2619 487 2671 aut
509 2612 713 2689 Apparitionis
738 2611 872 2680 Domini,
902 2616 956 2671 aut
977 2612 1169 2693 Epiphaniae

207 2693 381 2769 promiscue
404 2692 579 2753 utebantur.
610 2692 642 2754 b.
658 2693 867 2771 Hieronymus
888 2689 1088 2770 Epiphaniam
1115 2711 1170 2755 vo·

207 2779 258 2834 cat
278 2775 356 2835 diem
379 2774 480 2842 illum,
505 2792 565 2852 quo
588 2772 672 2835 lesus
691 2772 831 2835 Christus
852 2774 1022 2850 baptizatus
1044 2776 1166 2846 luerat,

207 2855 247 2917 cb
262 2862 417 2935 acceptum
432 2856 636 2918 testimonium
649 2857 853 2917 manifestatae
868 2857 982 2935 gloriae
998 2877 1089 2921 suae.
1105 2858 1169 2918 Alii

205 2944 317 3001 nocant
342 2936 573 3019 Theophaniam,
596 2956 675 3014 quae
696 2957 754 2999 vox
776 2938 830 2998 Dei
854 2935 1058 3015 praesentiam
1079 2940 1170 3021 sigui·

207 3018 300 3090 ficat,
326 3027 485 3099 propterea
507 3021 586 3097 qrrad
603 3019 697 3081 Pater
719 3022 919 3097 praesentiam
943 3039 1029 3083 suam
1061 3024 1091 3083 in
1112 3022 1169 3082 Ba·

206 3103 321 3181 ptismo
335 3100 403 3161 Filii
419 3102 674 3169 manifestaverat.
697 3101 732 3161 ln
747 3099 882 3170 Oriente,
907 3103 1097 3166 ubi'Festum
1108 3102 1169 3164 hoc

207 3182 419 3246 celebrabatur
440 3185 469 3243 in
493 3184 639 3243 honorem
662 3184 806 3261 liaptismi
829 3183 897 3245 lesu
917 3184 1042 3256 Christi,
1066 3187 1168 3264 appel-

206 3265 328 3327 labatur
350 3265 464 3327 Soneta
483 3262 630 3335 Lamina,
653 3283 690 3325 eo
712 3267 791 3342 quod
812 3266 984 3344 Baptismus
1004 3274 1168 3329 vacaretur

207 3346 411 3410 litaminate‘e.
443 3344 582 3408 Ceterum
616 3365 686 3407 cum
718 3348 815 3425 prisca
847 3348 1006 3410 traditione
1033 3348 1169 3410 didiceri-

183 3456 186 3463 ·
205 3448 276 3491 mus
291 3428 395 3507 Magos
410 3427 502 3491 luisse
517 3430 623 3505 Reges,
648 3430 871 3506 insequentibus
893 3431 1080 3509 temporibus
1101 3432 1166 3492 dies

207 3510 396 3597 Epiphaniae
416 3509 539 3574 Festum
561 3509 681 3589 Regum
703 3516 750 3573 est
771 3511 945 3590 appellatus.
969 3511 1100 3574 inficiari
1116 3529 1165 3575 ne
1248 3540 1249 3552 ¹

206 3610 259 3653 ma
280 3598 390 3673 potest,
416 3594 493 3657 inter
507 3592 699 3656 Festivitates
713 3592 867 3656 Ecclesiae
882 3595 1048 3657 maximam
1072 3596 1163 3658 luisse
