2517 4059
548 173 773 246 ⁸m1'l8ffl·

184 311 253 363 esset
264 305 384 383 jussus,
412 311 441 361 ei
461 304 551 363 nollet
573 323 639 363 eom
661 304 834 365 irorluocre.
869 299 988 385 Etenim
1010 318 1067 359 vox
1085 302 1150 380 ju-

181 397 257 454 alus,
280 384 304 443 si
327 387 442 452 stricte,
465 392 498 445 ei
518 387 653 462 rigoroso
677 388 819 454 sumitur,
842 385 977 444 omnium
994 385 1147 441 virtutum

183 465 424 542 complexionem
446 466 606 540 signifieat.
642 468 800 544 Approlsat
821 466 898 525 hanc
922 464 1174 542 interpretatio--

183 565 252 607 nem
276 550 417 623 egregius
432 547 619 608 lllaldonalns
642 550 689 607 nis
703 549 823 607 vorbis:
849 544 1028 626 Respondeo,
1052 544 1153 605 Com-

181 629 329 690 mentario
350 632 381 689 in
404 630 483 689 hune
499 631 599 691 locum
614 630 719 709 Ioseph
733 632 836 689 uocari
845 632 972 709 jussum,
987 646 1047 685 uou
1062 624 1153 704 quod

176 712 301 792 justitia
323 729 387 769 uuo
410 729 449 770 eu
465 723 597 790 quotuor
617 711 781 772 uirluiilus
802 711 968 771 moralibus
986 707 1152 788 praeditus

183 802 282 861 cusi,
305 791 356 851 sed
378 791 458 871 quod
484 794 568 853 omui
587 795 735 853 oirlulum
761 810 866 870 penore
889 792 1074 859 cumulatus,
1109 798 1151 848 ut

186 873 411 951 chrysostomus
433 872 601 935 adnotavit.
624 873 708 935 Alias
730 876 883 940 virtutes,
913 874 1081 933 eastitalem
1114 872 1149 929 in

181 956 314 1034 primis,
345 956 373 1014 in
395 955 523 1032 loseplro
546 956 758 1017 commendant
780 954 908 1025 Patres3
942 954 994 1013 sed
1017 952 1072 1013 hos
1093 970 1152 1011 re·

183 1054 310 1098 censere
332 1045 503 1113 praetereo.
527 1034 715 1112 Religionem
738 1055 915 1106 summam,
944 1040 977 1094 ei
997 1036 1148 1111 pietatem

184 1120 215 1177 in
231 1117 331 1179 Deum
354 1118 559 1194 deleguntalii
580 1120 611 1177 in
626 1121 790 1197 proposito,
814 1117 893 1195 quod
911 1117 1016 1177 habuit
1032 1114 1149 1193 ligendi
1174 1172 1180 1181 ,

182 1200 287 1259 sedem
311 1216 397 1258 suam
421 1200 450 1257 in
473 1199 607 1269 Iudaea,
631 1208 663 1261 el
684 1200 808 1260 sortasse
829 1201 858 1258 in
882 1197 1070 1266 Ierusalem,
1096 1203 1152 1257 ui·

182 1286 254 1357 pote
278 1282 345 1340 loeo
361 1278 487 1357 Templo
509 1283 659 1358 proximo,
684 1288 715 1341 el
729 1282 876 1345 fovendae
892 1280 994 1358 pietali
1018 1279 1149 1345 idoneo,

182 1361 313 1438 ideoque
336 1361 523 1439 relinquendi
547 1365 660 1439 patrias
683 1363 780 1433 sedes,
805 1363 1030 1439 consaguineos,
1054 1365 1147 1419 elea

181 1442 352 1508 commoda,
375 1460 454 1519 quae
477 1445 660 1521 pauperibus
674 1446 771 1509 eiiam
795 1445 920 1519 praehet
940 1443 1048 1521 patria.
1074 1440 1153 1505 Vin.

181 1524 289 1599 ginem
306 1522 399 1584 luisse
421 1524 585 1601 losephum
609 1531 672 1586 iulo
692 1527 772 1585 vilae
796 1532 952 1601 tempore,
976 1524 1150 1583 defendunt

180 1622 252 1666 cum
269 1605 444 1673 Veteribus,
469 1604 664 1667 Receniiores
687 1608 788 1683 plures
803 1607 998 1683 Interprotes.
1023 1604 1054 1665 S.
1068 1602 1149 1665 Hie-

185 1704 331 1767 ronymus
352 1688 529 1764 potissimus
550 1694 597 1748 esi
618 1685 684 1765 ejus
707 1688 855 1762 opinionis
877 1693 1018 1755 assertor,
1043 1688 1071 1745 in
1094 1685 1149 1745 Li·

183 1768 240 1827 bro
264 1776 369 1828 eonira
391 1766 568 1827 Helvidium
600 1766 674 1845 Cap.
699 1768 768 1829 IX:
793 1768 897 1829 Etiam
919 1770 1015 1845 ipsum
1039 1766 1153 1847 Ioseple

182 1851 306 1926 inquil,
335 1851 492 1927 Virpiuem
510 1850 601 1926 fuisse
619 1869 677 1927 per
698 1849 845 1917 Mariam,
868 1856 902 1910 ul
926 1869 964 1910 em
989 1850 1151 1925 l'irpinuli

148 1923 160 1939 ⁸
181 1933 321 2011 coujupio
346 1932 436 2008 Virpo
451 1929 549 1990 Filius
570 1941 755 1993 nosceretur.
780 1931 912 2005 Longius
924 1933 1017 1991 eiiam
1033 1947 1152 1991 exeun.

178 2014 219 2070 rii
233 2013 266 2073 S.
283 2012 391 2073 Petrus
413 2013 549 2072 Damiani
565 2010 678 2089 Opusc.
698 2012 736 2073 17
753 2031 836 2073 unm.
851 2012 881 2073 3:
906 2012 1054 2073 Ecclesiae
1069 2010 1148 2093 fides

179 2102 233 2160 est,
255 2104 290 2153 ui
316 2094 405 2169 Virpo
425 2094 546 2171 suerii„
570 2105 598 2155 ιε
618 2097 646 2154 is
668 2096 729 2173 qui·
743 2095 904 2155 simulo-ius
926 2104 966 2155 csl
984 2104 1084 2174 paler.

559 2250 687 2317 CAPUT
708 2254 749 2316 ll.

217 2432 262 2477 ne
278 2432 379 2490 unsre
394 2432 650 2478 uunrrrcsrrorns
664 2378 790 2479 n'nnnrn
804 2432 929 2481 11111111
944 2424 1095 2481 visamus.

211 2578 258 2653 l„
272 2577 320 2637 Ab
342 2579 415 2655 ipsis
437 2576 591 2641 Ecclesiae
623 2580 756 2641 exordiis
778 2581 999 2650 iesliviiaiem,
1023 2580 1059 2642 de
1082 2600 1147 2658 qua

179 2660 322 2737 ammas,
347 2678 364 2718 a
385 2656 512 2722 Graecis
534 2660 627 2721 inisse
649 2662 833 2723 celebratam
857 2660 943 2722 iacile
965 2668 1141 2733 constaret,

177 2742 203 2802 si
226 2747 380 2803 constaret
401 2760 467 2804 earn
491 2743 673 2822 orationem,
698 2762 774 2819 quae
796 2748 830 2805 iu
845 2762 1001 2804 occursum
1018 2746 1147 2805 Domini

177 2821 366 2893 inscribitur,
390 2831 421 2886 ei
435 2823 466 2884 S.
484 2823 642 2885 Methodio
665 2826 819 2894 tribuitur,
844 2842 985 2901 amagno
1004 2826 1058 2887 -illo
1080 2826 1146 2887 Me·

178 2905 298 2975 ihodio,
316 2907 368 2982 qui
383 2905 504 2967 saeonlo
518 2904 562 2966 Ill
580 2902 742 2973 illustravit
755 2905 934 2971 Ecclesiam,
951 2906 1044 2967 inisse
1060 2925 1145 2969 oom-

175 2988 317 3064 posiiam.
341 2986 516 3064 liquidem
538 2986 691 3047 contendit
713 2986 842 3049 Allalius
863 2988 908 3049 De
924 2986 1145 3051 Miliodiorum

178 3070 300 3147 scriptis
322 3086 391 3146 pag.
411 3067 484 3129 al1.
509 3068 550 3127 At
571 3068 628 3129 hae
651 3069 680 3141 in
697 3078 738 3130 re*
751 3068 865 3131 Allaiio
887 3071 1032 3131 obsistunt
1052 3071 1145 3132 Grei-

175 3167 287 3221 serus,
313 3150 425 3227 aliique
448 3156 635 3226 praestantes
657 3151 725 3210 viris
756 3151 804 3211 Ad
826 3158 989 3227 quartum,
1012 3170 1065 3213 seu
1084 3150 1144 3223 ,si

175 3232 242 3298 vis,
264 3231 403 3307 quinium
427 3230 585 3291 Ecclesiae
608 3233 764 3293 saeculum
786 3249 853 3292 eam
877 3232 1070 3293 festivitatem
1094 3250 1145 3293 re-

177 3314 281 3374 ferunt
302 3310 459 3380 nonnulli,
485 3313 675 3389 allegansque
699 3312 765 3373 Divi
789 3314 908 3375 loannis
931 3312 1143 3393 Chrysosiomi

175 3394 333 3456 homiliam
356 3395 386 3453 in
414 3390 581 3454 Occursum
596 3395 735 3455 Domini.
758 3395 800 3455 At
822 3414 857 3456 ea
880 3396 1005 3456 homilia
1027 3397 1056 3455 in
1078 3392 1142 3455 Cri-

176 3478 304 3537 ticorum
328 3475 596 3552 reprehensionem
621 3477 746 3546 incidit,
770 3493 898 3554 eamque
921 3475 1142 3557 Chrysoslomo

181 3558 319 3622 demunt.
337 3555 393 3617 Sed
410 3565 494 3621 cerie
513 3556 723 3636 jamdudum,
746 3574 813 3619 earn
837 3558 1031 3623 iosliviialrm
1047 3558 1143 3621 luisse
