2517 4059
489 190 712 264 oemssilssiffl·

125 322 216 381 latine
238 320 418 382 oblationem
441 321 599 399 significat.
624 322 701 382 loca
724 322 901 383 Sanctorum
924 320 1069 390 Petrum,
1095 374 1109 397 Α

118 422 142 462 (ι
158 404 267 478 quihus
287 400 451 483 Proeploro
473 420 526 479 pro
542 403 693 465 Sacrificio
715 405 869 479 accipitur,
887 406 979 465 multa
1001 422 1072 464 con·

125 486 202 559 gerit
222 482 385 545 Riccacdns
408 486 435 544 in
458 484 680 548 Commentario
701 486 738 546 ad
759 485 933 547 Orationem
955 493 1071 547 sextam

126 567 222 627 Procli
245 585 312 645 pag.
337 565 410 626 2h2.
436 566 552 629 Dicitur
578 566 735 648 Spnaaie,
765 568 844 645 quod
873 585 981 628 nomen
1003 569 1073 629 licet

116 666 179 727 pro
194 666 383 727 utracumque
399 646 545 711 Fidelium
562 650 796 728 Congregatione
813 651 950 724 usurpari
965 650 1070 715 soleat·

123 750 140 789 a
158 730 299 808 Dionysio
322 738 421 791 tamen
437 750 557 810 semper
579 734 709 793 sumitur
724 750 777 809 pro
792 730 956 800 Sacrificio,
975 738 1007 791 ut
1021 732 1071 793 oh·

123 819 227 875 servat
240 812 454 893 pachymeres.
468 814 601 874 Tandem
618 813 802 891 Epiphanius
817 809 941 873 Haeresi
956 813 998 873 73
1016 809 1072 873 Oe·

125 895 289 953 eunomiane
313 896 468 972 appellat,
491 914 550 973 quo
572 898 690 958 nomine
713 902 838 955 vocator
859 895 1070 972 saepissimae

122 996 139 1035 a
163 975 300 1037 Patribus
321 978 500 1055 llysterium
524 978 612 1040 etiam
637 976 877 1045 lncarnationia;
902 984 949 1039 est
968 982 1071 1037 numm

130 1056 307 1117 Oeconomio
330 1060 453 1134 provida
476 1062 519 1121 rei
542 1060 757 1122 administratio
779 1059 816 1120 ad
837 1060 965 1119 aliorum
988 1076 1071 1119 com-

122 1141 272 1207 modum,
295 1145 326 1201 et
348 1139 504 1203 utilitatem
529 1140 673 1211 ordinata,
696 1160 773 1219 qnae
796 1145 856 1199 tam
879 1142 908 1200 in
929 1142 1070 1202 lucorna-

123 1224 231 1292 tione,
261 1240 349 1299 qrtam
374 1224 402 1303 in
426 1224 614 1285 liuelraristia
640 1224 814 1283 mirabiliter
833 1225 939 1284 eluxit.
964 1224 1071 1283 Aliae

122 1304 248 1365 tiraeeis
271 1305 387 1364 divinae
410 1306 560 1382 Liturgiae
590 1308 700 1366 tributa
728 1305 846 1365 nomina
876 1306 976 1382 qualia
999 1312 1071 1365 sunt

122 1386 300 1465 lliernrpio,
319 1384 457 1465 Entopin,
475 1388 646 1467 lllysterion.
666 1385 782 1451 latria,
797 1387 923 1465 llipnon,
944 1385 1068 1454 Teieion,

122 1477 154 1530 ut
176 1470 308 1537 similia,
332 1487 410 1543 quae
433 1469 521 1529 latine
543 1478 611 1531 sunt
633 1469 719 1529 detio
740 1486 851 1537 encra,
875 1466 1069 1534 Benedictio,

122 1549 310 1630 Mysterinm,
331 1551 447 1618 Cattos,
468 1552 576 1617 Coeno,
599 1549 750 1629 Persea-tio.
773 1549 832 1622 Qui
855 1550 941 1627 plura
963 1550 999 1609 de
1014 1551 1071 1610 hac

123 1650 155 1691 re
178 1633 254 1693 scire
276 1632 435 1703 desiderat,
460 1634 549 1693 adeat
570 1634 757 1705 doctissimos
779 1632 858 1691 viros
880 1629 1069 1691 Cardinalem

121 1714 224 1780 Bona,
250 1714 313 1777 Lih.
338 1712 350 1773 l
373 1712 445 1793 Cep.
470 1715 500 1785 33
520 1714 679 1791 losephnm
703 1714 942 1775 vicecomitem,
966 1710 1028 1772 tit.
1052 1714 1074 1773 Ι

120 1795 155 1854 cle
179 1794 298 1856 tricione
319 1795 447 1867 Minoem,-
468 1796 541 1872 Cap.
566 1798 606 1863 7;
633 1796 773 1856 loannem
799 1794 908 1861 llartis,
933 1794 1070 1856 deCon·

118 1874 281 1939 secretione
305 1876 383 1938 Dice.
416 1879 440 1938 l.
471 1877 569 1941 Trcct.
596 1878 630 1936 de
654 1877 845 1937 nectariola
866 1876 939 1953 Cap.
964 1874 1015 1944 193
1040 1884 1072 1937 et

118 1959 322 2035 Theophilum
346 1957 567 2037 liayuaudnm,
600 1962 627 2019 in
655 1950 868 2019 Onomfieticc:
898 1958 944 2018 hie
966 1975 1071 2018 omnes

118 2042 257 2117 plurain
280 2042 377 2101 citatis
399 2043 469 2102 locis
488 2042 596 2103 Missae
620 2044 740 2102 nomina
762 2042 956 2119 collegerunt,
982 2040 1068 2101 nohis

119 2123 282 2201 praecipua
306 2124 451 2185 indicasse
473 2125 610 2184 sulliciat.

497 2286 621 2347 CAPUT
644 2287 683 2347 ll.

314 2468 356 2514 nn
380 2468 482 2511 vaurts
504 2469 662 2514 urssnnnn
685 2467 869 2510 cessamus.

160 2614 183 2673 l.
209 2615 296 2675 Plura
320 2614 479 2675 illissarnm
504 2634 635 2693 genere,
660 2617 688 2673 in
711 2633 767 2675 nsn
791 2614 862 2673 olim
886 2612 999 2681 tuisse,
1023 2615 1068 2671 at·

117 2715 176 2772 (pue
204 2698 293 2757 ctiam
317 2714 394 2757 nuno
416 2714 479 2756 esse
503 2697 691 2757 manifestum
714 2700 768 2755 cst
793 2695 868 2756 Sum
888 2694 968 2753 euim
992 2691 1063 2755 Mis·

116 2796 168 2839 sae
191 2781 349 2846 solemnes,
374 2784 404 2839 et
424 2781 624 2855 quotidianae,
650 2777 788 2855 publicae
809 2781 840 2835 et
855 2776 1000 2852 privatae,
1017 2792 1065 2835 so·

117 2860 255 2931 litariao‚
279 2860 431 2937 generales
463 2864 493 2921 et
520 2861 710 2939 peculiares,
735 2860 772 2918 de
799 2858 949 2934 'l'empore
971 2861 1002 2917 et
1026 2856 1064 2917 de
1137 2854 1140 2862 '
1173 2932 1182 2943 ¹

116 2942 242 3009 Sanctis,
265 2941 484 3003 Conventuales
506 2951 537 3005 et
560 2940 691 3001 Ferialcs
714 2947 744 3000 et
766 2940 891 2999 Votivao
914 2956 968 3015 pro
989 2937 1066 2997 viris

115 3030 147 3083 et
167 3042 221 3102 pro
244 3024 402 3090 defunctis.
428 3022 481 3085 Est
502 3032 533 3086 et
556 3024 646 3084 hlisse
667 3020 1013 3088 Praesanctihcatornm,
1035 3026 1067 3080 et

114 3106 173 3165 alia
196 3124 286 3181 quam
307 3106 421 3167 Siccam
445 3112 564 3173 vocant.
582 3106 618 3165 de
641 3106 750 3181 quihus
763 3105 902 3180 deinceps
917 3102 1080 3181 agendum·

115 3189 185 3250 erit,
209 3188 298 3247 hlisea
321 3187 471 3254 solemnis,
496 3206 586 3265 qtram
610 3187 699 3247 hodie
722 3188 927 3265 praecipuam,
951 3190 1068 3254 etma-

112 3267 210 3346 jorcm
234 3288 389 3336 vocamus,
414 3269 464 3329 illa
487 3270 607 3349 proprie
629 3270 748 3337 dicitur,
771 3287 848 3346 apinae
871 3286 939 3328 cum
962 3271 1064 3336 cantu,

114 3356 145 3409 et
166 3352 291 3413 solemni
307 3350 569 3413 Caeremoniarum
585 3359 743 3429 apparatu,
761 3352 916 3415 llinistris,
932 3353 963 3410 ct
976 3346 1065 3411 Clero

113 3434 345 3501 assistentibus,
370 3434 408 3494 ab
436 3433 590 3493 Amalario
612 3432 686 3511 Cap.
713 3432 780 3493 l'lll
810 3432 956 3508 generalis
988 3430 1066 3490 dicta

113 3523 172 3584 est,
197 3534 255 3593 qaia
277 3516 517 3577 denominatione
540 3516 689 3576 interdum
714 3520 840 3575 utuntur
860 3515 982 3590 antiqna
1003 3511 1067 3572 Mo·

112 3598 280 3659 nachorem
306 3595 451 3665 litteralia,
477 3597 546 3675 qnia
571 3603 651 3659 totus
672 3604 774 3657 coetus
795 3596 822 3657 ei
845 3597 919 3656 solct
943 3595 1066 3656 interes·
