2517 4059
497 219 556 279 ep>
578 209 635 268 ΞΜ
660 219 719 277 lese

125 343 261 397 cantare.
286 337 380 415 Ajunt
402 339 530 416 denique
553 338 608 397 alia
632 340 779 415 quaedam
797 342 825 398 in
848 359 884 401 ea
907 359 991 407 osse,
1010 360 1085 416 quae

127 420 297 479 recentiora
320 426 400 478 siml.
414 418 481 480 Hoc
505 421 691 497 probandum
715 422 785 497 ipsis
808 429 883 493 erat;
900 421 984 500 ajunt
1006 425 1086 482 enim

123 498 170 559 illi
189 545 196 569 ‚
227 518 281 559 nos
311 520 467 579 negamus.
507 501 563 561 Sed
593 502 672 561 ultro
710 505 909 565 concedamus
946 504 1087 565 nonnulla

126 582 229 642 addita
252 602 269 642 a
293 585 510 643 recentioribus
543 588 576 645 ut
599 584 627 641 in
650 585 797 645 similibus
829 582 894 644 fieri
929 586 1024 653 solet,
1049 604 1085 645 au

126 664 240 723 'dcirco
263 665 430 724 obiiciendo
453 665 553 724 omnia
576 665 660 725 velut
681 668 806 741 spuria,
833 668 880 726 illa
903 668 991 727 etiam
1008 686 1086 744 quae

143 748 256 806 enuinu
278 750 373 808 sunt‘l
396 747 442 806 An
473 746 540 806 ideo
561 746 801 807 Pentateuolmm
824 748 922 827 Moysi
952 749 1087 809 tribuen-

154 847 196 887 rm
221 845 278 886 uon
301 828 378 896 erit,
403 829 472 905 quia
496 829 525 885 in
548 826 608 886 fine
629 828 856 889 Deuteronomii
891 831 982 905 ipsius
1003 848 1086 890 mors

177 910 332 986 sepultura
355 911 392 969 ab
415 910 473 969 alio
495 910 642 985 scriptore
666 912 765 972 addita
788 914 861 972 esta
881 908 949 969 Non
969 918 1015 972 est
1030 912 1084 970 ho·

134 993 213 1051 ..mis
235 993 298 1051 sani
322 993 364 1052 sio
386 993 603 1069 argumentari.

510 1130 638 1193 CAPUT
660 1132 700 1193 ll.

366 1276 409 1319 DE
430 1276 581 1320 ulruaola
605 1277 631 1321 S·
656 1276 846 1321 cumulemus.

169 1400 197 1458 l.
221 1398 356 1477 Liturgia
379 1400 408 1459 S.
434 1400 596 1462 Clementis
619 1406 664 1461 esi
688 1400 762 1465 ula,
787 1418 863 1477 quae
887 1401 1035 1475 reperitur
1057 1400 1087 1457 in

123 1478 221 1539 Libro
244 1488 352 1540 octavo
375 1479 476 1543 Const.
501 1483 639 1560 Apostol.
661 1526 668 1552 ‚
692 1490 723 1543 et
744 1499 821 1557 quae
844 1481 1006 1541 Clementis
1028 1480 1086 1539 Ro-

125 1565 208 1621 mani
231 1561 396 1631 pontificis,
421 1570 453 1623 et
468 1564 683 1641 ,lpostolorum
706 1564 850 1638 Discipuli
868 1581 980 1628 nomen
998 1578 1085 1637 prae-

124 1644 230 1705 selerl.
255 1644 299 1705 Dc
322 1646 379 1704 hac
402 1646 535 1725 liturgia
559 1647 764 1706 testimonium
799 1644 940 1721 perhibet
961 1644 992 1704 s.
1016 1639 1087 1702 Pro·

127 1726 195 1786 clus
217 1723 475 1804 Archiepiscopus
496 1726 553 1788 ΕΡ.
580 1730 608 1786 in
632 1727 774 1787 Tractatu
798 1725 1016 1786 deTraditione
1040 1723 1087 1782 Di·

126 1809 215 1867 viuae
239 1807 361 1868 Missae.
380 1808 579 1869 Bellarminus
604 1810 631 1866 in
647 1808 736 1868 Libro
761 1807 795 1865 do
811 1808 1010 1887 Scriplombus
1032 1804 1088 1864 Ec·

127 1890 301 1949 cicsioslicis
325 1892 463 1967 opinatur
479 1892 640 1968 genuinam
665 1908 729 1949 essa
747 1889 910 1965 Liturgiam
936 1886 1002 1948 Divi
1018 1885 1085 1948 Cle-

125 1973 248 2031 mentis.
274 1971 334 2031 Alii
359 1978 458 2031 tamen
481 1973 670 2049 Scriptores,
696 1972 746 2047 qui
770 1977 880 2047 negant
901 1968 1088 2030 Clementem

126 2050 371 2129 Apostolicorum
389 2052 645 2115 Constitutionum
669 2051 835 2114 Auctorem
859 2070 945 2122 esse,
981 2051 1017 2109 ab
1050 2068 1087 2111 eo

127 2135 241 2211 pariter
264 2133 439 2211 abjudicant
462 2135 645 2212 Lilurgiam,
669 2152 747 2210 quae
770 2152 838 2211 pars
861 2134 981 2195 illarum
1005 2139 1088 2192 nota·

126 2214 195 2275 bilis
217 2223 274 2275 est.
299 2214 422 2276 Certum
446 2223 544 2277 tamen
567 2218 647 2295 apud
680 2234 804 2283 omues,
844 2222 874 2275 et
896 2216 1087 2291 exploratum

127 2314 208 2358 nunc
231 2302 294 2361 est,
319 2304 352 2358 ut
372 2301 414 2358 ait
435 2297 602 2358 Cardinalis
631 2299 713 2357 Bona
736 2297 802 2356 Lib,
820 2296 963 2357 illerum
988 2295 1088 2353 Litur·

126 2381 263 2456 gicarum
286 2378 360 2457 Cap.
377 2378 408 2439 8.
434 2398 463 2438 u.
490 2378 509 2439 ἱι
532 2379 609 2456 quod
633 2381 716 2439 siah
740 2378 891 2455 Apostolis
915 2378 1088 2437 immediate

128 2462 256 2521 dictatae
280 2480 337 2524 non
354 2460 487 2530 luerunt,
511 2460 644 2521 Concilio
668 2468 767 2521 lamen
784 2458 917 2519 Nicaeno
939 2457 1088 2533 antiquio·

128 2561 180 2604 res
202 2548 280 2611 sunt,
304 2549 336 2603 et
358 2545 385 2601 in
409 2542 466 2603 illis
489 2546 660 2603 continetur
682 2541 844 2617 Disciplina
862 2538 1083 2606 Ecclesiastica,

129 2642 189 2701 qua
204 2622 367 2685 Orientalis
381 2621 517 2685 Ecclesia
540 2626 596 2685 sub
613 2622 749 2684 Etlrnieis
765 2622 1002 2699 imperatoribus
1017 2627 1086 2680 ante

129 2706 274 2781 Magnum
290 2705 496 2768 Costautiuum
514 2707 687 2785 regebatur,
705 2710 740 2764 ut
755 2703 974 2764 eruditissimus
989 2702 1021 2762 P.
1039 2702 1088 2761 lo·

132 2786 250 2847 hannes
271 2786 421 2857 iterium,
447 2789 533 2848 docet
554 2793 632 2865 part.
651 2783 678 2845 '2
701 2785 737 2845 de
760 2786 863 2847 Sacris
883 2780 1090 2844 ordinationi-

132 2869 186 2928 bus
207 2884 275 2947 pag.
300 2868 342 2929 20
363 2870 412 2928 cui
435 2870 633 2947 adstipulatur
656 2866 805 2927 lohannes
818 2863 931 2925 Fronto
945 2867 980 2925 in
997 2863 1087 2923 Proa-

130 2951 242 3010 notatis
264 2950 305 3010 od
330 2947 553 3011 Koteudurium
585 2948 767 3009 Romanum.
793 2946 902 3007 Petrus
925 2946 961 3011 de
983 2944 1090 3006 Marco

130 3029 197 3092 Lib.
220 3030 248 3089 V
272 3031 457 3095 Concordiae
473 3034 546 3109 Cup.
564 3031 587 3092 2
607 3032 774 3091 Auctorem
792 3028 994 3106 praelatarum
1011 3026 1089 3088 Con-

131 3113 323 3174 stitutionum
347 3114 454 3173 saltem
471 3113 591 3174 saeculo
607 3113 697 3173 lertio
712 3112 851 3173 lloruisse
873 3111 974 3180 tradit,
998 3108 1092 3183 idque

132 3195 272 3256 omnibus
295 3196 385 3256 hodie
401 3212 578 3273 persuasum
595 3212 662 3255 esse
679 3194 817 3255 adstruit.
841 3189 979 3253 Firmum
998 3190 1090 3267 igitur

132 3283 297 3345 remanet,
321 3274 400 3353 quod
423 3275 558 3353 liturgia
581 3276 745 3337 Clementis
768 3275 886 3335 nomine
917 3274 1085 3349 inscripta,

132 3360 157 3419 si
181 3376 238 3419 non
255 3360 410 3436 genuinus
425 3357 524 3419 loetus
545 3359 615 3419 dicti
633 3355 796 3424 Pantilius,
814 3356 919 3416 saltem
942 3354 1087 3431 antiquis·

47 3442 50 3448 '
133 3440 210 3501 sima
232 3445 288 3509 est,
301 3446 334 3501 et
355 3438 525 3500 ePatribus
548 3438 671 3501 secundi
693 3436 741 3500 vel
764 3438 844 3499 tertii
860 3438 980 3499 saeculi
1002 3450 1090 3497 usur-

132 3527 227 3600 pata3
263 3530 294 3583 et
315 3522 382 3582 ideo
405 3519 470 3599 elus
492 3521 665 3582 testimonio
698 3520 891 3582 doctissimus
922 3510 1090 3579 Cardiualis

132 3604 213 3665 Bona
233 3602 410 3683 frequenter
434 3602 538 3664 utitur.
