2517 4059
497 201 721 277 esemblrdw·

141 342 336 405 consuevisse
358 342 426 398 ante
447 333 655 400 Oilertcrium,
672 348 741 391 cum
764 335 882 406 peracta
904 327 995 389 blissa
1009 326 1098 391 Cate-

143 426 365 488 cbumenorum
397 418 555 495 incipiebat
576 413 669 473 Missa
690 412 866 481 Fidelium;
897 411 946 471 sed
981 412 1009 470 in
1031 428 1094 482 ea,

129 525 233 593 ¹quum
256 504 348 566 edidit
370 500 507 578 illyricus
522 498 666 591 plerpqne
687 496 827 555 dicuntur
849 499 917 553 ante
936 492 1094 553 lntroitum

140 596 174 651 et
196 590 266 649 dum
292 584 398 648 Gloria
421 579 611 647 intercisis,
638 587 664 637 et
687 575 841 640 Groduolr
863 582 1030 637 cantantur.

185 671 224 731 ΙΙ.
248 671 371 731 Praeter
387 660 544 743 Apolopics
565 666 653 721 erant
673 660 748 719 aliae
770 659 918 717 orationes
934 673 1095 734 praepara·

143 754 265 819 toriae,
290 765 364 827 quas
385 745 530 823 Georgius
551 740 757 817 pachymeres
778 744 1023 817 ssporstrrrrms
1045 756 1094 798 ro·

143 840 214 905 cat,
239 832 315 911 quod
350 835 418 891 ante
439 833 575 888 Tstsrrr
598 823 703 883 telctec
728 840 782 883 sen
805 820 993 882 Sacrificium
1016 819 1096 880 dice-

144 921 261 979 rentur:
274 913 384 974 Preces
404 926 478 971 vero
494 907 743 985 praeparatoriae,
756 921 866 980 easque
881 903 1010 980 prolixas
1019 918 1096 961 sem·

143 1016 199 1079 per
213 1000 243 1057 in
258 1014 313 1057 usu
331 994 434 1059 inisse,
451 989 566 1051 crebris
581 986 759 1047 Sanctorum
775 985 921 1061 exemplis
937 986 1093 1055 docemur,
1168 1020 1173 1029 ·

143 1083 196 1158 qui
219 1078 319 1141 tandiu
341 1078 370 1135 in
391 1073 535 1134 Oratione
551 1068 795 1147 perseverabant,
812 1069 906 1127 donec
928 1064 1096 1143 gratiaSpi·

144 1164 220 1225 ritus
240 1159 338 1221 Sancti
360 1156 536 1217 mirabiliter
556 1150 674 1215 imbuti.
698 1148 764 1228 ejus
785 1150 896 1209 virtute
918 1155 948 1208 et
963 1148 1097 1224 impulsu

144 1245 183 1305 ed
206 1239 415 1305 celebrandum
432 1237 646 1297 excitarentur.
664 1230 742 1293 Usus
762 1248 881 1307 quoque
896 1228 1098 1306 quorumdam

144 1325 332 1387 Psalmorum
356 1326 424 1381 aute
447 1318 568 1379 Missam
591 1316 733 1390 antiquus
754 1321 808 1372 est.
834 1311 930 1373 Vetus
945 1310 1034 1370 blissa
1056 1311 1095 1371 ab

30 1398 36 1405 ⁸
144 1408 269 1486 Illyrico
291 1404 371 1465 edita
392 1407 551 1477 autequam
564 1395 709 1457 Sacerdos
730 1395 823 1454 sacris
837 1392 969 1455 vestibus
992 1393 1097 1453 indua·

143 1495 204 1557 tur,
228 1488 284 1549 dici
307 1484 437 1550 mandat,
462 1484 486 1542 si
509 1486 627 1556 tempus
649 1476 842 1555 permiserit,
866 1474 950 1534 llexis
972 1476 1098 1551 genibus

141 1588 249 1632 coram
272 1567 367 1629 Alteri
390 1570 505 1642 septem
527 1559 660 1620 Psalmos
675 1556 903 1618 Poenitentiales
924 1574 993 1616 cum
1017 1556 1097 1616 Lita-

109 1682 112 1688 ·
144 1654 204 1719 nia.
219 1658 249 1715 et
259 1650 324 1711 eliis
339 1648 461 1725 prolixis
473 1644 622 1723 precibus,
637 1645 704 1718 post
714 1656 788 1716 quas
803 1642 969 1716 sequuntur
983 1638 1033 1698 alii
1048 1656 1097 1698 se-

144 1740 228 1812 ptem
252 1731 370 1795 Psalmi.
389 1729 508 1791 blissale
529 1722 709 1799 Hispalense
730 1720 842 1781 editum
860 1737 937 1779 anno
952 1717 1032 1779 lbet
1045 1719 1098 1797 ju·

145 1818 197 1878 bet
218 1817 278 1877 dici
301 1818 416 1890 septem
439 1808 572 1871 Psalmos
589 1802 839 1872 Poenitentiaies‚
863 1819 931 1862 cum
955 1801 1095 1877 reliquis,

145 1899 197 1977 qni
219 1898 308 1960 hodie
332 1898 470 1976 notantur
490 1892 521 1951 in
543 1885 657 1948 blissali
679 1886 828 1948 Romano.
851 1888 882 1943 et
903 1883 1043 1959 leguntur
1065 1883 1097 1943 in

146 1982 298 2060 plerisque
320 1975 490 2039 Missalibns
518 1967 730 2043 manuscriptis
750 1963 952 2025 bibliothecae
975 1963 1098 2025 Vatica-

146 2063 273 2124 ticanae.
297 2059 479 2131 Micrologus
500 2050 573 2129 Cap.
594 2048 607 2108 l
630 2046 798 2127 Presbytcr;
820 2067 887 2107 com
907 2066 935 2107 sc
945 2055 1040 2127 purat
1055 2045 1097 2107 od

147 2144 270 2207 dlicuom
293 2147 387 2225 juncto
414 2138 583 2201 Romanam
608 2128 849 2189 consuetudinem
877 2128 1016 2190 decantat
1042 2130 1098 2192 hos

146 2223 291 2293 Psalmos,
318 2222 417 2298 Quom
439 2218 557 2285 dilecta,
582 2209 782 2277 Benedicistr',
806 2209 928 2272 Inclino
951 2209 1095 2281 Domine,

142 2318 173 2368 et
200 2306 337 2372 Credidi.
364 2302 475 2364 Deinde
498 2296 593 2377 Kyrie
619 2293 736 2362 cleison,
761 2291 851 2353 Potor
873 2290 1002 2358 Noster.
1026 2310 1098 2353 cum

146 2391 287 2469 precibus
309 2393 339 2448 et
360 2384 493 2447 oratione
516 2397 570 2457 pro
593 2376 735 2454 peccatis.
753 2374 881 2448 Quidam
903 2376 1099 2452 praemittunt

146 2472 304 2552 Hymnnm
330 2468 403 2529 Veni
427 2465 551 2528 Creator
574 2458 715 2538 Spiritus.
733 2457 853 2534 Spectat
868 2458 958 2517 etiam
980 2455 1017 2515 ad
1038 2457 1097 2516 ani·

147 2572 214 2617 mae
238 2554 395 2631 puritatem
418 2543 660 2623 comparandam,
674 2547 709 2599 ut
723 2539 868 2599 Sacerdos
889 2543 1034 2613 quantum
1049 2543 1096 2599 est

148 2638 177 2697 in
199 2654 242 2705 se,
260 2650 363 2713 pacem
387 2647 457 2691 cnm
480 2625 618 2687 omnibns
634 2620 753 2689 babeat,
772 2638 827 2680 nec
849 2618 909 2680 ulla
930 2621 968 2679 sit
980 2621 1007 2678 ei
1023 2636 1096 2696 que·

149 2720 212 2780 rela
235 2718 379 2778 adversus
395 2712 537 2787 aliquem.
554 2706 600 2767 lta
613 2700 845 2779 chrysostomus
867 2701 950 2760 initio
964 2719 1037 2761 snae
1049 2700 1098 2759 Li-

148 2802 290 2883 turgiae,
314 2804 346 2858 et
366 2790 535 2855 Pontificale
557 2785 743 2846 Graecorum
766 2785 794 2842 in
817 2782 963 2860 principio
985 2783 1097 2842 ordinis

149 2882 302 2959 Liturgiee
325 2872 549 2937 Potriarchalis.
566 2868 643 2929 Cum
665 2865 744 2924 enim
767 2863 953 2926 Sacrificium
971 2862 1099 2942 Symbo-

149 2964 213 3027 lum
236 2964 317 3041 pacis
339 2958 387 3027 sit,
411 2964 441 3017 et
463 2957 584 3015 mutuae
600 2946 716 3009 rrnionis
732 2946 874 3024 professio
897 2963 930 3005 ac
953 2951 1099 3021 protesta-

149 3048 213 3119 tio,
239 3039 406 3107 necessaria
427 3052 548 3116 prorsus
570 3033 616 3093 est
637 3032 706 3091 ante
726 3046 845 3098 sacram,
863 3026 1003 3107 Synaxim
1026 3044 1098 3087 curn

150 3128 292 3190 iratribus
316 3118 527 3184 reconciliatio,
546 3133 582 3175 ne
603 3111 832 3172 Sacramentum
854 3110 980 3176 unionis,
1004 3110 1036 3170 et
1050 3127 1098 3186 pa·

148 3212 192 3271 cis
214 3210 277 3271 sine
300 3222 384 3285 pace,
407 3208 438 3263 et
458 3201 567 3261 irnione
590 3193 792 3270 recipientes,
816 3193 972 3253 mendaces
995 3208 1100 3251 coram

146 3310 187 3354 veo
208 3291 418 3353 inveniamur,
441 3282 492 3360 qui
514 3285 559 3339 est
580 3275 662 3337 Deus
683 3277 764 3352 pacis
785 3281 816 3336 et
838 3274 1016 3335 dilectionis.
1040 3272 1099 3333 Ac-

146 3371 322 3435 ceditlotio
345 3382 506 3434 manuum,
531 3374 620 3438 quam
643 3376 679 3417 ex
701 3357 831 3434 quodam
855 3363 979 3417 naturae
1000 3355 1101 3415 instin-

151 3462 202 3519 ctu
224 3455 344 3533 ipsimet
357 3446 477 3509 Ethnici
498 3440 644 3505 sacrificio
660 3440 899 3517 praemittebant.
914 3435 1103 3498 Eademlie·

151 3539 221 3617 ligio
242 3531 391 3599 Hebraeis
423 3527 515 3593 tuit,
532 3524 660 3601 legimus
688 3522 768 3581 enim
797 3518 869 3598 Cap.
900 3517 993 3580 XXX
1021 3519 1101 3580 Em.

152 3620 183 3680 di
202 3662 209 3692 ,
232 3619 361 3699 potitum
384 3612 413 3673 in
433 3606 560 3686 Templo
588 3602 720 3665 Labrum
742 3620 869 3665 aeneum
897 3620 968 3663 cum
996 3618 1102 3681 aqua,
