2517 4059
440 278 501 338 eut
524 268 583 327 155
604 276 663 335 Hit·

85 392 199 452 solemni
224 391 400 456 celebritate
414 392 542 456 Crucem
564 398 628 455 suis
645 396 783 457 humeris
799 397 902 458 retulit
916 398 945 455 in
961 416 1032 459 eum

84 481 219 543 montem,
244 492 304 550 quo
325 492 393 535 cam
409 477 529 538 divinus
544 476 682 537 Salvator
697 478 818 538 tulerat.
835 476 958 539 Factum
976 479 1032 539 lroc

84 556 183 616 illustri
217 558 364 617 miraculo
390 558 635 620 commendatum
663 564 730 619 est:
756 578 824 621 nam
846 558 1031 629 Heraclius,

83 640 111 695 ut
127 642 194 699 erat
214 655 293 697 auro
312 646 345 698 et
365 641 494 716 gemmis
520 646 659 705 amatus,
685 640 820 701 insistere
842 649 964 703 coactus
986 649 1032 703 est

83 719 108 775 in
126 725 229 796 porta,
253 737 332 795 quaa
345 722 383 780 ad
398 719 553 784 calvariae
569 725 701 781 montem
717 722 856 792 ducebatr
874 740 935 798 quo
950 724 1030 784 onim

82 801 169 876 magu
190 802 334 876 progredi
355 804 532 868 conabatur,
555 820 592 863 eo
607 804 702 880 magis
719 804 840 863 retineri
856 804 1026 875 videbatur,

81 898 204 957 cumque
226 899 265 941 ea
289 902 322 943 re
343 891 375 944 et
395 885 459 961 ipse
482 884 654 951 Heraclius,
680 888 711 945 et
733 886 838 971 reliqui
862 904 965 945 ornnes
981 887 1030 946 ob·

83 966 285 1038 stupescerent
306 964 466 1027 Zacharias
482 967 764 1043 Hierosolymorum
782 966 926 1033 Antiatesr
947 965 1028 1037 Vitia,

82 1042 184 1120 inqiut,
209 1047 379 1124 Imperator
400 1068 436 1107 aa
456 1050 513 1108 isto
528 1048 692 1128 triomphali
703 1059 811 1109 ornatu
825 1051 860 1108 ia
876 1048 974 1110 Craca
987 1050 1032 1125 se-

82 1125 167 1185 rasrla
184 1144 300 1204 param
323 1120 386 1187 lesa
409 1129 524 1191 Christi
546 1138 753 1208 paupertatem
780 1140 806 1189 ct
827 1130 1030 1190 humilitatem

80 1203 207 1269 initeris.
222 1206 302 1268 Tum
325 1207 498 1281 Heraclius,
514 1211 634 1289 abjecto
649 1212 832 1288 amplissimo
848 1216 965 1276 ornatu,
978 1211 1030 1270 de·
1058 1218 1066 1233 ⁰

81 1290 236 1366 tractisque
258 1291 380 1357 calceis,
404 1310 440 1351 ac
461 1292 579 1370 plebeio
600 1293 713 1351 amictu
737 1294 857 1353 indutus
881 1292 1029 1369 reliquum

82 1369 139 1430 riae
160 1370 248 1432 lacile
264 1373 406 1438 coniecit,
431 1383 462 1433 et
484 1376 513 1433 in
528 1372 636 1434 codem
651 1370 804 1433 calvariae
821 1374 885 1433 loco
900 1374 1034 1437 Crucem¹

81 1453 192 1520 statuit,
218 1454 301 1513 unde
323 1454 422 1516 luerat
443 1473 460 1514 a
482 1455 580 1516 Persis
601 1460 765 1531 asportata.
789 1452 874 1515 Haec
896 1474 934 1515 ex
960 1455 1030 1515 Bre-

83 1532 164 1592 viario
185 1533 339 1602 Romano,
363 1536 474 1613 quibus
496 1537 605 1597 similia
621 1536 751 1610 prodidit
766 1536 948 1612 sigebertus.
963 1535 1029 1597 Non

82 1630 113 1671 ex
133 1616 267 1693 iisquae
291 1615 450 1677 Heraclius
473 1619 598 1695 gesserit
619 1618 695 1677 haec
716 1618 875 1678 Festivitas
893 1620 982 1677 traxit
997 1637 1030 1677 a·

83 1696 220 1771 arginem,
249 1698 303 1758 sed
324 1707 410 1759 antea
424 1699 496 1777 jam
520 1702 654 1760 instituta
678 1700 839 1759 solemnius
861 1698 1030 1758 celebrare·

84 1781 134 1835 tur.
155 1777 193 1836 Et
215 1798 250 1841 re
273 1780 395 1857 qrririem
418 1800 492 1842 vera
508 1787 635 1843 testatur
652 1780 679 1838 id
697 1783 725 1838 in
743 1782 846 1856 primis
860 1779 1028 1841 Chronicou

84 1854 332 1921 Alexandrinum:
357 1861 414 1922 Hir
432 1863 625 1928 Consulibus,
650 1863 758 1936 inquit,
776 1860 931 1921 Dalmatio
953 1862 1027 1921 sciti·

84 1948 119 1997 ru
139 1952 162 2002 rt
176 1940 286 2003 Anicio
310 1942 440 2003 Paair'ao
460 1945 546 2023 facta
567 1952 637 2002 saut
657 1940 813 2003 Eucacaia
827 1940 979 2003 Ecclesiae
994 1942 1025 2004 S.

87 2017 182 2083 Crucis
206 2042 227 2083 a
256 2024 456 2087 Constantino
483 2026 535 2085 rai
558 2021 696 2085 Macaria
722 2023 865 2103 Episcopo
892 2022 1036 2102 Septem·-

84 2098 136 2161 bris
156 2104 205 2164 lt.
230 2104 272 2165 Et
293 2106 325 2166 S.
348 2106 472 2168 loannes
492 2105 744 2185 Clrrysostomus,
778 2108 828 2181 qui
853 2123 909 2165 non
932 2106 1028 2167 multo

84 2190 142 2256 post
159 2185 388 2248 Constantinum
415 2196 551 2265 tempore
576 2182 723 2255 lloreb'at,
752 2184 843 2264 hujus
865 2185 944 2247 Festi
970 2206 1028 2247 me·

17 2295 18 2298 =
84 2264 159 2325 uiuit
185 2269 214 2328 in
238 2267 373 2329 Humilia
397 2269 435 2333 5l
460 2286 550 2346 quam
573 2267 665 2329 die'ti
686 2266 826 2329 Octobris
853 2269 1028 2345 pronuncia·

17 2389 18 2424 p
85 2344 121 2403 vit
139 2346 183 2408 his
205 2351 329 2411 verbis:
353 2349 496 2412 Nondum
518 2352 610 2429 clapsi
623 2360 693 2409 suat
710 2348 772 2409 dics
786 2348 830 2409 20
843 2367 882 2407 eac
898 2369 955 2427 qao
973 2368 1029 2409 me·

17 2433 18 2440 ’
84 2430 197 2489 moriam
221 2431 330 2493 Crucis
351 2435 583 2500 celebravimusr
605 2442 632 2489 at
655 2450 717 2490 accc
732 2431 901 2509 Martyrum
922 2448 1027 2489 memo·

86 2506 154 2567 riam
174 2514 367 2573 celebramur.
385 2512 417 2572 lu
439 2515 626 2589 Graecorum
649 2509 817 2588 lllenologio
840 2510 917 2585 apud
940 2509 1025 2569 Cani·

84 2586 150 2649 tium
170 2592 207 2652 T.
231 2593 260 2654 ll
283 2591 456 2654 hortonam
474 2596 671 2671 antiquaram
688 2590 819 2653 acidiam
838 2593 877 2653 10
892 2588 1027 2669 Septem-

85 2664 137 2729 bris
149 2672 225 2735 haec
237 2676 399 2736 habentur:
415 2673 570 2737 Eccitatic
580 2678 748 2753 praetiosae
761 2684 787 2733 et
800 2673 933 2753 uiuificata
950 2673 1025 2735 Cra·

84 2747 118 2807 αὶ
135 2756 393 2835 coimperatori
415 2757 609 2819 Constantino
626 2758 745 2831 Mapao.
770 2753 912 2831 Ejusdem
935 2756 1025 2813 etiam

85 2826 114 2889 fil
131 2840 238 2898 mentio
265 2839 295 2897 in
318 2840 402 2899 Actis
423 2838 454 2898 S.
480 2836 623 2913 Eutychii
645 2836 838 2896 Patriarclrae
860 2834 1026 2895 Constanti·

88 2917 233 2989 upotiuni
257 2918 330 2996 Cap.
355 2920 496 2994 scapua
519 2916 640 2978 Surium
662 2918 711 2975 die
734 2924 816 2977 sexta
833 2916 955 2991 Aprilis,
974 2918 1024 2991 qui

87 2993 260 3072 tenporibus
282 3002 386 3062 lustini
418 3009 449 3060 et
469 3000 580 3059 Tiberii
602 2998 848 3075 imperatorum,
878 3014 894 3055 a
917 2997 1025 3071 quibus

88 3087 230 3163 revocatus
253 3084 291 3143 ab
312 3085 403 3144 exilio
424 3082 481 3142 luit
504 3082 589 3157 louge
610 3087 679 3142 aute
695 3077 870 3139 Heraclium
887 3079 972 3136 vixit.
987 3078 1025 3139 Et

88 3167 111 3238 ¹.¹¹
128 3158 208 3223 lictis
229 3163 261 3225 S.
274 3164 421 3225 Simeonis
442 3169 638 3237 cognomento
653 3162 739 3223 Solus
753 3158 826 3239 Cap.
845 3158 864 3219 3
879 3159 956 3235 apurl
973 3160 1025 3220 Su·

89 3235 156 3299 tium
179 3244 194 3303 1
217 3244 308 3314 lulli,
332 3246 384 3321 qui
404 3245 460 3305 sub
481 3243 643 3305 Iustiniana
664 3243 850 3320 Imperatore
872 3240 1008 3301 llorebat.

120 3316 155 3381 ll.
177 3323 237 3387 Nec
259 3329 383 3389 minaris
405 3328 529 3386 loriasse
552 3324 610 3385 luit
631 3326 814 3401 antiquitatis
837 3326 865 3382 in
889 3322 1024 3383 Ecclesia

90 3392 188 3465 lentina
211 3408 285 3469 Nam
308 3409 487 3489 inutraque
508 3405 619 3467 Gelasii
642 3414 673 3468 et
693 3407 829 3484 Gregorii
852 3404 951 3483 Magni
975 3404 1025 3465 Sa·

89 3492 271 3551 aranentario
295 3492 456 3567 reperitur.
471 3487 615 3549 Occurrit
628 3488 720 3549 etiam
738 3490 765 3547 in
782 3488 961 3565 pervetustis
972 3484 1023 3547 Co·

88 3557 402 3641 dissuescamus,
427 3570 539 3648 Hegio,
569 3576 600 3630 ct
626 3568 830 3631 Noviomensi.
856 3567 1023 3629 Videautur
1090 3576 1094 3585 '

90 3638 230 3725 limenius,
248 3649 286 3715 'ia
307 3651 396 3716 Notis
420 3652 462 3713 aal
483 3649 737 3731 Martyrolaqiam
759 3651 797 3711 ad
818 3650 898 3711 diem
922 3648 960 3710 ti
976 3649 1025 3709 Se·
