2517 4059
469 234 719 305 matti&

107 362 213 425 oculos
233 361 270 422 ed
292 362 410 422 coelum
433 362 546 434 lerare3
563 363 659 424 altera
680 379 751 424 rere
773 369 853 424 stans
875 368 956 424 retro
971 380 1058 426 secus

106 442 201 523 pedes
222 442 312 513 lesu,
336 442 478 523 lacrymis
500 444 597 523 coepit
619 446 717 523 rigare
738 444 830 523 pedes
850 444 928 524 ejus.
952 445 1057 524 Singu-

107 529 179 588 larrs
203 525 259 586 hac
283 527 311 586 in
335 531 430 602 parts,
448 530 479 585 et
500 527 703 588 observandus
724 528 801 587 ritus
823 533 878 595 est,
894 528 944 603 qui
959 527 1058 589 adhue

104 606 801 751 titillet.llllltttt
820 608 858 749 lt
876 626 1057 751 ‘tmoliti

104 709 301 850 :epulchrum
324 707 522 833 srblConlessio
538 774 566 831 in
582 710 673 832 atrise
688 734 825 834 solemni.
842 734 965 832 Peracta
980 770 1058 832 Con·

103 852 235 915 fessione
257 852 327 911 olim
350 853 448 929 prisco
470 872 554 913 more
569 853 694 922 Casula,
710 872 762 914 seu
778 850 899 915 Planeta
920 871 988 914 cum
1013 859 1058 915 to·
1165 858 1175 879 '

103 942 172 996 tum
194 933 309 1012 Corpus
340 934 492 1008 ambiret,
526 940 593 1012 post
614 934 838 1015 Indeipentiam
869 941 927 996 etc.
950 926 1057 997 eadem

102 1017 219 1078 elevari
240 1016 367 1085 solebat,
390 1020 421 1076 et
443 1021 514 1077 tunc
537 1034 554 1076 a
576 1016 714 1078 Ministro
729 1019 936 1092 imponebatur
952 1017 1056 1078 Sacer·

102 1098 167 1160 doti
185 1096 365 1174 Manipulus.
382 1098 434 1175 qui
449 1098 523 1158 ritus
538 1106 608 1159 tunc
624 1100 763 1161 omnibus
776 1096 962 1178 Presbyteris
977 1116 1055 1160 com·

104 1181 232 1249 munis,
257 1196 333 1239 nunc
357 1180 478 1240 ineolis
501 1178 659 1258 Episcopis
683 1182 835 1241 remansit.

147 1261 201 1323 lv.
215 1262 339 1322 Certum
356 1260 540 1336 firmumque
555 1268 706 1323 estonum
723 1280 777 1340 pro
792 1263 851 1323 alio
866 1279 953 1324 orare
967 1281 1057 1341 opor-

104 1350 183 1412 tere3
204 1361 238 1403 ac
263 1342 389 1419 populus
412 1342 533 1419 quidem
556 1344 751 1406 vehementer
773 1352 875 1421 optare
897 1345 997 1411 debat.
1022 1350 1056 1406 ut

103 1427 157 1503 qui
170 1442 222 1501 pro
234 1443 270 1485 ao
282 1423 379 1485 Deum
392 1424 604 1489 obsecraturus
620 1427 727 1504 pergit,
741 1423 805 1503 ejus
821 1443 980 1504 supremae
995 1427 1056 1488 Ma·
1096 1432 1103 1445 '

102 1506 203 1585 jestati
231 1514 331 1585 gratus
352 1510 553 1582 acceptusque
575 1510 625 1569 sit.
651 1509 736 1569 Dicat
759 1508 907 1585 proinde,
932 1525 1052 1568 necesse

104 1597 162 1651 est.
181 1585 362 1649 Miserentur
391 1588 438 1649 ici
461 1596 516 1647 etc.
541 1588 685 1661 Quamvis
708 1590 835 1667 populus
856 1608 976 1667 qtroqua
1002 1606 1054 1667 pe·

104 1671 190 1731 rinde
212 1689 246 1729 ac
269 1668 413 1730 Sacerdos
429 1669 510 1736 dicit,
532 1669 681 1753 Confiteor
696 1681 748 1731 etc.
766 1690 835 1731 cum
859 1670 916 1730 boc
938 1675 1054 1731 mutum

106 1752 291 1818 discrimine,
316 1751 395 1829 quod
419 1750 522 1812 fideles
544 1752 657 1826 dicunt,
683 1754 754 1823 tibi,
778 1754 885 1821 Pater,
910 1770 980 1813 cum
1002 1751 1055 1814 Sa·

105 1835 212 1896 cordos
234 1835 323 1901 dicat,
347 1830 579 1894 oollimFrctrcs.
605 1837 790 1895 Adsistentes
812 1834 939 1894 Ministri
961 1854 994 1897 se
1016 1834 1054 1894 ad

106 1915 299 1979 Sacerdotem
323 1922 442 1976 vertere
465 1913 585 1987 debent,
609 1918 697 1993 eique
719 1917 769 1976 uni
790 1916 900 1982 dicere,
924 1916 976 1978 tibi
997 1914 1052 1976 Pa·

105 2009 162 2059 ter.
187 1997 379 2058 Sacerdotem
403 2014 473 2057 saue
495 1998 622 2073 populus
644 2016 732 2060 suum
748 2000 855 2059 merito
875 1995 995 2058 Patrem
1010 1999 1053 2058 di·

105 2080 157 2150 cit3
183 2080 208 2139 is
230 2080 310 2139 enim
336 2096 438 2156 reapse
453 2074 520 2155 ejus
535 2087 626 2156 caput
640 2087 696 2150 est3
714 2078 817 2140 fideles
837 2083 937 2141 aulem
954 2079 1055 2140 Sacer-

105 2162 163 2221 dos
183 2179 371 2237 nequnqnam
400 2158 477 2219 lilios
499 2175 567 2220 suos
589 2168 761 2239 nuncupat,
785 2162 855 2236 quia
877 2162 992 2223 scilicet
1012 2161 1052 2222 ibl
1115 2160 1118 2165 ’

104 2243 237 2319 loquitur
260 2249 292 2303 ut
307 2247 459 2321 peccator,
478 2258 534 2301 non
558 2247 591 2302 ut
613 2241 768 2319 Superior.
782 2241 889 2305 Coram
911 2244 991 2324 Papa
1006 2262 1054 2305 so·

103 2323 274 2390 lurnmodo,
296 2326 344 2407 vel
366 2324 514 2401 Episcopo
538 2321 721 2386 Dioecesano
742 2344 799 2385 non
822 2327 909 2395 cobis,
925 2329 1048 2406 fratrer,

103 2405 153 2467 sed
176 2408 241 2477 tibi,
267 2403 369 2475 Peter,
394 2406 493 2466 dicere
515 2404 613 2467 debet.
631 2406 793 2486 Postquam
816 2408 941 2485 populus
963 2409 1048 2475 dixit,

106 2486 254 2568 Confiteor
277 2506 330 2566 pro
353 2506 388 2548 eo
404 2486 549 2548 Sacerdos
565 2493 630 2548 orat
652 2491 681 2549 in
697 2491 837 2552 eumdem
853 2490 976 2551 modurn
991 2505 1051 2566 quo

102 2570 231 2647 populus
254 2588 307 2647 pro
329 2572 393 2647 ipso
415 2569 522 2637 oravit,
547 2577 578 2630 et
599 2571 680 2631 dicit:
704 2570 883 2633 Misercotcr
898 2577 987 2649 atque
1010 2571 1051 2631 ita

102 2651 132 2710 id
156 2652 277 2711 omnino
299 2652 468 2713 executioni
490 2651 659 2723 mandatur,
684 2652 763 2731 quod
780 2652 811 2713 S.
828 2651 955 2712 lacobus
971 2654 1051 2731 Apo·

101 2734 197 2794 stolus
229 2736 380 2812 praecepit
409 2733 436 2791 in
467 2732 541 2793 haec
562 2732 678 2801 rerba:
707 2735 897 2813 Confitemirri
926 2733 998 2811 Cap.
1021 2735 1050 2797 Υ

101 2832 132 2876 v.
159 2813 197 2873 16
219 2816 400 2876 alterutrum
420 2823 539 2895 peccato
561 2825 669 2883 oestro,
687 2826 713 2876 ct
733 2826 814 2877 orate
831 2834 889 2895 pro
910 2817 1046 2887 invicem,

101 2904 137 2957 ct
157 2897 315 2959 salvemini
327 2917 338 2967 ;
359 2899 485 2957 multum
507 2898 585 2956 onim
607 2899 682 2958 colet
698 2896 862 2978 deprecatio
880 2899 958 2979 justi
978 2900 1050 2959 oesi-

104 2968 175 3038 du'o.
193 2977 248 3038 llis
271 2980 381 3039 mutuis
404 2979 490 3039 editis
513 2978 662 3055 precibus,
680 2977 825 3041 Sacerdos
847 2980 927 3039 dicit:
945 2979 1051 3041 Indol-

103 3062 247 3137 9eetium,
272 3060 492 3128 absolutionem,
517 3069 543 3119 et
567 3061 766 3122 remissionem
782 3072 975 3141 peccatorum
997 3080 1078 3120 eo·-

102 3150 233 3201 ctrorum
255 3152 306 3203 etc.
330 3141 457 3203 Veniam
479 3142 553 3220 petit
573 3140 715 3203 Sacerdos
739 3149 801 3204 tum
830 3162 883 3221 pro
905 3163 959 3212 se,
983 3151 1049 3204 tum

101 3240 156 3299 pro
180 3223 301 3301 populo,
320 3231 352 3284 ut
367 3224 468 3301 culpas
492 3229 607 3284 nostras
631 3226 840 3291 reminiscens
862 3243 968 3304 nempe
984 3224 1049 3286 lun-

102 3305 181 3366 ditus
202 3307 310 3369 deleat.
331 3305 402 3368 Post
424 3306 478 3367 has
499 3305 657 3367 Orationes
677 3307 869 3386 depromptas
890 3326 928 3369 ox
951 3306 1048 3368 Sacris

101 3386 289 3465 Scripturis,
313 3390 416 3467 quales
437 3392 532 3448 sunt:
557 3388 636 3449 Deos
657 3403 691 3452 tu
713 3408 865 3451 conversus
887 3389 1047 3470 vivificabis

101 3487 162 3530 nes.
177 3468 243 3533 llas
267 3489 370 3548 preces
391 3471 531 3531 dicuntur
553 3469 763 3549 adpetendam
786 3491 803 3533 a
824 3470 888 3533 Deo
910 3477 1045 3550 peccato·

100 3568 170 3611 rum
192 3552 330 3622 reniam,
353 3559 383 3615 et
405 3551 612 3630 postulandam
637 3571 703 3614 eam
726 3555 835 3616 mentis
857 3555 1043 3633 puritatem,

99 3650 178 3711 quae
199 3634 365 3697 necessaria
388 3640 432 3699 est
453 3633 491 3696 ad
513 3632 700 3698 Sacrificium
716 3635 825 3700 Missae
847 3642 947 3700 sancte
968 3636 1045 3699 cele·
