2517 4059
363 250 365 255 ·
486 214 686 285 *85*

114 344 194 403 sidae
217 344 268 420 qui
291 348 370 404 esset
391 343 430 403 ihi
454 343 598 422 seputtus,
615 346 668 406 sed
690 363 707 405 a
730 344 881 421 capitibus
902 342 943 404 ihi
965 343 1065 405 deeut-

113 424 239 485 tatorum
252 444 270 493 ς.
284 430 349 485 erat
370 426 449 484 enim
468 428 551 487 tonus
566 427 702 503 supptinii
717 420 885 487 eommunis
898 426 978 502 apud
993 423 1067 485 Hie-

112 508 354 585 rosntymitanos.
389 503 468 567 Huic
491 510 658 569 sententiae
689 508 883 568 subscribunt
903 505 1064 570 Isidorus,

110 586 174 646 Lib.
201 587 262 647 XV
289 584 452 664 Oripinnm
473 587 546 666 Cap.
571 589 606 656 t;
636 596 668 649 et
691 588 879 649 Venerabilis
900 589 1016 656 Beda,
1035 588 1065 647 in

109 665 205 746 Caput
224 668 312 729 xvtt
337 668 492 731 Matthaei.
519 673 658 731 Attamen
681 671 862 731 contrariam
885 671 1065 733 sententiam

109 754 212 810 teuent
234 751 265 811 S.
289 749 468 829 Cyprianus,
498 748 597 812 Trnet.
626 752 662 811 de
678 751 905 813 Resurrectione
928 751 1042 815 Christi
1055 770 1066 817 t

109 828 306 908 Epiphanius,
330 829 458 913 disereti
481 832 549 903 tu,-
570 834 600 894 S.
626 835 824 911 hugustinus,
852 833 993 894 Sermone
1023 832 1065 891 tt

109 910 142 971 dr
157 924 315 993 tempore,·
343 913 374 973 S.
399 914 526 975 loannes
547 916 795 993 chrysostomus,
819 912 954 974 Homitt'o
970 912 1012 973 tt
1031 913 1067 971 in

109 992 276 1066 Ioannem
300 995 332 1055 S.
356 996 543 1065 Ambrosius,
568 994 630 1057 tn.
659 996 686 1058 t
706 995 841 1075 Epistola
864 996 924 1066 193
947 993 1066 1054 volunt·

109 1076 288 1151 quoddam
321 1078 349 1135 in
374 1078 430 1137 troc
453 1083 556 1138 monte
588 1079 680 1138 iuisse
700 1079 851 1155 sepnttum
874 1082 906 1137 at
938 1075 977 1135 ah
996 1073 1065 1151 ejus

108 1157 204 1233 sapite
238 1176 291 1217 seu
315 1160 418 1217 uranio
445 1158 536 1219 tuisse
565 1160 679 1220 dictum
700 1157 869 1221 Catrariae.
902 1158 1064 1219 Praeterea
1176 1166 1183 1187 ²

109 1236 188 1296 haud
213 1242 378 1313 spernenda
403 1242 493 1301 etiam
516 1241 638 1302 videtur
672 1241 718 1315 pia
740 1241 887 1318 quaedam
917 1238 1063 1304 traditio,

109 1336 165 1394 qua
181 1318 286 1381 fideles
303 1322 424 1399 imputat
447 1323 482 1381 ad
501 1322 694 1383 Palaestinam
711 1324 767 1382 iter
783 1323 958 1400 suscipiunt,
982 1317 1063 1395 quod

110 1400 165 1459 ittis
187 1418 365 1477 persuasum
389 1404 448 1470 sit,
461 1422 518 1463 non
536 1404 630 1465 'modo
651 1401 806 1478 Christum
829 1402 929 1463 lesum
952 1402 982 1461 in
997 1399 1064 1460 Cat-

108 1482 191 1540 vario
215 1481 307 1542 inisse
322 1482 486 1552 subtatum,
510 1486 561 1544 sed
578 1503 614 1544 eo
628 1487 720 1546 etiam
737 1485 820 1545 Adae
836 1499 948 1560 eorpus
970 1480 1063 1541 inisse

102 1560 263 1639 injectum.
284 1563 351 1624 'Cui
375 1565 524 1627 traditioni
547 1567 594 1642 pia
616 1567 707 1627 etiam
731 1567 866 1627 innititur
900 1565 949 1624 itta
972 1564 1064 1639 pieto-

107 1661 174 1703 rum
198 1645 408 1721 consuetudo,
433 1655 466 1708 ut
488 1642 524 1707 ad
548 1647 722 1709 inferiorem
744 1647 847 1709 Crucis
869 1644 985 1724 partem
1008 1643 1063 1701 ho·

108 1726 195 1784 minis
218 1726 384 1799 saivariam
403 1727 578 1807 dep'irfflant.
616 1771 618 1775 -
941 1730 942 1733 ’

146 1804 220 1867 XV.
246 1806 332 1881 Quod
349 1826 422 1869 vern
444 1811 526 1869 omni
548 1815 634 1870 naret
650 1799 847 1876 dubitatione,
870 1803 997 1868 Romani
1021 1806 1063 1863 ta·
1156 1827 1159 1832 ⁴

107 1888 260 1949 tinorosos
283 1889 523 1951 hominaslcruni
546 1887 714 1968 affigebant,
741 1892 917 1969 praesertim
940 1902 1078 1953 serrost-

106 1972 304 2046 quamobrem
328 1971 477 2032 tuvenati's
503 1972 611 2050 Satyra
637 1972 681 2032 6:
710 1972 783 2032 Pone
807 1989 930 2031 crucem
953 1986 1062 2034 serno;

56 2050 59 2059 '
106 2048 216 2112 itherus
238 2053 330 2112 etiam
355 2054 530 2122 interdum,
554 2054 605 2113 sed
628 2053 744 2113 vitiosis
765 2052 943 2113 contuitionis
965 2047 1062 2110 homi-

106 2150 166 2198 nes,
193 2134 219 2192 si
235 2135 328 2193 atroci
351 2134 486 2210 quodam
501 2135 615 2197 seetere
639 2133 764 2196 inissent
784 2136 922 2198 convicti,
949 2137 981 2191 nt
997 2148 1062 2207 pro-

52 2292 54 2297 ,
105 2214 154 2284 hat
177 2213 356 2289 Lipsius-de
374 2215 470 2278 Cretae
493 2216 586 2276 Lini
609 2215 682 2291 Cap.
703 2216 742 2276 12
755 2223 787 2276 et
804 2216 853 2276 13.
876 2215 971 2294 igitur
992 2228 1062 2271 eum

104 2294 247 2356 Christus
260 2296 344 2356 iesus
366 2296 518 2358 aludaeis
538 2298 729 2363 insimulatus
749 2306 829 2358 esset
844 2296 1061 2373 htasphemiae,
1121 2344 1124 2349 .

103 2374 165 2437 Not
179 2378 273 2455 tepent
288 2379 425 2439 hahemus
440 2388 467 2440 et
487 2378 651 2438 secundnm
665 2380 755 2457 lepem
777 2378 857 2438 dehet
877 2377 965 2440 mari,
990 2376 1063 2456 puin

102 2456 218 2519 tttsnm
234 2458 291 2518 Dei
312 2477 341 2519 te
360 2460 438 2538 feeit,
463 2466 496 2521 ut
517 2460 559 2518 ait
574 2459 700 2519 ioannes
721 2460 793 2536 Cap,
810 2459 907 2525 tht
932 2472 1063 2532 cumque

103 2538 318 2617 ejus-oriminis
334 2558 391 2616 non
404 2558 477 2602 crux
491 2559 585 2619 poena
600 2548 690 2608 esset,
703 2543 754 2602 sed
772 2542 910 2620 lapidatio
925 2555 961 2599 er
975 2534 1064 2600 Leti·

103 2623 160 2681 tiuo
184 2620 259 2697 Cap.
273 2619 393 2691 xxtv,
410 2620 571 2683 verisimite
586 2622 632 2693 tit,
656 2623 782 2683 Pitaium
797 2622 896 2683 erucis
918 2618 1063 2698 supptinio

102 2702 190 2763 ittam
207 2704 421 2763 condemnasse
439 2710 494 2763 non
512 2710 636 2783 propter
650 2704 748 2782 scetus
763 2704 980 2782 htasphemiae,
1003 2717 1063 2777 quo

102 2782 206 2844 iuerat
227 2781 303 2843 iutso
325 2784 534 2863 insimuiatus,
570 2786 621 2845 sed
645 2793 767 2863 propter
791 2786 945 2845 seditionis
967 2790 997 2845 ei
1018 2783 1065 2841 ai·

88 2864 206 2927 ¹testati
230 2863 325 2937 Regni
349 2865 488 2934 crimen,
524 2866 561 2925 de
583 2883 645 2940 quo
667 2867 770 2927 itidem
798 2868 872 2927 iaisn
905 2869 1063 2924 acriusatns

103 2944 228 3007 iuerat:
256 2943 345 3005 Hune
358 2947 526 3009 invenimus
546 2948 761 3008 subaperientem
783 2958 895 3025 pentem
917 2955 1061 3009 nostrum,

105 3038 131 3087 tt
140 3026 347 3107 prohibentem
362 3029 475 3089 trtnmn
491 3026 562 3087 dure
577 3027 711 3097 Caesari,
730 3039 757 3089 et
770 3029 914 3089 dicentem
928 3045 957 3085 se
974 3024 1082 3087 Cissi·n

104 3118 181 3170 stu-m
203 3105 319 3185 'Repem
344 3126 402 3169 esse
415 3129 425 3179 ,-
448 3108 546 3169 Lucas
567 3106 641 3185 Cap.
665 3109 772 3171 xxttt
796 3129 826 3169 v.
850 3109 881 3169 2.
907 3106 1061 3169 videnum

104 3190 268 3253 Gretserus
289 3188 324 3247 de
350 3187 448 3251 Cruee
470 3190 537 3249 Lib.
554 3189 566 3250 i
586 3190 660 3269 Cap.
685 3191 725 3251 38
746 3187 778 3254 et
800 3191 856 3260 39,
882 3191 930 3251 nbi
954 3208 1062 3268 magna

104 3271 283 3357 erudit-ionis
304 3270 417 3348 copia,
450 3290 541 3348 quam
564 3273 744 3349 probrosum
767 3274 859 3334 inerit
881 3274 1060 3350 supptieium

104 3351 210 3413 Crucis
234 3352 371 3411 ostendit.
397 3350 436 3412 tn
457 3353 630 3413 salutiferae
652 3354 760 3414 Crucis
784 3356 879 3412 torma
902 3371 1062 3433 cognosea-

105 3440 164 3505 tur,
190 3434 277 3509 prius
299 3432 453 3494 sciendum
477 3441 522 3494 est
543 3452 577 3493 ex
602 3434 758 3502 urano-o,
781 3433 844 3498 tin
862 3433 882 3494 t
903 3435 938 3494 de
962 3438 1060 3499 Grues

105 3514 176 3591 Cap.
195 3514 232 3583 13
254 3519 286 3574 et
300 3514 410 3590 [ipsiu.
435 3516 546 3591 pariter
561 3512 624 3574 Lib.
643 3514 664 3575 t
681 3515 717 3574 de
735 3516 830 3578 Creme
851 3515 924 3594 Cap.
942 3517 997 3575 67
1007 3515 1059 3575 89

106 3594 232 3657 Crucem
254 3596 343 3657 stiam
365 3612 430 3657 esse
452 3596 625 3676 Simptiesm
648 3598 736 3657 trnieo
758 3604 944 3657 constantem
969 3597 1061 3672 tigno,
