2517 4059
477 194 762 293 aerisa-

111 358 161 411 tur
185 350 224 425 de
237 350 469 430 Resurrectione
484 351 609 412 Christi.
633 347 721 412 Plura
737 350 815 411 enim
839 348 966 427 figurate
987 350 1071 424 geste

109 440 182 494 sunt
203 433 231 490 in
257 432 543 509 praenuntiationem
558 428 798 493 Resurrectiouis
814 430 880 493 lesu
896 429 1009 493 Christi
1024 424 1071 487 iu·

111 521 214 582 turae,
238 519 272 572 ut
294 515 322 572 in
339 513 423 573 Isaac
445 514 628 573 immolando
650 518 680 573 et
702 520 801 575 tarum
823 518 954 577 servato,
978 507 1068 570 iulo·

112 595 191 671 seph
213 595 322 654 educto
344 596 381 655 de
396 611 519 656 carcere
536 588 626 658 tertio
648 614 743 665 auoo;
767 598 803 656 de
819 594 927 671 quibus
942 591 1071 668 Prosper

111 673 212 735 Liui
235 673 483 736 Praedictioaurn
504 676 577 755 Cup.
594 675 685 736 xvii
706 682 736 737 et
757 676 815 745 293
838 677 867 735 iu
890 675 962 735 lona
984 672 1073 733 tertia

115 756 165 817 die
188 756 225 817 de
241 763 349 818 ventre
371 759 429 817 ceti
453 759 631 836 prodeunte,
656 758 735 835 quod
759 776 831 819 suae
847 756 1019 833 sepulturae
1042 758 1073 814 et

112 840 356 900 Resurrectionis
389 841 475 899 tertia
499 840 546 900 die
569 837 661 901 luisse
686 838 815 913 liguram
848 842 974 898 testatur
1007 836 1070 910 ipse

111 917 265 989 Christus,
283 920 429 983 Matthaei
449 920 523 998 Cap.
542 918 603 985 xli
625 926 657 981 et
670 918 758 981 XVI.
776 917 855 980 Hinc
877 917 1036 993 Apostolus
1058 912 1072 973 l

112 1002 150 1061 ad
173 1000 344 1061 Corinthios
365 1001 439 1076 Cap.
462 1001 522 1063 XV
545 1001 615 1080 juro
638 1000 729 1063 dicit:
757 1001 892 1065 Christus
907 996 1074 1060 resurrexit

111 1082 208 1145 tortio
230 1080 277 1140 die
299 1081 463 1145 secuudum
480 1080 665 1162 Scripturas.
691 1084 811 1147 Veritas
833 1076 1074 1141 Resurrectionis

113 1163 230 1225 Christi
254 1163 447 1224 invictissime
479 1165 626 1243 probatur
648 1166 817 1225 testimonio
846 1160 1073 1239 Apostolorum.

113 1244 149 1305 Iu
174 1243 281 1321 primis
304 1244 373 1305 Act.
397 1242 470 1322 Cap.
496 1245 532 1304 11
566 1246 630 1320 ipsa
652 1246 701 1307 die
723 1246 939 1309 Pentecostes‚
967 1241 1075 1302 Petrus

114 1326 146 1385 in
163 1325 264 1383 medio
280 1324 443 1386 ierusalem
467 1326 520 1385 toti
537 1325 616 1401 plebi
638 1329 795 1389 annuntiat
810 1325 1075 1387 Resurrectionem

113 1404 254 1473 Christi,
278 1424 336 1481 qua
361 1425 419 1465 una
445 1407 665 1483 praedicatione
688 1413 903 1470 convertuntur
929 1406 965 1465 ad
989 1401 1077 1465 Chri·
1195 1444 1198 1451 .

116 1493 200 1548 stum
225 1487 281 1546 tria
306 1487 397 1547 millia
418 1486 611 1548 ludaeorum.
636 1489 729 1552 Paulo
754 1489 909 1568 posidet.
933 1486 1005 1564 Cap.
1030 1480 1075 1544 lll

116 1572 149 1628 et
163 1564 209 1627 lV
231 1569 344 1645 pariter
366 1569 397 1627 iu
415 1570 513 1629 medio
525 1569 689 1633 Ierusalem
713 1571 867 1649 praedicat
881 1585 950 1629 cum
966 1566 1076 1627 loauue

115 1649 220 1710 lesum
237 1647 395 1709 Christum
418 1651 630 1721 resurrexisse,
654 1652 750 1731 huius
772 1651 841 1713 lacti
865 1669 896 1711 se
920 1654 1009 1709 testes
1031 1663 1077 1705 as·

117 1733 237 1799 serunt,
261 1737 292 1790 et
312 1729 452 1809 inhujus
474 1732 647 1795 assertionis
669 1734 828 1794 veritatem
852 1732 964 1807 insigne
987 1728 1079 1789 mira·

119 1813 225 1872 culum
249 1811 366 1878 edunt,
390 1813 522 1873 sanando
543 1814 685 1875 claudum
708 1833 746 1875 ex
768 1822 855 1876 utero
879 1811 1001 1879 matris,
1026 1808 1086 1886 qui·

117 1892 253 1970 quotidie
275 1894 399 1954 sedehat
421 1894 457 1954 ad
480 1899 599 1972 portam
622 1895 739 1973 Templi
763 1901 795 1956 ut
818 1898 932 1971 peteret
954 1890 1079 1952 eleemo-

116 1992 252 2054 synam,
276 1980 366 2051 atque
388 1974 456 2033 inde
478 1982 698 2038 conuertuntur
720 1977 854 2054 quinque
878 1971 969 2035 millia
999 1972 1077 2031 viro·

118 2072 200 2117 rum.
226 2054 311 2116 Stant
332 2073 432 2116 coram
459 2058 644 2133 principibus
666 2058 872 2125 Sacerdotem,
896 2052 1079 2117 Sadducaeis

118 2141 151 2197 et
171 2135 353 2206 Pharisaeis,
377 2137 519 2213 aquibus
541 2139 717 2215 interrogati
740 2157 798 2214 qua
815 2139 926 2199 virtute
947 2140 999 2197 arnt
1019 2150 1080 2211 quo

120 2219 243 2277 nomine
267 2218 345 2278 istud
369 2218 547 2279 miraculum
570 2219 719 2288 iecerint,
745 2220 897 2297 respondit
918 2218 1026 2279 Petrus
1048 2231 1081 2275 se

120 2298 229 2359 iecisse
252 2300 281 2356 iu
305 2302 424 2359 nomine
440 2299 510 2360 lesu
531 2300 661 2361 Christi:
690 2300 797 2377 Quem
822 2302 930 2377 inquit,
951 2314 1081 2361 rosaru-

121 2379 268 2461 aificcr'stia,
280 2398 371 2519 pacm
382 2379 463 2441 Deus
476 2385 630 2443 suscitarit
647 2404 666 2443 a
676 2386 813 2454 mortuis.
827 2382 959 2441 Tandem
970 2379 1082 2438 veritus

121 2462 200 2522 haee
222 2478 278 2519 eon
304 2462 396 2521 rmari
428 2468 528 2539 potest
553 2464 723 2526 testimonio
745 2463 865 2540 losephi
894 2461 995 2523 ludaei
1029 2458 1082 2534 qui

122 2541 190 2603 Lih.
212 2539 322 2602 XVlll
343 2540 568 2623 Antiquitatum
589 2542 662 2623 Cap.
687 2544 707 2605 h
728 2545 765 2605 de
787 2542 906 2605 Christo
928 2543 996 2603 lesu
1017 2540 1081 2600 ait:

123 2622 274 2703 Apparuit
290 2625 368 2683 euim
394 2624 433 2684 eis
458 2626 549 2685 tertia
574 2624 623 2686 dic
637 2628 747 2695 musar,
765 2628 861 2687 multa
883 2626 954 2685 haec
969 2630 995 2682 a
1020 2622 1085 2685 ulio

124 2704 282 2765 mirabilia
317 2706 437 2765 roeutis
463 2706 675 2786 Prophetarum
701 2706 736 2766 de
765 2725 798 2766 co
825 2704 1080 2783 uaticinantibus,

128 2797 154 2848 rt
167 2805 264 2865 usquc
278 2785 363 2846 hodie
381 2786 624 2849 Christianorum
639 2808 710 2868 pras
724 2789 760 2850 ab
775 2790 828 2851 hor
843 2790 949 2849 sortita
964 2786 1085 2849 meatu-

125 2869 189 2929 lum
213 2884 277 2925 aorr
298 2866 411 2947 deserit.

17 3009 18 3018 ,
164 2946 242 3008 Xll.
265 2944 477 3009 Necessarium
499 2948 603 3017 luisse,
627 2954 661 3010 ui
682 2947 819 3012 Christus
842 2968 859 3009 a
883 2949 1011 3009 mortuis
1038 2962 1086 3005 re-

17 3030 19 3072 ῗ
124 3032 276 3107 surgeret,
300 3030 428 3091 ostendit
448 3030 478 3091 S.
496 3029 629 3091 Thomas
652 3028 683 3089 5.
695 3042 782 3108 port.
801 3039 915 3111 quaest.
931 3026 972 3091 53
993 3023 1084 3087 art.l

126 3112 259 3191 quinque
282 3108 456 3172 rationibus.
479 3109 581 3171 Primo
597 3112 634 3171 ad
657 3113 947 3174 commendationem
968 3107 1087 3169 divinae

125 3192 272 3272 justitiae,
289 3193 324 3254 ad
347 3211 438 3269 quarn
453 3194 584 3269 pertinet
597 3192 731 3254 exaltare
754 3194 820 3253 illos
841 3194 939 3270 quise
962 3193 1085 3268 proptor

126 3273 226 3334 Deum
251 3271 420 3333 humiliant.
444 3273 583 3335 Secundo
605 3274 642 3333 ad
664 3272 748 3335 Fidei
772 3280 890 3335 nostrae
913 3268 1085 3334 instructio·

128 3373 210 3426 uem,
237 3356 306 3432 quia
323 3374 378 3433 per
391 3355 460 3417 lesu
477 3352 588 3416 Christi
604 3357 868 3423 resurrectionem,
891 3352 1012 3434 propria
1026 3350 1088 3410 vir·

128 3442 194 3499 tute
216 3443 249 3495 et
269 3437 299 3497 in
322 3438 440 3515 signum
460 3456 533 3498 suae
554 3436 724 3498 Divinitatis
746 3438 881 3508 lacmm,
913 3433 1090 3500 confirmata

130 3524 175 3581 est
187 3516 280 3579 Fides
301 3525 403 3578 nostra
419 3520 500 3581 circa
521 3518 588 3598 ejus
611 3516 825 3579 Divinitatem.-
841 3516 944 3580 Tertio
966 3515 1003 3576 ad
1019 3514 1089 3577 suh-

130 3602 269 3663 toramen
292 3600 357 3679 spei
379 3605 521 3676 nostrae,
554 3600 625 3677 quia
656 3598 728 3660 dum
751 3600 888 3661 videmus
910 3597 1087 3665 Christum,
1145 3634 1149 3641 ·

907 3692 925 3728 ⁴
