2517 4059
471 195 693 266 emittm

114 324 209 382 nionis
232 321 408 402 Scriptores.
433 323 608 385 Calumnrae
622 327 723 401 itaque
739 331 818 390 suut
843 325 977 395 dicteria,
1003 347 1058 387 non
1131 344 1134 350 “
1213 365 1218 373 -

111 409 310 482 argumenta,
339 423 417 494 quae
442 407 552 468 caeteri
579 406 759 481 blisoliturgi
785 395 1060 482 intemperantiores

110 485 281 565 objiciunt,
314 505 370 548 uon
393 489 473 550 enim
496 487 676 550 Sacerdos
665 506 697 548 m
715 487 777 547 hac
798 486 941 549 Oratione
962 489 1060 553 Deum

109 575 274 646 precatur,
298 575 331 630 ut
346 589 400 647 per
422 570 601 630 oblationem
619 571 702 649 panis
721 570 826 631 etvini
843 569 1008 632 liberemur
1023 576 1061 634 ab

109 658 234 714 aeterna
258 653 457 720 damnatione,
481 653 533 713 sed
555 653 733 722 oratjuaun
757 657 791 711 ut
811 654 905 729 ipsam
927 653 1061 715 Oblatio-

5 809 7 812 Υ
110 751 182 796 nem
198 733 324 811 accipiat
346 741 499 812 tamquam
516 737 673 795 materiam
688 732 831 795 Sacrificii
847 734 962 803 futuri,
979 730 1060 795 eam·

111 833 174 893 que
196 815 372 893 benedicatj
388 822 418 878 et
439 815 615 883 sanctificet,
641 818 684 877 uti
702 817 792 877 docet
814 813 978 878 Cardinalis
996 817 1061 877 uet-

111 898 260 958 larminus
281 897 318 958 de
341 897 430 958 Missa
453 898 519 958 Lib.
537 897 580 959 Vl
602 897 676 975 Cap'.
692 895 745 957 22.
768 897 851 957 Idem
874 899 963 959 etiam
979 901 1060 961 clare

111 980 255 1057 exprimit
267 978 453 1042 doctissimus
469 980 580 1041 Suarez
596 981 625 1038 iu
641 980 761 1040 tertiam
775 984 889 1056 partem
906 981 972 1040 Diri
985 982 1061 1041 Tbo-

112 1078 182 1122 mae
204 1060 291 1120 Tum
308 1060 352 1122 ΙΙΙ
376 1059 632 1139 quaesitans
652 1060 836 1138 turspstt
855 1059 934 1122 Sect
951 1061 982 1122 2:
1010 1061 1063 1122 So-

110 1144 176 1203 lum
197 1159 250 1212 est,
274 1142 612 1242 inquinatissimam
630 1154 757 1224 propter
776 1143 994 1204 baereticorum
1015 1165 1062 1204 co-

110 1225 243 1285 lumnias
265 1243 332 1284 cunr
347 1229 380 1285 in
394 1227 439 1285 bis
465 1217 676 1295 Orationibus,
702 1232 779 1304 quae
803 1227 1061 1288 consecrationem

111 1305 315 1374 antecedunt,
338 1307 371 1387 fit
393 1309 504 1366 mentio
523 1273 702 1375 Oblationis,
725 1324 888 1366 sermonem
912 1327 977 1374 esse,
1001 1327 1062 1375 non

111 1386 322 1455 doubletium,
347 1407 422 1467 quoe
439 1391 506 1469 jem
527 1388 609 1466 sucta
630 1389 688 1456 sit,
711 1387 761 1448 sed
783 1392 939 1468 quaejam
951 1393 1063 1467 proxi-

5 1527 6 1534 ,
111 1489 158 1528 me
177 1478 330 1548 paratur,
355 1480 382 1529 et
404 1473 512 1537 instet,
534 1471 758 1549 itautsipnum
779 1469 857 1529 illud
879 1470 1062 1531 demonstra·

113 1553 218 1612 ticum:
241 1549 326 1610 Hauc
348 1552 538 1633 oblationem:
556 1549 636 1613 Non
642 1553 771 1631 desipuit
792 1551 833 1609 cd
847 1569 962 1610 sensum
973 1571 1062 1630 prae-

112 1642 223 1692 sentem
245 1633 426 1701 materiam,
450 1628 524 1713 quoe
546 1643 617 1694 tunc
634 1653 711 1714 prce
732 1634 822 1693 oeulis
844 1634 986 1704 babetur,
1011 1635 1061 1695 ted

113 1713 155 1772 od
170 1724 294 1774 mentem
310 1715 439 1793 desipnet
452 1717 629 1776 oblationem
640 1717 778 1796 prosince
790 1714 971 1791 faciendam,
983 1735 1063 1823 puae

115 1799 149 1858 in
173 1797 336 1856 intentione
353 1814 496 1874 praesens
517 1797 672 1858 babetur.

375 1918 377 1923 ’
462 1957 586 2020 carus
609 1903 759 2027 xxv

303 2139 345 2180 nu
367 2088 527 2184 ouarronu
549 2141 636 2196 puna
655 2127 872 2210 cesariensis.

157 2283 182 2343 l.
207 2283 276 2346 Post
299 2287 484 2362 superiorem
512 2289 699 2349 orationem.
729 2285 875 2348 Sacerdos
903 2295 1062 2364 panemet

115 2369 220 2426 viuum
236 2384 341 2427 rursus
356 2368 504 2429 benedicit
517 2407 530 2438 ,»
541 2371 662 2446 signans
676 2377 707 2429 et
720 2371 876 2445 quinquies
891 2372 974 2445 signo
988 2368 1063 2430 Cru-

114 2450 174 2513 cis,
198 2454 233 2507 ut
254 2450 409 2510 annuntiet
431 2452 458 2508 in
480 2457 668 2511 antecessum
694 2449 760 2510 lesu
785 2448 896 2510 Christi
919 2457 1060 2515 mortem.

115 2546 194 2606 quae
216 2531 325 2590 Missae
348 2529 499 2590 Sacrificio
521 2532 680 2594 exhibetur
707 2539 739 2592 et
760 2532 853 2596 ¹veluti
884 2535 1004 2608 ponitur
1025 2532 1063 2590 ob

114 2611 231 2671 oculos.
256 2609 362 2671 Oblata
379 2618 484 2672 «autem
507 2614 697 2689 benedicens,
722 2614 764 2672 sic
773 2612 938 2693 precatur:
965 2611 1064 2696 Quam

114 2692 312 2762 oblationem,
337 2701 370 2752 tu
395 2692 496 2763 Deus,
521 2697 556 2754 in
577 2696 712 2755 omnibus
740 2701 914 2772 poossumus
936 2690 1065 2765 bencdi-

116 2777 246 2841 etam†‚
270 2775 498 2854 adscriptam,
525 2777 904 2843 rotcmrationabilemffi
928 2788 1062 2859 eccepto·

84 2863 88 2870 “
116 2856 259 2948 bilemque
280 2857 378 2934 [mere
405 2856 567 2935 dionomia·
590 2869 624 2918 ut
641 2855 727 2918 nobis
751 2857 865 2937 Corpus
891 2863 911 2926 ’9
938 2871 965 2919 ct
983 2859 1066 2920 Sun-

116 2955 183 3016 pnes
205 2942 237 3004 ’9
260 2937 313 3018 fiat
338 2937 525 3000 dilectissimi
548 2937 620 3002 Filii
642 2940 711 3007 tui,
740 2941 862 3000 Domini
883 2940 978 3000 nostri
1002 2943 1067 3000 lcsn

119 3018 246 3081 Christi
266 3019 387 3080 Nullum
404 3039 441 3080 ex
458 3021 505 3082 his
520 3021 674 3083 vocabulis
690 3028 802 3082 temere
819 3023 1002 3083 adiunctum
1007 3029 1064 3082 est
1077 3090 1080 3095 ,

117 3100 241 3178 Singula
263 3119 350 3163 suurn
374 3103 487 3163 babent
508 3121 628 3166 sensum
651 3104 687 3163 ad
710 3122 773 3164 rem
796 3121 931 3181 apprime
947 3121 1066 3163 accom
1105 3101 1107 3106 ’
1142 3134 1145 3139 ,

116 3181 285 3243 modatum.
321 3182 378 3243 Hic
401 3184 544 3246 Sacerdos
566 3187 708 3262 exprimit
733 3185 866 3264 quinque
890 3187 1066 3264 praecipuas
1172 3223 1175 3234 ·

117 3263 262 3326 Sacrificii
286 3273 402 3345 partes,
427 3284 569 3327 nrmrrum
592 3273 732 3328 victimae
754 3268 931 3331 electionem
953 3273 985 3327 et
999 3286 1066 3328 san-

118 3343 339 3413 ctificationem,
362 3349 567 3423 oblationem,
590 3346 837 3418 immolationem,
862 3344 1068 3427 consumptio-

119 3446 204 3499 nem,
229 3430 482 3490 communionem.
508 3430 555 3490 1⁰
578 3429 754 3507 Eligebatur
774 3433 895 3490 victima
917 3431 996 3492 Deo
1003 3449 1067 3495 ma·
1165 3498 1167 3501 ⁸

120 3511 248 3572 ctanda:
273 3509 329 3570 hac
350 3512 495 3574 electione
517 3511 608 3574 fiebat
623 3526 641 3574 e
656 3511 779 3590 proiana
800 3531 896 3580 sacra,
920 3531 955 3574 ac
971 3514 1070 3587 veluti

119 3591 351 3655 benedicebatur
379 3597 410 3654 et
438 3593 688 3657 sanctificabatur.
711 3592 975 3725 2⁰20tierebatur
993 3595 1066 3655 ⁴Deo
