2517 4059
509 171 731 243 ·mssddffl·
824 230 827 235 .

139 300 280 369 vestium,
308 306 341 360 et
355 301 531 377 praesertim
553 301 590 361 de
614 318 768 377 purpureo
790 300 945 361 adnotavit
960 299 1089 361 Vincen-

138 383 200 443 tius
225 381 390 442 Riccardos
413 381 549 444 Clericus
573 381 731 459 Regularls
761 384 788 441 in
806 383 1028 443 commentariis
1049 383 1087 443 ad

136 467 287 525 orationes
307 465 404 525 Proeti
429 464 588 525 CPolitani.
607 463 775 539 Purpuram
799 465 984 525 diversorum
1009 464 1090 524 colo·

136 564 207 607 rum
222 545 313 606 luisse
329 545 468 608 observat
483 547 619 607 laudatus
634 544 810 616 Riccardus,
823 547 938 607 scilieet
954 545 1085 622 punicei,

137 628 260 697 coloris,
283 628 455 691 coccineam
476 646 494 687 a
515 644 604 689 cocco
626 628 711 704 gravi
727 643 828 696 succo,
842 630 980 692 enormes
996 628 1085 698 dicto,

136 709 218 771 unde
239 710 473 771 clrormosioum.
496 706 597 783 Quum
620 716 722 770 autem
746 727 880 787 purpura
902 711 979 769 inter
1003 709 1086 769 nobi-

136 791 229 851 liores
250 797 349 853 restes
371 793 558 861 haberetur,
583 792 651 851 hinc
679 809 714 851 ea
737 790 831 851 induli
854 794 1082 868 Imperatores,

135 870 306 943 Caesares,
329 874 606 950 aelroperatorum
629 872 681 933 lilii
704 889 742 932 ex
764 881 849 933 utero
873 876 975 933 matris
997 890 1081 947 egre·

133 953 253 1014 dlentes
269 974 402 1033 purpura
417 955 554 1015 involuti.
571 955 757 1015 Memoratae
775 973 865 1043 porro
878 954 1085 1032 Augustorum

138 1054 310 1114 purpureae
330 1045 440 1101 vestes,
464 1033 638 1108 holoverae,
664 1054 717 1097 seu
738 1036 876 1098 oloverae
891 1037 987 1098 dictae
1004 1040 1082 1106 sant,

133 1119 215 1193 quod
238 1136 276 1178 ex
293 1136 377 1179 mera
393 1135 535 1196 purpura,
559 1125 591 1179 et
611 1137 688 1195 puro
709 1119 836 1182 murice.
861 1119 939 1179 nolta
961 1117 1086 1178 alterius

134 1200 249 1261 eoloris
265 1202 475 1277 permixtione,
500 1197 728 1270 lnficiebanlnr3
752 1199 888 1261 oloveras
904 1201 1003 1277 itaque
1027 1199 1086 1277 pri·

141 1284 217 1341 vatis
238 1283 376 1342 omnibus
398 1301 454 1342 non
478 1282 565 1343 modo
588 1289 717 1357 gestare,
742 1282 793 1344 sed
816 1284 944 1343 vendere
959 1284 1087 1343 vetitum

139 1369 217 1424 erat.
242 1381 300 1439 qua
323 1365 360 1423 de
383 1382 414 1425 re
436 1364 540 1424 titulus
561 1370 607 1425 est
628 1365 658 1423 in
681 1363 886 1449 Theodosiaoo
909 1364 1033 1433 Codice,
1057 1369 1087 1425 et

137 1442 321 1505 Iustinianeo
342 1445 380 1506 de
402 1445 525 1508 nostibus
545 1445 668 1506 oloveris
689 1456 716 1506 et
738 1446 866 1506 auratis.
899 1446 985 1505 Licet
1005 1445 1086 1507 enim

137 1526 342 1603 Imperatores
357 1528 485 1604 Augusti
508 1529 621 1588 serens
644 1527 760 1603 legibue
775 1545 939 1604 purpuram
963 1526 1027 1587 aliis
1042 1527 1086 1585 di·

138 1609 227 1669 vendi
251 1610 426 1676 vetuerint,
450 1609 485 1668 ad
507 1617 647 1670 ornatum
671 1607 874 1671 Ecclesiarum
898 1617 995 1669 tamen
1018 1625 1084 1669 eam

138 1689 328 1751 dedicabant.
344 1691 475 1751 lustinus
496 1689 673 1769 Imperator,
691 1689 854 1752 Hormisda
874 1688 1017 1751 Pontisrce
1039 1707 1085 1751 se·

134 1772 252 1837 dente.
278 1773 372 1835 multa
393 1773 469 1832 dona
484 1769 613 1835 Romam
637 1774 742 1843 misit,
766 1790 842 1849 quae
868 1781 1005 1833 votorum
1022 1787 1085 1849 gre-

135 1855 174 1914 tia
209 1854 301 1914 Beato
329 1853 419 1916 Petro
451 1852 549 1917 oblata
580 1860 661 1915 sunt.
696 1855 729 1915 ln
762 1854 810 1913 his
842 1854 932 1931 pallia
963 1852 1083 1913 olorera

136 1935 247 1997 blattea
269 1953 339 1996 cnm
363 1934 568 1997 tabulis-auro
590 1938 688 2005 textis,
713 1935 862 1997 Iustianus
889 1934 1081 2013 Imperator,

134 2016 269 2079 Iohanne
290 2016 476 2081 uuonan
497 2016 663 2089 Pontifice,
687 2019 793 2079 obtulit
814 2018 890 2077 dona
919 2017 1010 2079 Beato
1031 2014 1084 2079 Pe·

135 2106 196 2165 tro,
221 2100 299 2161 inter
314 2118 403 2177 qaae,
428 2097 517 2158 Pallia
533 2099 654 2161 olovera
676 2117 749 2161 euro
773 2105 865 2161 texta.
890 2100 930 2160 at
945 2099 1081 2177 semipri-

133 2197 204 2241 scae
226 2181 332 2242 aetatis
363 2181 562 2243 Ecclesiastici
593 2182 762 2261 Scriptores
794 2180 955 2242 aGraeois
976 2199 1082 2242 rocem

134 2269 325 2330 mutuantes,
348 2265 480 2323 colorem
504 2266 657 2333 rubeum,
682 2281 733 2325 seu
757 2280 901 2332 roseum,
931 2264 1081 2341 appellare

104 2388 107 2393 -
137 2343 308 2407 maluerunt
330 2345 517 2413 rhodinum,
542 2344 798 2414 leuchordmum,
827 2346 1078 2405 rhodomelinnm.

134 2422 192 2485 His
207 2427 345 2503 cognitis,
369 2427 405 2485 ad
428 2428 490 2503 ipsa
505 2428 707 2489 vetustissima
724 2433 916 2488 monumento
931 2426 1081 2487 afferenda

135 2508 372 2578 descendamus,
395 2508 505 2585 quibus
527 2510 556 2569 tn
578 2507 730 2571 Ecclesiae
753 2515 885 2576 ornatu,
909 2525 943 2567 ac
966 2510 994 2567 in
1018 2510 1081 2583 ipso

133 2588 242 2650 Ilirino
256 2587 409 2651 Sacrificio
430 2590 512 2649 color
528 2592 648 2658 rubeus,
671 2596 702 2651 et
717 2608 887 2668 purpureus
901 2592 1082 2650 demonstre-

134 2676 195 2732 tur.
221 2670 251 2731 S.
268 2671 453 2746 Augustinus
468 2671 634 2749 Anglorum
649 2672 820 2748 Apostolus,
844 2672 1008 2732 sacerdotio
1030 2670 1083 2730 ini-

133 2752 207 2813 tiato
229 2751 260 2812 S.
273 2748 388 2821 Licino,
410 2759 445 2813 ut
466 2760 631 2816 auctorest
652 2751 839 2829 Gorgellious
866 2754 1030 2813 monachus
1051 2752 1080 2811 ln

131 2835 219 2902 vita,
243 2834 325 2895 dedit
346 2835 374 2893 in
391 2835 453 2912 lpse
475 2834 574 2894 dilecti
597 2835 733 2910 discipuli
756 2835 940 2895 ordInationc
970 2833 1081 2894 dulcis·

129 2915 243 2975 simum
266 2916 383 2993 pignus.
399 2922 431 2977 ot
445 2917 620 2977 memoriale
638 2922 796 2992 perpetuae
812 2915 977 2975 dilectionis
992 2930 1078 2982 suae,
1105 2942 1107 2950 ·

129 2997 265 3058 casulam
288 2996 427 3057 videlicet
450 3016 630 3075 purpuream
654 2997 774 3075 glorIosi
799 2998 935 3075 martyrii
959 3013 1080 3073 praesa-

129 3096 212 3156 gam.
227 3079 286 3139 Leo
300 3076 445 3139 Ostiensis
466 3081 559 3141 refert
574 3096 699 3142 uxorem
715 3077 836 3141 Roberti
853 3076 1010 3139 Gaisoardi
1027 3078 1079 3137 olt-

131 3161 234 3221 tuilsse
256 3161 349 3221 Beato
370 3160 530 3223 Benedioto
545 3161 694 3238 planetum
721 3178 904 3238 purpuream
932 3179 1001 3222 cum
1027 3158 1079 3218 tri-

131 3259 177 3308 so,
200 3248 231 3303 et
252 3260 321 3303 oum
333 3243 436 3317 ,aquila
451 3243 487 3303 de
503 3244 682 3320 margaritis.
706 3243 807 3320 Agnes
823 3241 1000 3319 Imperatrix
1014 3244 1083 3319 post

130 3323 348 3384 dedicationem
371 3320 523 3387 Ecclesiae
555 3325 586 3386 S.
610 3325 765 3386 Benedicti
797 3325 826 3384 in
851 3322 951 3384 Monte
973 3323 1081 3384 Casino

130 3405 241 3465 obtulit
262 3406 297 3467 B.
315 3406 476 3467 Benedicto
498 3407 578 3466 varia
602 3425 738 3472 munera,
765 3407 841 3467 inter
862 3424 939 3483 quae
962 3405 1079 3482 pluvia·

130 3485 172 3547 les
194 3488 269 3547 duos
285 3505 451 3563 purpureos
472 3490 611 3567 pretiosis
633 3490 733 3548 aureis
753 3489 828 3547 listis
844 3493 976 3547 ornatos.
1001 3485 1080 3546 Lon-

126 3568 212 3647 giora
234 3572 373 3647 exempla
394 3568 569 3633 interiorum
593 3578 765 3648 temporum
787 3570 924 3631 consulto
945 3573 1082 3648 praeter-
