<?xml version="1.0" encoding="UTF-8"?>
<!DOCTYPE html PUBLIC "-//W3C//DTD XHTML 1.0 Transitional//EN"
    "http://www.w3.org/TR/xhtml1/DTD/xhtml1-transitional.dtd">
<html xmlns="http://www.w3.org/1999/xhtml" xml:lang="en" lang="en">
 <head>
  <title>
</title>
<meta http-equiv="Content-Type" content="text/html;charset=utf-8" />
  <meta name='ocr-system' content='tesseract 3.04.00' />
  <meta name='ocr-capabilities' content='ocr_page ocr_carea ocr_par ocr_line ocrx_word'/>
</head>
<body>
  <div class='ocr_page' id='page_1' title='image "./institutionesli00marigoog_0440.png"; bbox 0 0 2517 4059; ppageno 0'>
   <div class='ocr_carea' id='block_1_1' title="bbox 570 228 793 298">
    <p class='ocr_par' dir='ltr' id='par_1_1' title="bbox 570 228 793 298">
     <span class='ocr_line' id='line_1_1' title="bbox 570 228 793 298; baseline 0 -11"><span class='ocrx_word' id='word_1_1' title='bbox 570 228 793 298; x_wconf 57' lang='lat' dir='ltr'><strong>ammosa</strong></span> 
     </span>
    </p>
   </div>
   <div class='ocr_carea' id='block_1_2' title="bbox 206 354 1236 3710">
    <p class='ocr_par' dir='ltr' id='par_1_2' title="bbox 206 354 1236 2873">
     <span class='ocr_line' id='line_1_2' title="bbox 206 354 1159 440; baseline -0.003 -24"><span class='ocrx_word' id='word_1_2' title='bbox 206 365 275 416; x_wconf 86' lang='lat' dir='ltr'><strong>anto</strong></span> <span class='ocrx_word' id='word_1_3' title='bbox 298 357 556 440; x_wconf 77' lang='lat' dir='ltr'><strong>immolationem,</strong></span> <span class='ocrx_word' id='word_1_4' title='bbox 580 375 677 434; x_wconf 88' lang='lat' dir='ltr'><strong>eaque</strong></span> <span class='ocrx_word' id='word_1_5' title='bbox 698 356 848 417; x_wconf 88' lang='lat' dir='ltr'><strong>oblatione</strong></span> <span class='ocrx_word' id='word_1_6' title='bbox 870 354 1096 416; x_wconf 87' lang='lat' dir='ltr'><strong>adscribebatur</strong></span> <span class='ocrx_word' id='word_1_7' title='bbox 1120 357 1159 414; x_wconf 90' lang='lat' dir='ltr'><strong>ia-</strong></span> 
     </span>
     <span class='ocr_line' id='line_1_3' title="bbox 208 437 1159 514; baseline -0.002 -16"><span class='ocrx_word' id='word_1_8' title='bbox 208 447 255 499; x_wconf 88' lang='lat' dir='ltr'><strong>lor</strong></span> <span class='ocrx_word' id='word_1_9' title='bbox 280 456 327 498; x_wconf 91' lang='lat' dir='ltr'><strong>res</strong></span> <span class='ocrx_word' id='word_1_10' title='bbox 349 439 413 498; x_wconf 90' lang='lat' dir='ltr'><strong>Deo</strong></span> <span class='ocrx_word' id='word_1_11' title='bbox 434 455 545 501; x_wconf 87' lang='lat' dir='ltr'><strong>sacras.</strong></span> <span class='ocrx_word' id='word_1_12' title='bbox 570 437 841 509; x_wconf 81' lang='lat' dir='ltr'><strong>3.⁰1mmolatur;</strong></span> <span class='ocrx_word' id='word_1_13' title='bbox 871 454 968 514; x_wconf 91' lang='lat' dir='ltr'><strong>eaque</strong></span> <span class='ocrx_word' id='word_1_14' title='bbox 992 437 1159 497; x_wconf 82' lang='lat' dir='ltr'><strong>immolatio</strong></span> 
     </span>
     <span class='ocr_line' id='line_1_4' title="bbox 207 519 1161 598; baseline -0.002 -18"><span class='ocrx_word' id='word_1_15' title='bbox 207 527 272 580; x_wconf 87' lang='lat' dir='ltr'><strong>erat</strong></span> <span class='ocrx_word' id='word_1_16' title='bbox 294 519 386 580; x_wconf 77' lang='lat' dir='ltr'><strong>veluti</strong></span> <span class='ocrx_word' id='word_1_17' title='bbox 408 520 578 580; x_wconf 72' lang='lat' dir='ltr'><strong><em>ratihabitio</em></strong></span> <span class='ocrx_word' id='word_1_18' title='bbox 600 526 630 579; x_wconf 91' lang='lat' dir='ltr'><strong>et</strong></span> <span class='ocrx_word' id='word_1_19' title='bbox 653 521 799 598; x_wconf 80' lang='lat' dir='ltr'><strong>perfectio</strong></span> <span class='ocrx_word' id='word_1_20' title='bbox 821 519 994 590; x_wconf 89' lang='lat' dir='ltr'><strong>oblationis,</strong></span> <span class='ocrx_word' id='word_1_21' title='bbox 1020 537 1081 596; x_wconf 87' lang='lat' dir='ltr'><strong>qua</strong></span> <span class='ocrx_word' id='word_1_22' title='bbox 1099 519 1161 580; x_wconf 85' lang='lat' dir='ltr'><strong>ileo</strong></span> 
     </span>
     <span class='ocr_line' id='line_1_5' title="bbox 208 600 1236 678; baseline -0.002 -16"><span class='ocrx_word' id='word_1_23' title='bbox 208 607 382 662; x_wconf 86' lang='lat' dir='ltr'><strong>consecrata</strong></span> <span class='ocrx_word' id='word_1_24' title='bbox 398 601 505 662; x_wconf 86' lang='lat' dir='ltr'><strong>luerat.</strong></span> <span class='ocrx_word' id='word_1_25' title='bbox 530 601 579 662; x_wconf 61' lang='grc' dir='ltr'>Η</span> <span class='ocrx_word' id='word_1_26' title='bbox 593 602 780 664; x_wconf 88' lang='lat' dir='ltr'><strong>Tradebatur</strong></span> <span class='ocrx_word' id='word_1_27' title='bbox 796 600 942 671; x_wconf 86' lang='lat' dir='ltr'><strong>flammis,</strong></span> <span class='ocrx_word' id='word_1_28' title='bbox 967 601 1080 678; x_wconf 90' lang='lat' dir='ltr'><strong>quibus</strong></span> <span class='ocrx_word' id='word_1_29' title='bbox 1095 619 1164 660; x_wconf 87' lang='lat' dir='ltr'><strong>coa·</strong></span> <span class='ocrx_word' id='word_1_30' title='bbox 1235 610 1236 613; x_wconf 76' lang='grc'>’</span> 
     </span>
     <span class='ocr_line' id='line_1_6' title="bbox 208 683 1164 762; baseline -0.003 -17"><span class='ocrx_word' id='word_1_31' title='bbox 208 689 328 762; x_wconf 90' lang='lat' dir='ltr'><strong>sumpta</strong></span> <span class='ocrx_word' id='word_1_32' title='bbox 351 684 538 743; x_wconf 79' lang='lat' dir='ltr'><strong>eximebatur</strong></span> <span class='ocrx_word' id='word_1_33' title='bbox 560 684 597 742; x_wconf 90' lang='lat' dir='ltr'><strong>ab</strong></span> <span class='ocrx_word' id='word_1_34' title='bbox 620 687 701 744; x_wconf 91' lang='lat' dir='ltr'><strong>omni</strong></span> <span class='ocrx_word' id='word_1_35' title='bbox 724 685 812 745; x_wconf 85' lang='lat' dir='ltr'><strong>sorde</strong></span> <span class='ocrx_word' id='word_1_36' title='bbox 833 692 864 745; x_wconf 89' lang='lat' dir='ltr'><strong>et</strong></span> <span class='ocrx_word' id='word_1_37' title='bbox 884 685 1095 760; x_wconf 85' lang='lat' dir='ltr'><strong>corruptione,</strong></span> <span class='ocrx_word' id='word_1_38' title='bbox 1121 683 1164 742; x_wconf 90' lang='lat' dir='ltr'><strong>la-</strong></span> 
     </span>
     <span class='ocr_line' id='line_1_7' title="bbox 209 763 1162 846; baseline -0.002 -20"><span class='ocrx_word' id='word_1_39' title='bbox 209 775 319 842; x_wconf 87' lang='lat' dir='ltr'><strong>ctaquc</strong></span> <span class='ocrx_word' id='word_1_40' title='bbox 342 765 434 826; x_wconf 88' lang='lat' dir='ltr'><strong>veluti</strong></span> <span class='ocrx_word' id='word_1_41' title='bbox 450 767 612 842; x_wconf 90' lang='lat' dir='ltr'><strong>spiritualis</strong></span> <span class='ocrx_word' id='word_1_42' title='bbox 629 775 660 827; x_wconf 86' lang='lat' dir='ltr'><strong>et</strong></span> <span class='ocrx_word' id='word_1_43' title='bbox 675 769 845 834; x_wconf 82' lang='lat' dir='ltr'><strong>rationalis,</strong></span> <span class='ocrx_word' id='word_1_44' title='bbox 869 778 988 846; x_wconf 87' lang='lat' dir='ltr'><strong>accepto</strong></span> <span class='ocrx_word' id='word_1_45' title='bbox 1002 773 1073 827; x_wconf 88' lang='lat' dir='ltr'><strong>crat</strong></span> <span class='ocrx_word' id='word_1_46' title='bbox 1087 763 1162 834; x_wconf 87' lang='lat' dir='ltr'><strong>Deo,</strong></span> 
     </span>
     <span class='ocr_line' id='line_1_8' title="bbox 211 846 1164 927; baseline -0.004 -18"><span class='ocrx_word' id='word_1_47' title='bbox 211 850 300 927; x_wconf 87' lang='lat' dir='ltr'><strong>cujus</strong></span> <span class='ocrx_word' id='word_1_48' title='bbox 322 848 358 907; x_wconf 88' lang='lat' dir='ltr'><strong>ad</strong></span> <span class='ocrx_word' id='word_1_49' title='bbox 382 846 522 907; x_wconf 88' lang='lat' dir='ltr'><strong>thronum</strong></span> <span class='ocrx_word' id='word_1_50' title='bbox 547 848 702 908; x_wconf 82' lang='lat' dir='ltr'><strong>terebatur</strong></span> <span class='ocrx_word' id='word_1_51' title='bbox 724 849 825 909; x_wconf 91' lang='lat' dir='ltr'><strong>lumus</strong></span> <span class='ocrx_word' id='word_1_52' title='bbox 847 849 1038 909; x_wconf 83' lang='lat' dir='ltr'><strong>victimarum</strong></span> <span class='ocrx_word' id='word_1_53' title='bbox 1064 849 1164 906; x_wconf 91' lang='lat' dir='ltr'><strong>incen-</strong></span> 
     </span>
     <span class='ocr_line' id='line_1_9' title="bbox 209 927 1165 1007; baseline -0.002 -16"><span class='ocrx_word' id='word_1_54' title='bbox 209 947 333 998; x_wconf 89' lang='lat' dir='ltr'><strong>sarum,</strong></span> <span class='ocrx_word' id='word_1_55' title='bbox 359 930 637 1007; x_wconf 88' lang='lat' dir='ltr'><strong>suscipiebaturque</strong></span> <span class='ocrx_word' id='word_1_56' title='bbox 657 932 686 988; x_wconf 93' lang='lat' dir='ltr'><strong>in</strong></span> <span class='ocrx_word' id='word_1_57' title='bbox 700 930 824 991; x_wconf 89' lang='lat' dir='ltr'><strong>odorem</strong></span> <span class='ocrx_word' id='word_1_58' title='bbox 847 931 1012 990; x_wconf 88' lang='lat' dir='ltr'><strong>suavitatis.</strong></span> <span class='ocrx_word' id='word_1_59' title='bbox 1038 929 1092 990; x_wconf 81' lang='lat'><strong>5.⁰</strong></span> <span class='ocrx_word' id='word_1_60' title='bbox 1107 927 1165 989; x_wconf 84' lang='lat' dir='ltr'><strong>De-</strong></span> 
     </span>
     <span class='ocr_line' id='line_1_10' title="bbox 210 1011 1166 1091; baseline -0.002 -20"><span class='ocrx_word' id='word_1_61' title='bbox 210 1016 301 1088; x_wconf 90' lang='lat' dir='ltr'><strong>nique</strong></span> <span class='ocrx_word' id='word_1_62' title='bbox 323 1012 563 1072; x_wconf 83' lang='lat' dir='ltr'><strong>communicabat</strong></span> <span class='ocrx_word' id='word_1_63' title='bbox 584 1014 711 1090; x_wconf 91' lang='lat' dir='ltr'><strong>populus</strong></span> <span class='ocrx_word' id='word_1_64' title='bbox 727 1011 885 1079; x_wconf 88' lang='lat' dir='ltr'><strong>sacrificio,</strong></span> <span class='ocrx_word' id='word_1_65' title='bbox 910 1011 957 1070; x_wconf 88' lang='lat' dir='ltr'><strong>vel</strong></span> <span class='ocrx_word' id='word_1_66' title='bbox 973 1014 1086 1091; x_wconf 87' lang='lat' dir='ltr'><strong>spiritu</strong></span> <span class='ocrx_word' id='word_1_67' title='bbox 1103 1011 1166 1070; x_wconf 89' lang='lat' dir='ltr'><strong>iun-</strong></span> 
     </span>
     <span class='ocr_line' id='line_1_11' title="bbox 211 1093 1165 1174; baseline -0.004 -20"><span class='ocrx_word' id='word_1_68' title='bbox 211 1095 307 1174; x_wconf 89' lang='lat' dir='ltr'><strong>gendo</strong></span> <span class='ocrx_word' id='word_1_69' title='bbox 334 1111 366 1152; x_wconf 88' lang='lat' dir='ltr'><strong>se</strong></span> <span class='ocrx_word' id='word_1_70' title='bbox 389 1111 456 1152; x_wconf 92' lang='lat' dir='ltr'><strong>cum</strong></span> <span class='ocrx_word' id='word_1_71' title='bbox 485 1096 635 1161; x_wconf 86' lang='lat' dir='ltr'><strong>victimis,</strong></span> <span class='ocrx_word' id='word_1_72' title='bbox 664 1095 815 1171; x_wconf 89' lang='lat' dir='ltr'><strong>simulque</strong></span> <span class='ocrx_word' id='word_1_73' title='bbox 841 1093 971 1172; x_wconf 88' lang='lat' dir='ltr'><strong>petendo</strong></span> <span class='ocrx_word' id='word_1_74' title='bbox 998 1101 1033 1156; x_wconf 93' lang='lat' dir='ltr'><strong>ut</strong></span> <span class='ocrx_word' id='word_1_75' title='bbox 1057 1110 1165 1154; x_wconf 92' lang='lat' dir='ltr'><strong>earum</strong></span> 
     </span>
     <span class='ocr_line' id='line_1_12' title="bbox 210 1173 1163 1251; baseline -0.002 -17"><span class='ocrx_word' id='word_1_76' title='bbox 210 1178 322 1235; x_wconf 83' lang='lat' dir='ltr'><strong>virtute</strong></span> <span class='ocrx_word' id='word_1_77' title='bbox 344 1175 512 1251; x_wconf 81' lang='lat' dir='ltr'><strong>placaretur</strong></span> <span class='ocrx_word' id='word_1_78' title='bbox 536 1176 628 1236; x_wconf 81' lang='lat' dir='ltr'><strong>licus.</strong></span> <span class='ocrx_word' id='word_1_79' title='bbox 653 1175 737 1236; x_wconf 84' lang='lat' dir='ltr'><strong>llaec</strong></span> <span class='ocrx_word' id='word_1_80' title='bbox 752 1176 873 1235; x_wconf 89' lang='lat' dir='ltr'><strong>victima</strong></span> <span class='ocrx_word' id='word_1_81' title='bbox 887 1173 1026 1236; x_wconf 87' lang='lat' dir='ltr'><strong>Christus</strong></span> <span class='ocrx_word' id='word_1_82' title='bbox 1042 1182 1103 1242; x_wconf 89' lang='lat' dir='ltr'><strong>est,</strong></span> <span class='ocrx_word' id='word_1_83' title='bbox 1129 1175 1163 1241; x_wconf 90' lang='lat' dir='ltr'><strong>is,</strong></span> 
     </span>
     <span class='ocr_line' id='line_1_13' title="bbox 211 1256 1164 1336; baseline -0.005 -18"><span class='ocrx_word' id='word_1_84' title='bbox 211 1263 355 1336; x_wconf 89' lang='lat' dir='ltr'><strong>quantum</strong></span> <span class='ocrx_word' id='word_1_85' title='bbox 378 1256 413 1314; x_wconf 89' lang='lat' dir='ltr'><strong>ad</strong></span> <span class='ocrx_word' id='word_1_86' title='bbox 432 1263 568 1318; x_wconf 90' lang='lat' dir='ltr'><strong>naturam</strong></span> <span class='ocrx_word' id='word_1_87' title='bbox 594 1258 755 1318; x_wconf 88' lang='lat' dir='ltr'><strong>humanam</strong></span> <span class='ocrx_word' id='word_1_88' title='bbox 777 1257 980 1336; x_wconf 72' lang='lat' dir='ltr'><strong>sanctificatus</strong></span> <span class='ocrx_word' id='word_1_89' title='bbox 995 1271 1037 1318; x_wconf 88' lang='lat' dir='ltr'><strong>est</strong></span> <span class='ocrx_word' id='word_1_90' title='bbox 1054 1257 1164 1318; x_wconf 87' lang='lat' dir='ltr'><strong>lucar-</strong></span> 
     </span>
     <span class='ocr_line' id='line_1_14' title="bbox 211 1338 1164 1417; baseline -0.003 -19"><span class='ocrx_word' id='word_1_91' title='bbox 211 1342 340 1407; x_wconf 77' lang='lat' dir='ltr'><strong>actione,</strong></span> <span class='ocrx_word' id='word_1_92' title='bbox 364 1339 476 1398; x_wconf 87' lang='lat' dir='ltr'><strong>oblatus</strong></span> <span class='ocrx_word' id='word_1_93' title='bbox 497 1348 543 1401; x_wconf 91' lang='lat' dir='ltr'><strong>est</strong></span> <span class='ocrx_word' id='word_1_94' title='bbox 563 1339 627 1400; x_wconf 86' lang='lat' dir='ltr'><strong>Deo</strong></span> <span class='ocrx_word' id='word_1_95' title='bbox 650 1341 709 1399; x_wconf 92' lang='lat' dir='ltr'><strong>iam</strong></span> <span class='ocrx_word' id='word_1_96' title='bbox 733 1343 796 1417; x_wconf 88' lang='lat' dir='ltr'><strong>ipsa</strong></span> <span class='ocrx_word' id='word_1_97' title='bbox 820 1338 995 1407; x_wconf 75' lang='lat' dir='ltr'><strong>Natiuitcte</strong></span> <span class='ocrx_word' id='word_1_98' title='bbox 1020 1338 1164 1399; x_wconf 85' lang='lat' dir='ltr'><strong>immola·</strong></span> 
     </span>
     <span class='ocr_line' id='line_1_15' title="bbox 210 1418 1165 1499; baseline -0.002 -17"><span class='ocrx_word' id='word_1_99' title='bbox 210 1434 258 1482; x_wconf 84' lang='lat' dir='ltr'><strong>tus</strong></span> <span class='ocrx_word' id='word_1_100' title='bbox 281 1429 321 1478; x_wconf 91' lang='lat' dir='ltr'><strong>est</strong></span> <span class='ocrx_word' id='word_1_101' title='bbox 344 1418 504 1491; x_wconf 71' lang='lat' dir='ltr'><strong>Passioni,</strong></span> <span class='ocrx_word' id='word_1_102' title='bbox 528 1423 705 1481; x_wconf 87' lang='lat' dir='ltr'><strong>immortalis</strong></span> <span class='ocrx_word' id='word_1_103' title='bbox 726 1423 823 1499; x_wconf 67' lang='lat' dir='ltr'><strong>iactus</strong></span> <span class='ocrx_word' id='word_1_104' title='bbox 846 1430 886 1480; x_wconf 88' lang='lat' dir='ltr'><strong>est</strong></span> <span class='ocrx_word' id='word_1_105' title='bbox 906 1420 1165 1482; x_wconf 79' lang='lat' dir='ltr'><strong>Resurrectione:</strong></span> 
     </span>
     <span class='ocr_line' id='line_1_16' title="bbox 212 1500 1167 1581; baseline -0.005 -17"><span class='ocrx_word' id='word_1_106' title='bbox 212 1503 345 1564; x_wconf 74' lang='lat' dir='ltr'><strong>exhibuit</strong></span> <span class='ocrx_word' id='word_1_107' title='bbox 366 1521 394 1562; x_wconf 86' lang='lat' dir='ltr'><strong>se</strong></span> <span class='ocrx_word' id='word_1_108' title='bbox 412 1513 600 1581; x_wconf 78' lang='lat' dir='ltr'><strong>praesentem</strong></span> <span class='ocrx_word' id='word_1_109' title='bbox 626 1501 686 1562; x_wconf 83' lang='lat' dir='ltr'><strong>lleo</strong></span> <span class='ocrx_word' id='word_1_110' title='bbox 709 1503 906 1571; x_wconf 71' lang='lat' dir='ltr'><strong>Asceusioue:</strong></span> <span class='ocrx_word' id='word_1_111' title='bbox 930 1500 1010 1563; x_wconf 88' lang='lat' dir='ltr'><strong>Huic</strong></span> <span class='ocrx_word' id='word_1_112' title='bbox 1034 1503 1167 1578; x_wconf 86' lang='lat' dir='ltr'><strong>denique</strong></span> 
     </span>
     <span class='ocr_line' id='line_1_17' title="bbox 213 1585 1165 1663; baseline 0.001 -18"><span class='ocrx_word' id='word_1_113' title='bbox 213 1585 491 1653; x_wconf 87' lang='lat' dir='ltr'><strong>communicamus,</strong></span> <span class='ocrx_word' id='word_1_114' title='bbox 517 1587 715 1661; x_wconf 86' lang='lat' dir='ltr'><strong>spiritualiter</strong></span> <span class='ocrx_word' id='word_1_115' title='bbox 736 1587 855 1662; x_wconf 89' lang='lat' dir='ltr'><strong>quidem</strong></span> <span class='ocrx_word' id='word_1_116' title='bbox 881 1603 933 1660; x_wconf 88' lang='lat' dir='ltr'><strong>per</strong></span> <span class='ocrx_word' id='word_1_117' title='bbox 955 1586 1165 1663; x_wconf 75' lang='lat' dir='ltr'><strong>baptismum,</strong></span> 
     </span>
     <span class='ocr_line' id='line_1_18' title="bbox 213 1666 1168 1745; baseline -0.004 -19"><span class='ocrx_word' id='word_1_118' title='bbox 213 1685 273 1744; x_wconf 72' lang='lat' dir='ltr'><strong>quio</strong></span> <span class='ocrx_word' id='word_1_119' title='bbox 301 1667 437 1726; x_wconf 87' lang='lat' dir='ltr'><strong>membra</strong></span> <span class='ocrx_word' id='word_1_120' title='bbox 463 1667 532 1726; x_wconf 89' lang='lat' dir='ltr'><strong>e&#39;us</strong></span> <span class='ocrx_word' id='word_1_121' title='bbox 559 1666 730 1734; x_wconf 84' lang='lat' dir='ltr'><strong>efficimur,</strong></span> <span class='ocrx_word' id='word_1_122' title='bbox 758 1668 953 1745; x_wconf 83' lang='lat' dir='ltr'><strong>corporaliter</strong></span> <span class='ocrx_word' id='word_1_123' title='bbox 980 1671 1088 1727; x_wconf 88' lang='lat' dir='ltr'><strong>autem</strong></span> <span class='ocrx_word' id='word_1_124' title='bbox 1118 1681 1168 1740; x_wconf 88' lang='lat' dir='ltr'><strong>per</strong></span> 
     </span>
     <span class='ocr_line' id='line_1_19' title="bbox 212 1687 1164 1824; baseline -0.005 -14"><span class='ocrx_word' id='word_1_125' title='bbox 212 1747 444 1810; x_wconf 84' lang='lat' dir='ltr'><strong>Eucharistiam.</strong></span> <span class='ocrx_word' id='word_1_126' title='bbox 469 1687 553 1810; x_wconf 68' lang='lat' dir='ltr'><strong>llaec</strong></span> <span class='ocrx_word' id='word_1_127' title='bbox 568 1748 672 1808; x_wconf 88' lang='lat' dir='ltr'><strong>Oratio</strong></span> <span class='ocrx_word' id='word_1_128' title='bbox 691 1747 790 1824; x_wconf 86' lang='lat' dir='ltr'><strong>Quom</strong></span> <span class='ocrx_word' id='word_1_129' title='bbox 804 1750 979 1808; x_wconf 85' lang='lat' dir='ltr'><strong>oblationem</strong></span> <span class='ocrx_word' id='word_1_130' title='bbox 995 1755 1053 1810; x_wconf 88' lang='lat' dir='ltr'><strong>etc.</strong></span> <span class='ocrx_word' id='word_1_131' title='bbox 1079 1769 1097 1809; x_wconf 90' lang='lat' dir='ltr'><strong>a</strong></span> <span class='ocrx_word' id='word_1_132' title='bbox 1114 1745 1164 1805; x_wconf 85' lang='lat' dir='ltr'><strong>Pa-</strong></span> 
     </span>
     <span class='ocr_line' id='line_1_20' title="bbox 214 1827 1163 1909; baseline -0.003 -18"><span class='ocrx_word' id='word_1_133' title='bbox 214 1832 308 1891; x_wconf 88' lang='lat' dir='ltr'><strong>scasio</strong></span> <span class='ocrx_word' id='word_1_134' title='bbox 336 1832 364 1888; x_wconf 93' lang='lat' dir='ltr'><strong>in</strong></span> <span class='ocrx_word' id='word_1_135' title='bbox 387 1829 478 1888; x_wconf 90' lang='lat' dir='ltr'><strong>Libro</strong></span> <span class='ocrx_word' id='word_1_136' title='bbox 506 1831 542 1891; x_wconf 90' lang='lat' dir='ltr'><strong>de</strong></span> <span class='ocrx_word' id='word_1_137' title='bbox 568 1831 699 1907; x_wconf 84' lang='lat' dir='ltr'><strong>Corpore</strong></span> <span class='ocrx_word' id='word_1_138' title='bbox 722 1840 747 1888; x_wconf 90' lang='lat' dir='ltr'><strong>et</strong></span> <span class='ocrx_word' id='word_1_139' title='bbox 770 1832 920 1909; x_wconf 73' lang='lat' dir='ltr'><strong>Scapulae</strong></span> <span class='ocrx_word' id='word_1_140' title='bbox 945 1829 1063 1892; x_wconf 89' lang='lat' dir='ltr'><strong>Christi</strong></span> <span class='ocrx_word' id='word_1_141' title='bbox 1091 1827 1163 1904; x_wconf 87' lang='lat' dir='ltr'><strong>Cap.</strong></span> 
     </span>
     <span class='ocr_line' id='line_1_21' title="bbox 214 1910 1165 1990; baseline -0.003 -19"><span class='ocrx_word' id='word_1_142' title='bbox 214 1913 254 1972; x_wconf 73' lang='lat'><strong>12</strong></span> <span class='ocrx_word' id='word_1_143' title='bbox 276 1914 317 1970; x_wconf 88' lang='lat' dir='ltr'><strong>sic</strong></span> <span class='ocrx_word' id='word_1_144' title='bbox 339 1911 525 1988; x_wconf 84' lang='lat' dir='ltr'><strong>explicatur:</strong></span> <span class='ocrx_word' id='word_1_145' title='bbox 557 1911 710 1990; x_wconf 73' lang='lat' dir='ltr'><strong>Rogamus</strong></span> <span class='ocrx_word' id='word_1_146' title='bbox 738 1913 815 1972; x_wconf 89' lang='lat' dir='ltr'><strong>boae</strong></span> <span class='ocrx_word' id='word_1_147' title='bbox 842 1913 1017 1971; x_wconf 82' lang='lat' dir='ltr'><strong>oblationem</strong></span> <span class='ocrx_word' id='word_1_148' title='bbox 1047 1910 1165 1973; x_wconf 81' lang='lat' dir='ltr'><strong>benedi-</strong></span> 
     </span>
     <span class='ocr_line' id='line_1_22' title="bbox 215 1987 1168 2075; baseline -0.002 -23"><span class='ocrx_word' id='word_1_149' title='bbox 215 2005 313 2064; x_wconf 87' lang='lat' dir='ltr'><strong>ctcm‚</strong></span> <span class='ocrx_word' id='word_1_150' title='bbox 340 2011 509 2073; x_wconf 87' lang='lat' dir='ltr'><strong>perquam</strong></span> <span class='ocrx_word' id='word_1_151' title='bbox 537 2013 590 2053; x_wconf 92' lang='lat' dir='ltr'><strong>uos</strong></span> <span class='ocrx_word' id='word_1_152' title='bbox 614 1993 847 2055; x_wconf 77' lang='lat' dir='ltr'><strong>benedicamur:</strong></span> <span class='ocrx_word' id='word_1_153' title='bbox 875 1987 1064 2073; x_wconf 82' lang='lat' dir='ltr'><strong>adscriptum</strong></span> <span class='ocrx_word' id='word_1_154' title='bbox 1084 2043 1091 2065; x_wconf 89' lang='lat'><strong>,</strong></span> <span class='ocrx_word' id='word_1_155' title='bbox 1112 2009 1168 2075; x_wconf 84' lang='lat' dir='ltr'><strong>per</strong></span> 
     </span>
     <span class='ocr_line' id='line_1_23' title="bbox 215 2075 1168 2156; baseline -0.004 -21"><span class='ocrx_word' id='word_1_156' title='bbox 215 2094 306 2156; x_wconf 80' lang='lat' dir='ltr'><strong>quoue</strong></span> <span class='ocrx_word' id='word_1_157' title='bbox 328 2095 380 2135; x_wconf 85' lang='lat' dir='ltr'><strong>cos</strong></span> <span class='ocrx_word' id='word_1_158' title='bbox 401 2094 498 2134; x_wconf 86' lang='lat' dir='ltr'><strong>omues</strong></span> <span class='ocrx_word' id='word_1_159' title='bbox 523 2079 557 2135; x_wconf 87' lang='lat' dir='ltr'><strong>iu</strong></span> <span class='ocrx_word' id='word_1_160' title='bbox 581 2075 667 2137; x_wconf 84' lang='lat' dir='ltr'><strong>Coelo</strong></span> <span class='ocrx_word' id='word_1_161' title='bbox 698 2075 926 2135; x_wconf 82' lang='lat' dir='ltr'><strong>adscribamur:</strong></span> <span class='ocrx_word' id='word_1_162' title='bbox 959 2085 1083 2146; x_wconf 86' lang='lat' dir='ltr'><strong>ratum,</strong></span> <span class='ocrx_word' id='word_1_163' title='bbox 1115 2091 1168 2155; x_wconf 86' lang='lat' dir='ltr'><strong>per</strong></span> 
     </span>
     <span class='ocr_line' id='line_1_24' title="bbox 215 2157 1182 2238; baseline 0 -22"><span class='ocrx_word' id='word_1_164' title='bbox 215 2176 306 2238; x_wconf 76' lang='lat' dir='ltr'><strong>quom</strong></span> <span class='ocrx_word' id='word_1_165' title='bbox 330 2159 364 2216; x_wconf 89' lang='lat' dir='ltr'><strong>iu</strong></span> <span class='ocrx_word' id='word_1_166' title='bbox 386 2158 545 2220; x_wconf 86' lang='lat' dir='ltr'><strong>uisceribus</strong></span> <span class='ocrx_word' id='word_1_167' title='bbox 575 2157 690 2219; x_wconf 76' lang='lat' dir='ltr'><strong>Christi</strong></span> <span class='ocrx_word' id='word_1_168' title='bbox 716 2176 910 2216; x_wconf 86' lang='lat' dir='ltr'><strong>ceuseomur:</strong></span> <span class='ocrx_word' id='word_1_169' title='bbox 931 2160 1182 2220; x_wconf 69' lang='lat' dir='ltr'><strong>rationabilem·</strong></span> 
     </span>
     <span class='ocr_line' id='line_1_25' title="bbox 211 2241 1166 2320; baseline -0.004 -23"><span class='ocrx_word' id='word_1_170' title='bbox 211 2259 270 2320; x_wconf 81' lang='lat' dir='ltr'><strong>per</strong></span> <span class='ocrx_word' id='word_1_171' title='bbox 292 2257 382 2316; x_wconf 81' lang='lat' dir='ltr'><strong>quam</strong></span> <span class='ocrx_word' id='word_1_172' title='bbox 410 2257 430 2297; x_wconf 94' lang='lat' dir='ltr'><strong>c</strong></span> <span class='ocrx_word' id='word_1_173' title='bbox 454 2241 568 2300; x_wconf 83' lang='lat' dir='ltr'><strong>bestiali</strong></span> <span class='ocrx_word' id='word_1_174' title='bbox 594 2257 679 2299; x_wconf 87' lang='lat' dir='ltr'><strong>seusu</strong></span> <span class='ocrx_word' id='word_1_175' title='bbox 706 2257 878 2299; x_wconf 84' lang='lat' dir='ltr'><strong>cauomur:</strong></span> <span class='ocrx_word' id='word_1_176' title='bbox 905 2241 1166 2318; x_wconf 82' lang='lat' dir='ltr'><strong>acceptabilemque</strong></span> 
     </span>
     <span class='ocr_line' id='line_1_26' title="bbox 215 2319 1166 2400; baseline -0.001 -20"><span class='ocrx_word' id='word_1_177' title='bbox 215 2323 313 2400; x_wconf 68' lang='lat' dir='ltr'><strong>facere</strong></span> <span class='ocrx_word' id='word_1_178' title='bbox 337 2319 495 2398; x_wconf 74' lang='lat' dir='ltr'><strong>eliquetur:</strong></span> <span class='ocrx_word' id='word_1_179' title='bbox 519 2331 685 2400; x_wconf 82' lang='lat' dir='ltr'><strong>quatenus,</strong></span> <span class='ocrx_word' id='word_1_180' title='bbox 710 2331 738 2379; x_wconf 87' lang='lat' dir='ltr'><strong>ct</strong></span> <span class='ocrx_word' id='word_1_181' title='bbox 759 2340 879 2400; x_wconf 86' lang='lat' dir='ltr'><strong>uesper</strong></span> <span class='ocrx_word' id='word_1_182' title='bbox 893 2321 947 2379; x_wconf 93' lang='lat' dir='ltr'><strong>hoc</strong></span> <span class='ocrx_word' id='word_1_183' title='bbox 970 2323 1042 2397; x_wconf 83' lang='lat' dir='ltr'><strong>quic</strong></span> <span class='ocrx_word' id='word_1_184' title='bbox 1065 2322 1102 2381; x_wconf 89' lang='lat' dir='ltr'><strong>iu</strong></span> <span class='ocrx_word' id='word_1_185' title='bbox 1116 2338 1166 2379; x_wconf 88' lang='lat' dir='ltr'><strong>uc-</strong></span> 
     </span>
     <span class='ocr_line' id='line_1_27' title="bbox 216 2399 1162 2483; baseline -0.006 -21"><span class='ocrx_word' id='word_1_186' title='bbox 216 2405 260 2464; x_wconf 87' lang='lat' dir='ltr'><strong>bis</strong></span> <span class='ocrx_word' id='word_1_187' title='bbox 276 2401 503 2478; x_wconf 83' lang='lat' dir='ltr'><strong>displicuimus,</strong></span> <span class='ocrx_word' id='word_1_188' title='bbox 527 2404 718 2481; x_wconf 84' lang='lat' dir='ltr'><strong>acceptabiles</strong></span> <span class='ocrx_word' id='word_1_189' title='bbox 733 2402 844 2483; x_wconf 79' lang='lat' dir='ltr'><strong>iu&#39;ejus</strong></span> <span class='ocrx_word' id='word_1_190' title='bbox 859 2405 949 2462; x_wconf 82' lang='lat' dir='ltr'><strong>unico</strong></span> <span class='ocrx_word' id='word_1_191' title='bbox 965 2399 1043 2463; x_wconf 84' lang='lat' dir='ltr'><strong>Filio</strong></span> <span class='ocrx_word' id='word_1_192' title='bbox 1059 2409 1162 2464; x_wconf 87' lang='lat' dir='ltr'><strong>simus.</strong></span> 
     </span>
     <span class='ocr_line' id='line_1_28' title="bbox 214 2482 1165 2560; baseline -0.002 -16"><span class='ocrx_word' id='word_1_193' title='bbox 214 2482 300 2545; x_wconf 79' lang='lat' dir='ltr'><strong>llaec</strong></span> <span class='ocrx_word' id='word_1_194' title='bbox 323 2485 497 2545; x_wconf 88' lang='lat' dir='ltr'><strong>Paschasius</strong></span> <span class='ocrx_word' id='word_1_195' title='bbox 518 2485 572 2545; x_wconf 92' lang='lat' dir='ltr'><strong>sub</strong></span> <span class='ocrx_word' id='word_1_196' title='bbox 595 2482 753 2560; x_wconf 79' lang='lat' dir='ltr'><strong>Augustini</strong></span> <span class='ocrx_word' id='word_1_197' title='bbox 776 2487 896 2542; x_wconf 90' lang='lat' dir='ltr'><strong>nominc</strong></span> <span class='ocrx_word' id='word_1_198' title='bbox 923 2485 1031 2544; x_wconf 87' lang='lat' dir='ltr'><strong>citatus</strong></span> <span class='ocrx_word' id='word_1_199' title='bbox 1053 2504 1069 2545; x_wconf 93' lang='lat' dir='ltr'><strong>a</strong></span> <span class='ocrx_word' id='word_1_200' title='bbox 1094 2483 1165 2544; x_wconf 86' lang='lat' dir='ltr'><strong>Gra-</strong></span> 
     </span>
     <span class='ocr_line' id='line_1_29' title="bbox 217 2564 1165 2643; baseline -0.002 -17"><span class='ocrx_word' id='word_1_201' title='bbox 217 2569 298 2628; x_wconf 90' lang='lat' dir='ltr'><strong>tiano</strong></span> <span class='ocrx_word' id='word_1_202' title='bbox 321 2566 355 2625; x_wconf 92' lang='lat' dir='ltr'><strong>de</strong></span> <span class='ocrx_word' id='word_1_203' title='bbox 379 2566 602 2628; x_wconf 76' lang='lat' dir='ltr'><strong>Consecratioue</strong></span> <span class='ocrx_word' id='word_1_204' title='bbox 626 2565 762 2626; x_wconf 84' lang='lat' dir='ltr'><strong>Distinet.</strong></span> <span class='ocrx_word' id='word_1_205' title='bbox 787 2566 808 2624; x_wconf 74' lang='lat'><strong>2</strong></span> <span class='ocrx_word' id='word_1_206' title='bbox 829 2564 901 2643; x_wconf 87' lang='lat' dir='ltr'><strong>Cap.</strong></span> <span class='ocrx_word' id='word_1_207' title='bbox 933 2565 975 2624; x_wconf 78' lang='lat'><strong>72</strong></span> <span class='ocrx_word' id='word_1_208' title='bbox 1002 2569 1034 2625; x_wconf 89' lang='lat' dir='ltr'><strong>et</strong></span> <span class='ocrx_word' id='word_1_209' title='bbox 1056 2585 1073 2627; x_wconf 89' lang='lat' dir='ltr'><strong>a</strong></span> <span class='ocrx_word' id='word_1_210' title='bbox 1097 2567 1165 2628; x_wconf 91' lang='lat' dir='ltr'><strong>San·</strong></span> 
     </span>
     <span class='ocr_line' id='line_1_30' title="bbox 216 2644 1165 2724; baseline -0.004 -16"><span class='ocrx_word' id='word_1_211' title='bbox 216 2657 265 2709; x_wconf 88' lang='lat' dir='ltr'><strong>cto</strong></span> <span class='ocrx_word' id='word_1_212' title='bbox 286 2648 404 2708; x_wconf 89' lang='lat' dir='ltr'><strong>Thoma</strong></span> <span class='ocrx_word' id='word_1_213' title='bbox 426 2647 455 2706; x_wconf 84' lang='lat'><strong>3.</strong></span> <span class='ocrx_word' id='word_1_214' title='bbox 481 2648 561 2708; x_wconf 88' lang='lat' dir='ltr'><strong>Part.</strong></span> <span class='ocrx_word' id='word_1_215' title='bbox 586 2655 702 2722; x_wconf 81' lang='lat' dir='ltr'><strong>qrraest.</strong></span> <span class='ocrx_word' id='word_1_216' title='bbox 720 2644 762 2707; x_wconf 87' lang='grc'><strong>83</strong></span> <span class='ocrx_word' id='word_1_217' title='bbox 783 2655 840 2708; x_wconf 90' lang='lat' dir='ltr'><strong>art.</strong></span> <span class='ocrx_word' id='word_1_218' title='bbox 859 2646 888 2706; x_wconf 77' lang='lat' dir='ltr'><strong>l.</strong></span> <span class='ocrx_word' id='word_1_219' title='bbox 913 2647 1075 2724; x_wconf 82' lang='lat' dir='ltr'><strong>Reperitur</strong></span> <span class='ocrx_word' id='word_1_220' title='bbox 1092 2651 1165 2709; x_wconf 90' lang='lat' dir='ltr'><strong>haec</strong></span> 
     </span>
     <span class='ocr_line' id='line_1_31' title="bbox 218 2726 1166 2807; baseline 0 -18"><span class='ocrx_word' id='word_1_221' title='bbox 218 2734 283 2806; x_wconf 92' lang='lat' dir='ltr'><strong>ipsa</strong></span> <span class='ocrx_word' id='word_1_222' title='bbox 304 2731 408 2791; x_wconf 89' lang='lat' dir='ltr'><strong>Oratio</strong></span> <span class='ocrx_word' id='word_1_223' title='bbox 432 2731 510 2807; x_wconf 90' lang='lat' dir='ltr'><strong>apud</strong></span> <span class='ocrx_word' id='word_1_224' title='bbox 534 2728 730 2790; x_wconf 85' lang='lat' dir='ltr'><strong>Ambrosium</strong></span> <span class='ocrx_word' id='word_1_225' title='bbox 746 2726 834 2789; x_wconf 80' lang='lat' dir='ltr'><strong>libro</strong></span> <span class='ocrx_word' id='word_1_226' title='bbox 849 2727 900 2789; x_wconf 79' lang='lat' dir='ltr'><em>W</em></span> <span class='ocrx_word' id='word_1_227' title='bbox 916 2727 950 2788; x_wconf 91' lang='lat' dir='ltr'><strong>de</strong></span> <span class='ocrx_word' id='word_1_228' title='bbox 965 2730 1166 2792; x_wconf 84' lang='lat' dir='ltr'><strong>Sacrcmcatis</strong></span> 
     </span>
     <span class='ocr_line' id='line_1_32' title="bbox 220 2813 347 2873; baseline -0.008 0"><span class='ocrx_word' id='word_1_229' title='bbox 220 2813 261 2873; x_wconf 84' lang='lat' dir='ltr'><strong>Ca</strong></span> <span class='ocrx_word' id='word_1_230' title='bbox 287 2857 294 2869; x_wconf 93' lang='lat'><strong>.</strong></span> <span class='ocrx_word' id='word_1_231' title='bbox 318 2813 347 2872; x_wconf 84' lang='lat'><strong>5.</strong></span> 
     </span>
    </p>

    <p class='ocr_par' dir='ltr' id='par_1_3' title="bbox 221 2831 1170 3710">
     <span class='ocr_line' id='line_1_33' title="bbox 262 2831 1167 2972; baseline -0.011 -14"><span class='ocrx_word' id='word_1_232' title='bbox 262 2831 301 2958; x_wconf 74' lang='lat' dir='ltr'><strong>il.</strong></span> <span class='ocrx_word' id='word_1_233' title='bbox 324 2894 402 2954; x_wconf 89' lang='lat' dir='ltr'><strong>Petit</strong></span> <span class='ocrx_word' id='word_1_234' title='bbox 424 2891 558 2952; x_wconf 87' lang='lat' dir='ltr'><strong>Ecclesia</strong></span> <span class='ocrx_word' id='word_1_235' title='bbox 581 2894 696 2971; x_wconf 83' lang='lat' dir='ltr'><strong>insigne</strong></span> <span class='ocrx_word' id='word_1_236' title='bbox 711 2900 742 2954; x_wconf 91' lang='lat' dir='ltr'><strong>et</strong></span> <span class='ocrx_word' id='word_1_237' title='bbox 757 2911 880 2972; x_wconf 89' lang='lat' dir='ltr'><strong>prorsus</strong></span> <span class='ocrx_word' id='word_1_238' title='bbox 898 2893 1049 2970; x_wconf 87' lang='lat' dir='ltr'><strong>singulare</strong></span> <span class='ocrx_word' id='word_1_239' title='bbox 1073 2891 1167 2972; x_wconf 92' lang='lat' dir='ltr'><strong>prodi-</strong></span> 
     </span>
     <span class='ocr_line' id='line_1_34' title="bbox 222 2973 1168 3055; baseline 0.002 -21"><span class='ocrx_word' id='word_1_240' title='bbox 222 2979 305 3055; x_wconf 87' lang='lat' dir='ltr'><strong>gium</strong></span> <span class='ocrx_word' id='word_1_241' title='bbox 329 2976 501 3037; x_wconf 89' lang='lat' dir='ltr'><strong>mutationis</strong></span> <span class='ocrx_word' id='word_1_242' title='bbox 524 2977 553 3033; x_wconf 89' lang='lat' dir='ltr'><strong>in</strong></span> <span class='ocrx_word' id='word_1_243' title='bbox 576 2973 693 3053; x_wconf 85' lang='lat' dir='ltr'><strong>Corpus</strong></span> <span class='ocrx_word' id='word_1_244' title='bbox 720 2981 751 3036; x_wconf 89' lang='lat' dir='ltr'><strong>et</strong></span> <span class='ocrx_word' id='word_1_245' title='bbox 772 2974 951 3052; x_wconf 82' lang='lat' dir='ltr'><strong>Sanguinem</strong></span> <span class='ocrx_word' id='word_1_246' title='bbox 979 2975 1092 3037; x_wconf 86' lang='lat' dir='ltr'><strong>Christi</strong></span> <span class='ocrx_word' id='word_1_247' title='bbox 1114 2975 1168 3036; x_wconf 87' lang='lat' dir='ltr'><strong>Do·</strong></span> 
     </span>
     <span class='ocr_line' id='line_1_35' title="bbox 221 3057 1170 3135; baseline -0.005 -17"><span class='ocrx_word' id='word_1_248' title='bbox 221 3061 294 3118; x_wconf 89' lang='lat' dir='ltr'><strong>mini</strong></span> <span class='ocrx_word' id='word_1_249' title='bbox 310 3106 316 3131; x_wconf 91' lang='lat'>‚</span> <span class='ocrx_word' id='word_1_250' title='bbox 342 3059 431 3134; x_wconf 89' lang='lat' dir='ltr'><strong>idque</strong></span> <span class='ocrx_word' id='word_1_251' title='bbox 446 3076 481 3118; x_wconf 90' lang='lat' dir='ltr'><strong>ca</strong></span> <span class='ocrx_word' id='word_1_252' title='bbox 496 3058 561 3135; x_wconf 89' lang='lat' dir='ltr'><strong>ipsa</strong></span> <span class='ocrx_word' id='word_1_253' title='bbox 576 3058 767 3134; x_wconf 89' lang='lat' dir='ltr'><strong>simplicitate</strong></span> <span class='ocrx_word' id='word_1_254' title='bbox 790 3060 885 3134; x_wconf 88' lang='lat' dir='ltr'><strong>petit,</strong></span> <span class='ocrx_word' id='word_1_255' title='bbox 909 3074 969 3134; x_wconf 90' lang='lat' dir='ltr'><strong>qua</strong></span> <span class='ocrx_word' id='word_1_256' title='bbox 987 3057 1097 3120; x_wconf 87' lang='lat' dir='ltr'><strong>Sacrae</strong></span> <span class='ocrx_word' id='word_1_257' title='bbox 1113 3057 1170 3117; x_wconf 90' lang='lat' dir='ltr'><strong>Lit-</strong></span> 
     </span>
     <span class='ocr_line' id='line_1_36' title="bbox 222 3137 1167 3219; baseline -0.005 -18"><span class='ocrx_word' id='word_1_258' title='bbox 222 3146 305 3202; x_wconf 88' lang='lat' dir='ltr'><strong>terac</strong></span> <span class='ocrx_word' id='word_1_259' title='bbox 318 3137 510 3200; x_wconf 85' lang='lat' dir='ltr'><strong>¹creationem</strong></span> <span class='ocrx_word' id='word_1_260' title='bbox 527 3139 720 3214; x_wconf 87' lang='lat' dir='ltr'><strong>exprimunt,</strong></span> <span class='ocrx_word' id='word_1_261' title='bbox 744 3138 797 3219; x_wconf 77' lang='lat' dir='ltr'><strong>fiat</strong></span> <span class='ocrx_word' id='word_1_262' title='bbox 818 3141 894 3206; x_wconf 83' lang='lat' dir='ltr'><strong>lucc,</strong></span> <span class='ocrx_word' id='word_1_263' title='bbox 917 3139 1167 3216; x_wconf 86' lang='lat' dir='ltr'><strong>quemadmodum</strong></span> 
     </span>
     <span class='ocr_line' id='line_1_37' title="bbox 222 3219 1168 3298; baseline -0.01 -15"><span class='ocrx_word' id='word_1_264' title='bbox 222 3226 313 3284; x_wconf 88' lang='lat' dir='ltr'><strong>ctiam</strong></span> <span class='ocrx_word' id='word_1_265' title='bbox 338 3222 437 3282; x_wconf 85' lang='lat' dir='ltr'><strong>Divini</strong></span> <span class='ocrx_word' id='word_1_266' title='bbox 460 3221 623 3281; x_wconf 60' lang='lat' dir='ltr'><strong>salvatoris</strong></span> <span class='ocrx_word' id='word_1_267' title='bbox 646 3221 883 3280; x_wconf 89' lang='lat' dir='ltr'><strong>incarnationem</strong></span> <span class='ocrx_word' id='word_1_268' title='bbox 906 3223 934 3279; x_wconf 94' lang='lat' dir='ltr'><strong>in</strong></span> <span class='ocrx_word' id='word_1_269' title='bbox 956 3223 1051 3282; x_wconf 85' lang='lat' dir='ltr'><strong>Maria</strong></span> <span class='ocrx_word' id='word_1_270' title='bbox 1076 3219 1168 3298; x_wconf 87' lang='lat' dir='ltr'><strong>Virgi-</strong></span> 
     </span>
     <span class='ocr_line' id='line_1_38' title="bbox 222 3299 1168 3385; baseline 0 -22"><span class='ocrx_word' id='word_1_271' title='bbox 222 3324 281 3365; x_wconf 90' lang='lat' dir='ltr'><strong>ne:</strong></span> <span class='ocrx_word' id='word_1_272' title='bbox 305 3305 357 3385; x_wconf 75' lang='lat' dir='ltr'><strong>fict</strong></span> <span class='ocrx_word' id='word_1_273' title='bbox 378 3305 452 3362; x_wconf 86' lang='lat' dir='ltr'><strong>mihi</strong></span> <span class='ocrx_word' id='word_1_274' title='bbox 473 3302 636 3363; x_wconf 85' lang='lat' dir='ltr'><strong>secuudum</strong></span> <span class='ocrx_word' id='word_1_275' title='bbox 656 3305 779 3362; x_wconf 89' lang='lat' dir='ltr'><strong>uerbum</strong></span> <span class='ocrx_word' id='word_1_276' title='bbox 800 3311 896 3362; x_wconf 90' lang='lat' dir='ltr'><strong>tuum.</strong></span> <span class='ocrx_word' id='word_1_277' title='bbox 920 3299 982 3362; x_wconf 87' lang='lat' dir='ltr'><strong>Nec</strong></span> <span class='ocrx_word' id='word_1_278' title='bbox 1003 3303 1100 3363; x_wconf 92' lang='lat' dir='ltr'><strong>solum</strong></span> <span class='ocrx_word' id='word_1_279' title='bbox 1122 3320 1168 3380; x_wconf 84' lang='lat' dir='ltr'><strong>pe·</strong></span> 
     </span>
     <span class='ocr_line' id='line_1_39' title="bbox 223 3381 1168 3462; baseline -0.006 -16"><span class='ocrx_word' id='word_1_280' title='bbox 223 3389 315 3446; x_wconf 84' lang='lat' dir='ltr'><strong>timus</strong></span> <span class='ocrx_word' id='word_1_281' title='bbox 330 3431 336 3454; x_wconf 91' lang='lat'><strong>‚</strong></span> <span class='ocrx_word' id='word_1_282' title='bbox 362 3392 395 3445; x_wconf 92' lang='lat' dir='ltr'><strong>ut</strong></span> <span class='ocrx_word' id='word_1_283' title='bbox 417 3386 528 3445; x_wconf 87' lang='lat' dir='ltr'><strong>oblatio</strong></span> <span class='ocrx_word' id='word_1_284' title='bbox 543 3385 652 3444; x_wconf 84' lang='lat' dir='ltr'><strong>evadat</strong></span> <span class='ocrx_word' id='word_1_285' title='bbox 666 3385 778 3445; x_wconf 86' lang='lat' dir='ltr'><strong>Christi</strong></span> <span class='ocrx_word' id='word_1_286' title='bbox 793 3381 908 3461; x_wconf 86' lang='lat' dir='ltr'><strong>Corpus</strong></span> <span class='ocrx_word' id='word_1_287' title='bbox 923 3390 953 3444; x_wconf 89' lang='lat' dir='ltr'><strong>et</strong></span> <span class='ocrx_word' id='word_1_288' title='bbox 968 3384 1106 3462; x_wconf 77' lang='lat' dir='ltr'><strong>Sanguis,</strong></span> <span class='ocrx_word' id='word_1_289' title='bbox 1122 3381 1168 3444; x_wconf 88' lang='lat' dir='ltr'><strong>scd</strong></span> 
     </span>
     <span class='ocr_line' id='line_1_40' title="bbox 224 3463 1168 3545; baseline -0.003 -18"><span class='ocrx_word' id='word_1_290' title='bbox 224 3475 258 3528; x_wconf 93' lang='lat' dir='ltr'><strong>ut</strong></span> <span class='ocrx_word' id='word_1_291' title='bbox 280 3469 307 3527; x_wconf 92' lang='lat' dir='ltr'><strong>id</strong></span> <span class='ocrx_word' id='word_1_292' title='bbox 326 3485 379 3545; x_wconf 90' lang='lat' dir='ltr'><strong>pro</strong></span> <span class='ocrx_word' id='word_1_293' title='bbox 395 3468 477 3526; x_wconf 88' lang='lat' dir='ltr'><strong>nobis</strong></span> <span class='ocrx_word' id='word_1_294' title='bbox 493 3467 620 3526; x_wconf 89' lang='lat' dir='ltr'><strong>evadat:</strong></span> <span class='ocrx_word' id='word_1_295' title='bbox 645 3477 680 3526; x_wconf 89' lang='lat' dir='ltr'><strong>ut</strong></span> <span class='ocrx_word' id='word_1_296' title='bbox 694 3467 774 3526; x_wconf 86' lang='lat' dir='ltr'><strong>uobis</strong></span> <span class='ocrx_word' id='word_1_297' title='bbox 796 3465 871 3545; x_wconf 77' lang='lat' dir='ltr'><strong>fiat;</strong></span> <span class='ocrx_word' id='word_1_298' title='bbox 894 3463 937 3525; x_wconf 81' lang='lat' dir='ltr'><strong>lle</strong></span> <span class='ocrx_word' id='word_1_299' title='bbox 953 3469 1085 3544; x_wconf 86' lang='lat' dir='ltr'><strong>quinque</strong></span> <span class='ocrx_word' id='word_1_300' title='bbox 1101 3466 1168 3527; x_wconf 88' lang='lat' dir='ltr'><strong>Cru-</strong></span> 
     </span>
     <span class='ocr_line' id='line_1_41' title="bbox 225 3546 1168 3625; baseline 0.001 -21"><span class='ocrx_word' id='word_1_301' title='bbox 225 3550 268 3606; x_wconf 89' lang='lat' dir='ltr'><strong>cis</strong></span> <span class='ocrx_word' id='word_1_302' title='bbox 291 3549 400 3623; x_wconf 87' lang='lat' dir='ltr'><strong>slgnis,</strong></span> <span class='ocrx_word' id='word_1_303' title='bbox 426 3565 503 3624; x_wconf 88' lang='lat' dir='ltr'><strong>quae</strong></span> <span class='ocrx_word' id='word_1_304' title='bbox 520 3549 547 3605; x_wconf 90' lang='lat' dir='ltr'><strong>in</strong></span> <span class='ocrx_word' id='word_1_305' title='bbox 565 3548 620 3608; x_wconf 90' lang='lat' dir='ltr'><strong>hac</strong></span> <span class='ocrx_word' id='word_1_306' title='bbox 635 3546 779 3607; x_wconf 88' lang='lat' dir='ltr'><strong>Oratione</strong></span> <span class='ocrx_word' id='word_1_307' title='bbox 801 3546 897 3617; x_wconf 84' lang='lat' dir='ltr'><strong>fiunt,</strong></span> <span class='ocrx_word' id='word_1_308' title='bbox 922 3547 1055 3625; x_wconf 85' lang='lat' dir='ltr'><strong>loquitur</strong></span> <span class='ocrx_word' id='word_1_309' title='bbox 1070 3547 1102 3609; x_wconf 91' lang='lat' dir='ltr'><strong>S.</strong></span> <span class='ocrx_word' id='word_1_310' title='bbox 1119 3549 1168 3608; x_wconf 90' lang='lat' dir='ltr'><strong>Bo-</strong></span> 
     </span>
     <span class='ocr_line' id='line_1_42' title="bbox 227 3628 1166 3710; baseline 0.004 -26"><span class='ocrx_word' id='word_1_311' title='bbox 227 3638 390 3688; x_wconf 80' lang='lat' dir='ltr'><strong>uaventura</strong></span> <span class='ocrx_word' id='word_1_312' title='bbox 413 3631 443 3688; x_wconf 87' lang='lat' dir='ltr'><strong>iu</strong></span> <span class='ocrx_word' id='word_1_313' title='bbox 464 3628 656 3708; x_wconf 78' lang='lat' dir='ltr'><strong>Exposilioue</strong></span> <span class='ocrx_word' id='word_1_314' title='bbox 675 3629 805 3702; x_wconf 84' lang='lat' dir='ltr'><strong>Missae,</strong></span> <span class='ocrx_word' id='word_1_315' title='bbox 829 3637 860 3690; x_wconf 90' lang='lat' dir='ltr'><strong>et</strong></span> <span class='ocrx_word' id='word_1_316' title='bbox 882 3631 944 3689; x_wconf 85' lang='lat' dir='ltr'><strong>ait:</strong></span> <span class='ocrx_word' id='word_1_317' title='bbox 966 3649 1021 3707; x_wconf 86' lang='lat' dir='ltr'><strong>per</strong></span> <span class='ocrx_word' id='word_1_318' title='bbox 1043 3635 1166 3710; x_wconf 83' lang='lat' dir='ltr'><strong>quiaque</strong></span> 
     </span>
    </p>
   </div>
   <div class='ocr_carea' id='block_1_3' title="bbox 0 0 1290 4059">
    <p class='ocr_par' dir='ltr' id='par_1_4' title="bbox 0 0 1290 4059">
     <span class='ocr_line' id='line_1_43' title="bbox 0 0 1290 4059; baseline 0 0"><span class='ocrx_word' id='word_1_319' title='bbox 0 0 1290 4059; x_wconf 95' lang='lat' dir='ltr'><strong> </strong></span> 
     </span>
    </p>
   </div>
  </div>
 </body>
</html>
