2517 4059
565 219 789 293 saitem·

195 375 213 417 a
228 355 441 416 communione
457 354 605 414 Fidetium
628 352 756 412 abstenti
777 355 872 410 erant.
890 347 985 408 Notae
1009 357 1081 408 sunt
1095 348 1168 406 diu·

195 444 302 498 turnae
319 436 529 494 altercationes
545 435 581 493 de
596 431 805 512 Chrysostomi
822 432 941 491 nomine
963 430 991 488 in
1009 427 1166 506 Diptycha

194 518 364 578 referendo.
388 516 450 576 Nec
472 517 570 577 sotum
594 513 748 592 Episcopi.
773 514 930 574 sedetiam
952 511 1165 572 Oecnmenica

195 597 325 660 Conciiia
348 597 509 676 Dipthycis
532 599 676 673 inscripta
701 604 780 656 stant.
805 593 838 655 ln
854 594 974 673 Synodo
995 591 1165 652 Constanti-

195 682 366 758 nopolitano
388 680 443 739 sub
465 680 574 739 Menua
598 679 665 738 Act.
691 676 719 735 V
744 679 863 753 saepius
885 695 902 735 a
924 674 1065 736 fidelibus
1088 693 1162 735 con-

195 764 360 823 clamatum
376 767 444 826 cst,
470 766 503 820 ut
526 760 674 838 Diptycha
697 765 889 836 portarentur
912 759 949 818 ad
972 758 1158 817 Ambnnem.

200 844 339 919 Qaataor
363 839 496 921 synodos
519 842 687 921 Diptychis,
712 838 837 900 leonem
859 839 1034 899 Romanam
1056 838 1162 897 Ponti·

196 925 278 1006 ficom
302 925 484 1002 Diptpcieis,
519 925 665 1002 Diptpctta
687 923 727 982 od
749 921 939 989 Ambonem,·
972 937 1102 998 nempe,
1129 927 1162 978 ut

197 1007 315 1082 publice
339 1007 521 1081 tegerentur,
546 1011 576 1066 et
591 1005 720 1082 populus
742 1005 862 1063 audiret
884 1005 1004 1062 nentina
1027 1009 1162 1078 quatuor

197 1088 397 1166 synodorum,
421 1093 451 1147 et
473 1087 579 1148 Leonis
601 1087 709 1162 Papae,
733 1091 764 1146 et
786 1085 1075 1158 Macedoniamque
1101 1083 1162 1143 Eu—

196 1170 309 1246 phemii
331 1169 480 1228 restituta.
506 1168 538 1227 in
554 1187 673 1227 summa
695 1170 888 1226 veneratione
910 1167 987 1244 apud
1002 1165 1107 1228 fideles
1130 1183 1163 1224 e-

195 1257 264 1309 rant
280 1247 488 1309 Ecclesiastico
503 1249 666 1328 Diptyoha‚
677 1251 786 1326 quippe
803 1267 880 1325 quae
897 1249 974 1310 inter
990 1264 1077 1308 sacra
1092 1245 1161 1323 My-

197 1331 287 1389 steria
316 1333 564 1404 exponebantur,
601 1334 643 1391 uti
666 1349 702 1392 ex
726 1331 867 1406 Liturgiis
893 1328 948 1390 SS.
971 1330 1096 1391 Basilii,
1131 1333 1163 1386 et

197 1411 315 1471 loannis
330 1411 537 1490 chrysostomi
553 1418 678 1479 constat,
703 1431 760 1471 non
776 1419 875 1472 tamen
891 1414 990 1473 omnia
1007 1410 1162 1473 fidelium.

197 1500 259 1554 tam
281 1495 435 1560 vivorum,
460 1512 550 1569 quam
574 1494 786 1555 defunctorum
809 1495 928 1554 nomina
951 1496 980 1553 iu
1002 1491 1162 1571 Diptychis

198 1577 308 1652 scripta
332 1575 528 1652 tegebantur,
552 1578 604 1637 sed
626 1576 770 1636 deiectius
793 1574 970 1640 habebatur.
994 1581 1088 1652 atque
1109 1591 1163 1634 eo·

197 1675 265 1718 rum
288 1657 445 1718 dumtaxat
466 1659 586 1718 nomina
609 1657 726 1734 publice
742 1676 759 1717 e
773 1657 933 1736 Diptychis
954 1657 1095 1716 Diaconis
1113 1673 1161 1716 re·

196 1740 361 1807 censebat,
386 1738 437 1815 qui
454 1740 531 1797 inter
545 1745 681 1801 caeteros
702 1740 801 1815 atiquo
817 1740 939 1817 speciali
962 1747 1032 1799 nota
1054 1755 1161 1814 praee·

190 1821 363 1885 minabant.
388 1820 466 1879 iacta
482 1821 519 1880 de
535 1821 660 1897 reliquis
681 1823 814 1898 generati
838 1827 954 1883 tantum
976 1837 1161 1881 commemo·

110 1900 118 1910 “
198 1905 325 1964 ratione.
350 1901 410 1964 Cur
432 1907 532 1960 aretem
549 1903 577 1960 in
593 1903 686 1962 sacris
701 1902 844 1981 Litorgiis
863 1905 1003 1964 virorum
1025 1902 1164 1962 celebra·

198 1991 282 2044 retur
304 1983 461 2050 memoria,
486 1982 573 2044 docet
594 1983 773 2044 Theodorus
796 1986 975 2047 Antidotum
992 1983 1160 2061 Episcopus

178 2069 229 2126 ·in
253 2063 445 2144 Empositione
468 2062 589 2125 Missae:
613 2071 646 2125 ut
667 2064 864 2126 Subditornm
887 2067 1000 2128 scilicet
1022 2085 1093 2141 erga
1108 2064 1160 2125 Su·

199 2147 332 2226 periotes
353 2147 533 2216 obedientia,
558 2154 588 2206 et
602 2146 768 2206 viventium
785 2149 813 2205 in
829 2150 934 2210 eodem
950 2149 1021 2215 fide,
1046 2167 1081 2208 ac
1097 2165 1161 2224 my·

200 2227 300 2288 storiis
323 2229 414 2295 unio,
440 2245 473 2288 ac
497 2230 745 2288 commemoratio
769 2230 975 2301 indicaretur;
1006 2233 1045 2290 ita
1068 2231 1161 2289 etiam

200 2314 324 2388 proptor
345 2310 486 2369 unionem
502 2317 532 2369 et
547 2310 748 2369 concordiam.
773 2309 832 2371 Hic
854 2331 926 2373 usus
947 2331 1007 2391 quo
1026 2318 1163 2388 tempore

200 2390 300 2451 omitti
323 2393 479 2468 coeperit,
510 2391 658 2451 incertum
682 2400 737 2452 est.
762 2391 917 2470 Remigius
940 2394 1164 2456 Antisiodoren-

202 2474 264 2538 sis,
288 2472 338 2548 qui
362 2472 482 2531 vivebat
503 2489 579 2532 anno
602 2469 663 2532 900
686 2471 776 2534 Libro
792 2475 826 2534 de
842 2476 1036 2536 celebratione
1051 2473 1162 2535 Missae

200 2553 318 2628 inquit:
343 2555 432 2613 etiam
454 2552 539 2612 hodie
562 2551 701 2612 Romana
717 2553 850 2617 Ecclesia
864 2557 972 2618 recitat
986 2557 1108 2616 nomine
1123 2573 1164 2614 ex

202 2633 367 2713 Diptpchis.
392 2635 576 2709 Microiogus
598 2634 726 2696 Saeouto
740 2637 786 2696 xt
808 2646 920 2705 monet,
945 2637 1097 2700 recitanda
1114 2655 1161 2696 no·

202 2716 283 2772 mina
306 2721 373 2790 post
393 2713 559 2784 Memento,
582 2715 631 2775 aed
653 2734 711 2776 aon
734 2717 781 2777 die
797 2718 964 2792 Dominico.
990 2718 1032 2780 De
1055 2720 1161 2779 iisdem

201 2797 372 2856 nominibus
395 2798 455 2874 agit
478 2795 632 2856 Honorius
655 2795 789 2876 Scriptor
811 2800 873 2862 Xil
895 2801 1032 2866 sacculi,
1056 2818 1090 2861 eo
1118 2809 1162 2861 ta-

201 2895 270 2937 men
295 2879 428 2958 ratione,
456 2885 489 2938 nt
510 2880 590 2939 olere
613 2879 744 2946 indicet,
775 2883 833 2942 iam
858 2890 928 2943 tune
951 2883 1032 2942 iliam
1055 2882 1162 2942 recita-

201 2961 313 3019 tionem
336 2959 417 3018 abire
440 2961 574 3036 coepisse
598 2959 627 3017 in
649 2962 888 3023 desuetudinem.
915 2961 993 3024 Hinc
1015 2965 1162 3023 verisimi-

201 3041 270 3100 liter
292 3041 349 3099 dioi
373 3046 490 3115 potest,
515 3041 592 3100 hauc
615 3044 863 3106 consuetudinem
885 3045 1009 3107 Saeculo
1030 3044 1093 3105 ΧΠ
1115 3045 1164 3104 ob-

201 3122 357 3195 solevisse,
382 3123 646 3199 introductumque
661 3142 727 3184 cam
744 3127 951 3204 disciplinam,
970 3135 1002 3190 nt
1017 3121 1161 3188 Sacerdos

201 3221 256 3264 nec
278 3207 337 3266 atta
361 3221 415 3264 uec
438 3204 585 3264 submissa
607 3223 681 3265 voce
702 3209 811 3267 recitet
833 3211 978 3278 nomina,
1013 3210 1063 3269 sed
1087 3207 1161 3269 otio-

199 3291 321 3353 rentes,
345 3286 478 3362 aliosque
501 3285 624 3347 mentali
646 3289 780 3350 oronnae
801 3289 865 3351 Deo
887 3291 1088 3352 commendet.
