2517 4059
595 224 823 298 «mlfflst

237 353 404 431 Antiphone
425 353 466 414 od
490 356 737 419 Communionem
758 354 924 421 dicebatur,
948 349 1080 414 nuncin
1103 346 1199 409 editis

235 434 407 496 blissalibus
431 436 609 504 communio
630 442 846 512 nuncupatur.
869 436 963 513 qnia,
994 440 1027 495 nt
1047 432 1199 492 observat

231 513 396 584 Garantns
411 519 577 580 canebatur
592 520 705 582 interea
722 519 794 580 dum
811 518 922 596 popnlo
938 514 1136 578 Eucharistia
1151 511 1196 570 di-

232 598 449 660 stribuebatur.
466 597 566 676 Hujus
587 607 689 662 autem
705 599 897 675 Antiphonae
919 605 1025 661 cantus
1038 598 1072 654 in
1089 592 1197 654 Eccle-

187 705 191 717 ¹
233 681 277 740 sia
298 679 483 742 Occidentali
505 683 739 743 vetustissimam
763 682 856 742 habet
881 681 1039 758 originem.
1072 675 1108 736 S.
1133 675 1197 736 Au·

233 763 370 839 gostinus
385 759 649 824 Retractotionum
663 762 730 822 Lib.
743 761 771 823 ll
786 761 860 840 Cap.
873 761 919 822 xl
941 779 1017 822 aevo
1030 775 1103 828 suo,
1121 755 1197 818 Car·

233 844 355 921 thegine
389 847 528 922 usurpari
561 851 704 922 coeptum
726 845 818 906 luisse
840 845 956 904 scribit.
980 840 1090 902 Simile
1124 838 1199 914 quid.

231 924 345 987 lactum
368 923 458 986 luisse
481 927 510 984 in
532 923 638 986 Galliis
665 928 771 1001 priscis
792 927 978 1004 temporibus
999 926 1111 982 monet
1132 919 1197 980 Ma·

162 1003 167 1010 ’
231 1007 372 1068 billonius
394 1005 430 1065 dc
454 1008 595 1085 Liturpic
619 1007 792 1070 Gallicano.
817 1005 919 1085 Hujus
946 1023 1019 1066 vero
1041 1001 1197 1079 Antipho·

234 1107 290 1150 nae
310 1087 462 1149 canendae
483 1090 575 1149 ritum
599 1091 628 1149 in
651 1088 785 1151 Romana
801 1088 934 1150 Ecclesia
957 1087 1116 1163 explicant
1137 1085 1195 1144 Ro·

233 1169 313 1230 mani
335 1167 483 1237 Ordines;
507 1171 646 1246 primitus
667 1172 804 1233 Pselmus
827 1174 941 1246 integer
963 1166 1112 1230 eomodo
1133 1181 1197 1240 quo

233 1251 407 1327 Antiphone
429 1250 464 1311 ad
482 1250 642 1312 lntroitum
657 1253 853 1324 cantabatur.
869 1251 971 1312 Prisco
993 1250 1068 1315 ritu,
1094 1248 1121 1308 si
1137 1246 1196 1305 An·-

232 1331 355 1409 tiphona
377 1331 414 1393 ad
436 1328 687 1394 Communionem
709 1332 879 1396 eventum
900 1339 1020 1409 sumpta
1043 1349 1107 1391 non
1123 1326 1194 1389 luis·

231 1420 289 1489 eat,
306 1414 501 1490 repetebatur
517 1411 668 1484 Psalmus,
683 1418 736 1490 qui
758 1420 894 1476 cantatus
909 1413 1009 1474 luerat
1022 1413 1062 1470 ad
1081 1407 1190 1472 Introi-

231 1503 308 1556 tum.
332 1494 365 1555 ld
387 1496 470 1555 enim
492 1501 595 1554 monet
627 1494 659 1555 S.
684 1495 824 1574 Gregorii
845 1490 1193 1635 Antiphonarius.‚bble·

232 1577 434 1636 minitantem
457 1576 494 1636 de
510 1577 567 1637 hac
582 1577 757 1655 Antiphona
772 1578 954 1647 Amalarius‚
972 1576 1036 1635 Lib.
1051 1572 1101 1636 111
1140 1590 1190 1648 ap.

231 1656 371 1720 xxxin
394 1658 444 1734 qui
460 1663 575 1726 censet,
601 1677 735 1734 peream
758 1658 862 1719 fideles
884 1659 1043 1736 provocari
1065 1656 1107 1716 ad
1122 1671 1191 1731 gau·

231 1740 279 1799 dia
302 1740 542 1800 resurrectionis.
558 1739 720 1801 Praeterea
743 1742 819 1802 haec
834 1741 1008 1817 Antiphone
1030 1744 1192 1816 tamqnam

230 1822 394 1898 gratiarnm
424 1823 502 1881 actio
525 1829 592 1896 post
612 1820 860 1882 Communionem
883 1821 1035 1882 recitanda
1055 1822 1191 1898 spectato

229 1903 297 1966 tntu
323 1900 475 1979 Rupertus
496 1901 563 1962 Lib.
587 1901 616 1963 ll
639 1902 675 1962 de
697 1902 818 1965 Divinis
844 1901 952 1985 Officiis
972 1898 1058 1980 Cap?
1074 1899 1116 1960 18
1137 1916 1188 1958 an·

230 1984 385 2060 tiphonem
401 1985 479 2044 hanc
494 1985 536 2042 ait
554 1983 804 2046 Communionem
817 1986 928 2048 dictam
943 2003 1021 2061 quae
1036 1989 1108 2060 post
1121 1997 1187 2058 per·

229 2071 348 2144 ceptam
371 2065 595 2126 Eucharistiam
617 2069 755 2135 canitur,
779 2069 945 2145 gratiarnm
969 2067 1121 2125 actionem
1143 2078 1188 2123 es·

230 2164 276 2210 se.
298 2147 478 2208 Allernatim
507 2147 672 2208 canebatur
700 2150 824 2224 quisque
852 2165 959 2208 sersus
985 2146 1124 2212 Psalmi,
1149 2159 1186 2204 ex

230 2246 294 2304 quo
314 2234 379 2289 erat
400 2229 575 2305 composita.
593 2227 955 2290 CardinalisThomasiue
968 2230 1063 2288 edidit
1085 2243 1186 2288 exem·

230 2309 313 2386 plum
324 2308 446 2450 hPsnlmi
467 2307 714 2379 Communionls‚
737 2313 790 2388 qui
811 2311 989 2373 cantabatur
1009 2311 1041 2370 in
1062 2307 1184 2369 modum

231 2391 322 2468 Antip
347 2408 434 2451 onae.

270 2470 310 2532 ll.
335 2471 425 2532 Lecta
447 2471 620 2548 Antiphone
643 2474 722 2533 redit
743 2471 891 2534 Sacerdos
917 2473 955 2532 ad
978 2471 1113 2532 medium
1135 2467 1183 2528 ll·

230 2559 322 2624 tare,
346 2553 420 2614 illud
442 2553 619 2621 osculatur,
645 2561 677 2616 el
697 2572 864 2616 conversus
886 2555 923 2614 ad
946 2555 1093 2630 populum
1114 2549 1182 2610 dicit

231 2635 381 2696 Dominus
402 2634 559 2695 nobiscum.
582 2633 653 2696 Post
675 2635 750 2696 baec
772 2638 891 2699 rediens
912 2635 949 2696 ad
964 2634 1094 2697 Librum
1117 2629 1182 2706 legit

234 2715 434 2783 Orationem,
459 2733 537 2791 quae
559 2716 668 2777 dicitur
690 2717 758 2778 Post
779 2717 971 2784 communio,
993 2719 1065 2794 quia
1087 2713 1180 2777 statim

234 2805 303 2876 post
323 2797 573 2860 Communionem
597 2797 733 2868 dicitnr,
759 2807 794 2862 ut
815 2800 879 2860 Deo
900 2801 1013 2876 gratias
1034 2795 1181 2876 persolva·

233 2897 315 2949 mus,
331 2878 418 2958 cujus
433 2895 550 2938 summa
566 2879 684 2941 bonitas
697 2879 874 2942 Divincrum
887 2880 1105 2958 Mysteriorum
1119 2889 1180 2954 por·

233 2961 339 3038 ticipes
363 2978 415 3020 nos
430 2959 544 3030 effecit,
562 2977 693 3037 eumque
708 2979 861 3040 rogemus,
885 2965 1040 3022 uteorum
1056 2959 1178 3020 fructum

231 3043 261 3101 in
285 3043 370 3106 nobis
392 3047 505 3102 servet.
528 3040 615 3115 Quae
630 3040 736 3104 Oratio
757 3046 786 3103 in
809 3044 919 3105 nostris
940 3042 1114 3103 Missalibus
1132 3053 1179 3098 ro·

230 3129 315 3184 catur
337 3126 599 3194 Poslcommunio,
626 3124 697 3184 olim
720 3125 799 3188 dicte
823 3123 1029 3204 Commendo,
1057 3141 1124 3184 cum
1143 3116 1177 3177 sil
1229 3170 1230 3179 ,

229 3204 280 3264 illa
304 3205 635 3280 postcommunionem
658 3206 764 3267 ultima
785 3205 896 3266 Missae
918 3204 1046 3275 Oratio,
1069 3205 1106 3266 de
1125 3213 1176 3276 qut

232 3285 411 3346 Guillelmue
432 3285 592 3348 Durandns
616 3287 645 3346 in
667 3288 814 3349 Rationali
836 3287 902 3348 Lib.
920 3285 962 3347 lV
985 3284 1059 3364 Cap.
1076 3284 1125 3346 56:
1143 3275 1176 3336 0·
1228 3288 1229 3299 ’

230 3368 323 3435 ectio,
346 3367 454 3443 inquit,
478 3387 554 3447 quoe
576 3370 811 3430 Postcommunio
834 3387 853 3428 o
873 3369 1011 3448 pluribus
1031 3376 1174 3443 succept-
1227 3372 1228 3413 l

233 3459 304 3516 tur,
329 3447 393 3506 idco
414 3452 457 3508 sic
478 3450 633 3528 appellato
654 3462 718 3520 cst,
742 3451 885 3531 quoniam
901 3458 968 3527 post
993 3443 1174 3513 Communio-
1226 3472 1227 3531 p

218 3548 319 3596 vroccis,
343 3530 402 3590 sinc
423 3531 457 3589 in
478 3531 617 3609 siccum,
641 3532 721 3611 quod
740 3530 915 3597 Cenomanis
937 3533 1053 3610 explete
1065 3537 1103 3590 cst
1116 3539 1176 3586 coll·

232 3609 360 3674 sinitur.
384 3609 478 3670 Porro
494 3612 568 3675 istae
583 3609 745 3678 Orationes
759 3634 814 3694 pro
829 3611 1124 3700 communicantibus
1137 3605 1176 3664 il·
1225 3574 1226 3649 l
