2517 4059
469 214 693 285 *2250-

103 349 160 404 art.
178 344 204 404 1.
228 338 322 400 Extat
340 342 421 399 enim
444 348 532 403 vetus
547 359 752 402 marmoreum
773 340 986 419 Neapolitanae
1003 339 1062 405 Ec·

101 426 211 485 etesiae
233 420 473 492 Kalendarium,
498 425 577 500 quod
600 424 750 501 digestum
772 442 837 487 esse
859 426 978 487 saeculo
1000 422 1057 486 Ec·

8 577 9 580 ¹
94 502 281 567 etesiae-lli
303 503 434 563 Alexius
456 505 658 584 Symmachus
681 504 866 574 blazoebius,
885 508 934 583 qui
958 509 1061 569 erudi·

103 590 252 649 tissimum
268 586 305 645 de
320 584 372 645 illo
385 586 477 646 edidit
490 586 751 651 commentarium.
776 586 943 649 luculenter
958 597 1058 651 osten·

103 671 155 729 dit.
181 670 222 727 at
244 669 275 725 in
289 665 438 744 ejusmodi
461 666 643 728 Kalendnrio
665 668 701 727 nd
718 668 797 729 diem
814 669 859 729 tx
874 671 1057 739 decembris,

89 769 186 811 ,more
209 745 412 812 Graecorum,
437 749 686 817 bacchabantur
709 750 871 827 iuscripta:
899 750 1058 830 Conceptio

103 834 234 895 Sanctae
248 832 365 891 Mariae
385 830 526 907 Virpiais.
545 830 613 892 lure
628 832 719 907 igitur
732 834 897 909 meritoque
912 833 1060 908 Iosephus

100 914 257 974 simonius
279 913 474 972 Assemanius
505 912 573 972 inde
604 913 778 973 concludit:
803 910 995 994 Neapolitani
1024 917 1059 973 iu

103 993 218 1061 italio,
259 1003 329 1052 oute
355 992 454 1055 Gallos
481 1004 508 1054 rt
529 991 663 1071 Araplos,
687 996 887 1056 sanctissimae
910 994 1060 1075 Driparcr

99 1076 322 1135 immacutarae
346 1072 510 1153 Conceptus
533 1078 647 1135 cattum
670 1092 689 1133 a
714 1075 847 1145 Graecis,
870 1088 904 1137 at
925 1076 1057 1146 uidetur,

8 1169 9 1214 3
99 1169 259 1236 acceptum
286 1154 437 1232 deserunt.
459 1156 492 1216 ln
508 1154 660 1217 Casiuensi
685 1157 927 1218 Arelricoenobio
952 1158 1059 1219 saltem

94 1240 241 1321 ,ejusdem
266 1238 582 1297 commemorationem
606 1245 758 1313 peractam
782 1240 909 1300 Saeculo
931 1238 974 1305 x,
993 1238 1059 1316 pul-

8 1335 9 1392 }
101 1320 175 1381 chre
197 1318 332 1378 ostendit
353 1316 490 1378 Federici
513 1336 550 1378 ex
572 1317 755 1380 Kalenderio
785 1322 988 1397 manuscripto
1004 1320 1060 1381 Ba·

54 1431 62 1444 ·
98 1403 204 1461 silicae
226 1400 408 1465 casinensis,
426 1400 454 1456 in
478 1418 569 1476 opere
590 1404 638 1461 oui
656 1403 771 1461 titulus:
795 1400 839 1461 Lo
862 1402 1059 1463 immacalatc

102 1483 288 1546 Concezioue
311 1480 390 1539 detta
411 1480 449 1539 Β.
470 1482 594 1560 Vereins
609 1479 714 1544 Maria
735 1494 923 1561 comproeota
945 1486 979 1543 ai
999 1502 1062 1544 sea·

8 1547 9 1568 ¹
102 1568 220 1623 ramese
243 1560 396 1621 areana.

140 1646 180 1706 ll.
205 1644 295 1707 Circa
317 1643 406 1702 huem
429 1644 540 1703 saeculi
556 1642 724 1714 Undecimi,
747 1644 872 1706 Sanctus
887 1645 1060 1712 becelmus,

103 1725 328 1798 cantuariensis
349 1724 629 1802 archiepiscopus,
661 1726 843 1807 coepiscopis
864 1729 952 1797 suia,
980 1736 1008 1786 et
1030 1742 1061 1785 o·

101 1808 219 1867 mnibus
244 1805 282 1865 Β.
301 1805 344 1866 Μ.
362 1808 506 1884 mysteria
529 1808 687 1868 colentibus
702 1811 857 1883 epistolam
881 1806 1001 1884 scripsit
1026 1806 1061 1865 de

106 1887 305 1981 conceptione
325 1886 437 1945 Beatus
459 1886 602 1955 Mariae,
627 1890 656 1947 ia
679 1908 750 1966 qua,
776 1896 809 1949 ut
829 1908 891 1957 eos,
916 1890 951 1947 ad
975 1890 1061 1949 istius

103 1967 242 2047 hlysterii
264 1966 620 2039 Festum‘recoieudum,
645 1972 821 2038 induceret,
846 1970 1060 2032 revelationem

104 2057 219 2119 narrat,
244 2051 369 2110 coelitus
385 2047 487 2108 Elsino
502 2050 623 2118 lacum,
649 2070 701 2112 seu
721 2051 863 2127 Elphiuo,
887 2051 1062 2112 Moaasterii

8 2133 9 2138 ’
103 2130 307 2191 Ramesiensis
329 2130 465 2199 Abbati,
499 2133 529 2190 in
552 2135 627 2191 mari
650 2150 720 2191 oum
749 2136 837 2193 sociis
859 2132 1060 2211 periclitanti,

101 2211 172 2271 ιΙιιιιι
196 2217 228 2272 in
246 2212 384 2288 Angliam
408 2212 560 2273 redirete
588 2212 695 2273 Dania.
719 2214 751 2275 ln
776 2216 831 2274 hae
854 2218 955 2277 aulem
979 2230 1062 2273 reva-

8 2333 9 2336 ,
105 2292 216 2355 latione
239 2295 317 2353 dioto
333 2292 441 2352 Abbati
466 2292 523 2353 iuit
538 2296 716 2360 iniunctum,
739 2301 773 2354 ut
788 2298 867 2357 diem
884 2296 1062 2371 Conceptio·
1108 2318 1111 2325 ·

105 2376 159 2444 nis,
183 2382 220 2435 et.
249 2374 420 2453 Creatioais
442 2372 552 2436 Matris
573 2376 696 2435 Domini
711 2375 779 2437 Iesu
798 2379 914 2443 Christi
928 2378 1063 2439 solemni·

8 2499 9 2532 ,
104 2466 170 2528 tor,
196 2457 248 2515 die
281 2459 386 2515 octava
409 2454 587 2516 Decembris
616 2459 809 2531 celebraret,
835 2478 878 2519 ‘ac
908 2460 1062 2518 celebran-

103 2538 177 2597 dum
193 2538 262 2597 aliis
283 2536 481 2614 praediceret.
500 2535 557 2597 PP.
574 2538 696 2599 Gabriel
718 2538 886 2612 Gerberon,
904 2546 934 2599 et
947 2537 1063 2597 Natalis

104 2618 278 2679 Alexander
301 2620 378 2677 hanc
400 2618 535 2678 nassum
558 2617 745 2695 Epistulam,
769 2623 925 2699 ipsamque
949 2617 1066 2681 reuela-¹

106 2702 194 2761 tionis
210 2702 368 2761 historiam
385 2703 621 2760 commentitiam
637 2720 704 2762 esse
720 2705 914 2763 contendunt.
932 2701 990 2762 Sed
1006 2702 1061 2762 ob-

103 2775 251 2858 jectiones
273 2799 379 2841 eorum
402 2782 567 2857 adaequate
589 2782 728 2845 reiellere
751 2786 868 2845 videtur
890 2781 925 2841 P.
943 2782 1059 2843 Plazza.

108 2862 207 2923 Sancti
231 2863 375 2922 Eernmdi
391 2868 502 2930 aetate,
526 2867 578 2941 qui
601 2872 740 2925 mortuus
755 2873 799 2926 est
822 2883 898 2924 anno
917 2864 996 2925 1155
1010 2862 1063 2923 Ee·

108 2950 186 3019 uum
197 2944 406 3020 conceptionis
430 2945 560 3004 nondum
582 2953 650 3005 erat
673 2947 701 3005 in
717 2946 881 3006 Romanam
896 2943 1062 3006 Ecclesiam

109 3027 272 3086 invectum.
285 3024 338 3084 lile
353 3026 446 3094 euim,
464 3027 492 3083 in
509 3043 564 3085 sua
580 3024 711 3103 Epistola
725 3026 795 3097 171,
808 3028 972 3089 Canonioos
989 3027 1063 3104 Lug·
1138 3082 1141 3087 .
1253 3072 1254 3075 ,

110 3106 255 3169 dunenses
277 3108 387 3165 acriter
403 3106 625 3183 repraehendit,
644 3110 722 3183 quod
747 3111 774 3169 iu
798 3128 883 3169 suana
898 3108 1062 3169 Ecclesiam

109 3188 166 3248 hoc
190 3186 313 3247 Festum
330 3189 512 3260 induxerint,
537 3190 618 3250 nulio
634 3188 785 3253 Ecclesiae
808 3190 942 3251 Romane
959 3206 1064 3251 exem·

109 3270 158 3345 plo
179 3273 355 3345 praeeunte.

125 3345 136 3429 j
150 3352 205 3413 lll.
227 3347 459 3425 conceptionem
476 3351 512 3428 Β.
526 3350 569 3411 11.
582 3352 703 3413 saeculo
724 3352 799 3415 Xlll
823 3353 913 3413 iuisse
937 3353 1064 3414 solemni

111 3430 274 3512 festivitate
296 3434 419 3498 cultam.
444 3434 767 3495 haec'Eartholomaei
782 3435 950 3496 Tridentini
970 3437 1065 3497 rerba

113 3512 277 3573 declarant:
299 3514 472 3591 conceptio,
490 3516 587 3595 inquit
601 3515 609 3591 i
624 3514 705 3591 Vitae
728 3528 756 3576 et
776 3515 868 3576 Actus
887 3514 1064 3578 &acimum

95 3592 185 3673 ‘Gap
209 3591 244 3676 d)
267 3592 381 3656 Hatris
402 3596 671 3677 Dci'eplaritprre
693 3600 1065 3683 solemnitor'cetc‘brotttr:

248 3689 306 3744 Vol.
325 3694 360 3744 11.
893 3696 925 3745 aa
