2517 4059
583 168 645 229 ss
665 157 706 240 oo
727 166 794 249 aar

203 298 254 351 tur
275 290 333 351 hac
355 290 403 349 die
426 286 526 347 Passio
548 306 606 347 non
628 288 718 347 modo
738 304 829 363 super
850 286 964 347 nudum
987 286 1159 361 pulpitum,

201 372 358 432 sedetiam
375 370 461 431 nudis
484 368 627 445 pedibus;
650 375 682 429 et
703 370 733 428 iu
748 369 924 445 quibusdam
942 365 1082 428 Ecclesiis
1097 368 1160 425 siu·

201 453 281 520 don,
306 472 359 514 seu
383 452 529 517 tersoria,
557 450 604 511 vel
628 456 727 513 vestes
749 450 846 511 Altari
872 450 984 509 nudato
1012 466 1161 525 superpo·

201 536 349 595 nebantur
372 551 466 608 usqne
488 531 560 593 dum
582 530 685 592 Passio
707 533 869 606 legeretur,
894 548 963 589 cum
985 548 1059 590 vero
1080 527 1161 588 Can·

202 623 249 677 tor
264 617 299 675 ad
315 632 385 675 eum
402 613 501 674 locum
515 620 706 690 pervenerat,
724 612 899 675 Dioitcront
913 613 970 670 sibi
985 615 1160 673 vestimento

200 716 277 763 meo,
302 704 372 757 tunc
393 695 572 756 subdiaconi
588 695 743 755 sindonem
759 697 839 753 illam
857 692 1007 758 tollebant,
1033 708 1155 770 rcprae
1168 688 1181 709 ”

200 786 351 840 sentanles
367 777 534 839 historiam,
558 777 627 851 quia
642 782 773 851 quatuor
791 776 900 835 milites
915 774 1068 834 Christum
1084 791 1150 833 cru‘

200 860 355 939 affigentes
379 865 492 918 vestem
516 854 626 917 Christi
649 857 845 919 sustulerunt.
881 854 917 913 lu-
938 854 1070 916 Ecclesia
1090 853 1158 915 Mc·

199 942 361 1003 diolanensi
385 940 421 998 ad
445 938 537 999 verba
558 952 637 1013 quae
658 936 727 997 lesu
747 938 859 999 Christi
882 945 1010 997 mortem
1039 955 1160 997 annun-

199 1026 289 1093 ciant,
308 1023 422 1081 Altaria
438 1019 627 1079 denudantur
642 1037 677 1077 ac
689 1020 847 1079 luminaria
860 1019 959 1078 omnia
974 1018 1160 1094 extinguun-

198 1112 265 1166 tur:
287 1102 375 1179 cujns
392 1104 468 1161 ritus
484 1100 654 1161 meminisse
669 1100 789 1161 ridetur
805 1097 945 1174 {tabanus
960 1101 990 1157 in
1005 1097 1098 1159 Libro
1111 1098 1159 1161 lll

198 1184 234 1245 do
249 1184 440 1245 Institutione
466 1181 653 1244 clericorum
674 1179 747 1260 Cap.
763 1180 814 1239 37.
840 1179 872 1239 ln
896 1181 1032 1254 pluribus
1048 1178 1159 1240 Eccle-

198 1267 249 1325 siis
272 1264 426 1343 legebatur
457 1263 558 1322 Passio
587 1264 623 1322 ad
646 1263 802 1322 Lectiones
826 1262 906 1321 tertii
927 1260 1098 1330 Nocturni;
1126 1263 1158 1322 in

197 1348 278 1411 aliis,
299 1354 331 1407 ut
354 1346 380 1402 in
404 1346 525 1420 antiquo
547 1342 663 1405 Galliac
684 1342 936 1409 Sacramentario,
960 1343 997 1401 ad
1020 1342 1159 1419 singulas

80 1434 84 1441 ’
175 1426 296 1487 ·0ffiett
320 1426 410 1485 horas
429 1426 595 1501 legebatur.
619 1423 760 1487 Proxime
784 1431 850 1501 post
866 1427 1022 1484 recitatam
1037 1422 1156 1485 Christi

196 1506 316 1568 Dontini
339 1506 519 1583 passionem,
543 1504 720 1567 Sermonem
742 1506 779 1567 de
801 1505 906 1565 eadem
930 1505 1053 1571 haberi,
1078 1506 1165 1567 anti·

195 1590 338 1665 quissima
362 1594 408 1645 est
430 1587 580 1647 Ecclesiae
601 1589 797 1655 consuetudo.
824 1604 901 1661 quae
924 1585 1046 1646 Patrum
1070 1603 1159 1647 coru·

147 1694 151 1703 ·
195 1670 328 1746 plurium
346 1670 525 1727 auctoritate
547 1666 719 1727 confirmari
736 1674 852 1745 posset,
877 1670 1055 1744 praesertim
1079 1686 1160 1728 vero

195 1750 227 1811 S.
252 1749 360 1809 Leonis
382 1747 506 1825 Magni,
530 1765 547 1809 a
570 1767 654 1824 quo,
680 1756 714 1807 nt
735 1752 763 1808 in
786 1750 852 1809 eius
873 1748 1025 1825 Operibus
1048 1750 1159 1811 ridere

194 1837 249 1900 est,
270 1833 374 1891 decern
390 1835 421 1889 et
437 1848 544 1889 novem
560 1829 597 1891 de
612 1829 752 1891 Passione
767 1830 888 1890 Domini
904 1830 1066 1891 Sermones
1081 1836 1160 1891 cort·

193 1913 302 1971 cinnati
325 1916 410 1979 sunt,
434 1917 464 1971 et
485 1911 523 1970 ad
546 1911 689 1988 populum
714 1910 818 1971 babiti.

235 1989 290 2052 ΙΙΙ.
314 1990 464 2052 Observat
487 1990 536 2052 el.
564 1991 756 2053 Mazzinellus
780 1991 878 2052 lesum
904 1989 1060 2051 Christum
1087 2010 1159 2053 orn·

192 2073 275 2131 nium
292 2072 486 2137 salvatorem,
511 2088 568 2148 pro·
582 2074 720 2131 omnibus
736 2077 903 2138 mortuum,
927 2074 1062 2132 omnium
1086 2069 1160 2133 Me·

192 2152 340 2213 diatorem
362 2151 442 2210 inter
458 2150 555 2211 Deum
578 2157 611 2212 et
631 2153 781 2221 homines,
806 2171 861 2229 pro
874 2154 1015 2214 omnibus
1036 2152 1159 2215 salico

191 2229 274 2292 Patri
297 2232 464 2297 obtulisse,
489 2250 543 2307 pro
565 2234 706 2292 omnibus
726 2252 841 2302 orasse,
865 2237 903 2294 ab
924 2232 1076 2311 ejusmodi
1099 2235 1159 2295 Sa·

191 2311 306 2372 orificio
328 2330 406 2380 suo,
437 2312 693 2373 elaborationis
715 2331 788 2373 suae
812 2314 960 2375 beneficio
985 2315 1076 2375 nullis
1103 2334 1159 2375 ex·

149 2466 152 2473 Ι
190 2393 297 2453 clusis:
323 2398 483 2469 propterea
498 2390 666 2453 Ecclesiam
682 2412 789 2454 sensus
811 2394 879 2456 lesu
901 2394 1014 2456 Christi
1037 2413 1158 2473 sequu-

190 2481 250 2535 tam
276 2475 304 2532 in
319 2472 481 2533 sacrificiis
502 2490 593 2533 orara
613 2493 668 2549 pro
683 2477 821 2535 omnibns
837 2478 972 2536 omnium
990 2494 1156 2553 generum,

187 2568 356 2633 precesque
378 2571 446 2613 suas
469 2555 584 2615 meritis
607 2554 677 2615 lesu
699 2554 811 2617 Christi
832 2575 955 2635 semper
976 2558 1153 2632 suffulcire,

187 2641 220 2696 ot
241 2635 270 2693 iu
288 2634 343 2694 bac
365 2635 554 2709 potissimum
576 2634 624 2695 die
647 2634 841 2699 Orationibus
862 2640 906 2698 uti
929 2656 985 2715 pro
1000 2658 1158 2715 quocum·

187 2732 247 2793 que
270 2714 427 2776 hominum
444 2733 567 2799 genere,
590 2717 682 2776 otiam
706 2734 760 2791 pro
782 2717 914 2781 ludaeis.
932 2719 1065 2797 Singulis
1087 2721 1157 2782 die-
1257 2711 1258 2752 3

184 2797 264 2864 bus,
289 2796 452 2857 Dominicis
473 2798 630 2875 exceptis3
661 2797 820 2859 Orationes
842 2801 993 2862 solemnes
1020 2820 1076 2864 seu
1101 2802 1158 2863 Sa·

186 2877 354 2939 cerdotales
371 2881 501 2953 quotidie
524 2877 654 2941 antchac
670 2877 862 2938 dicebantur:
885 2900 1016 2957 quarum
1039 2884 1156 2944 memi-

185 2961 230 3020 nit
252 2957 283 3019 S.
302 2958 500 3031 Augustinus,
524 2963 559 3021 in
576 2957 710 3035 Epistola
732 2956 772 3016 od
789 2959 936 3031 Vitatem,·
957 2960 1157 3027 Caelestinus
1257 2971 1258 3008 l

183 3039 274 3117 Papa,
298 3042 331 3099 in
345 3038 484 3116 Epistola
506 3041 546 3103 od
562 3038 723 3119 Episcopoa
739 3037 931 3110 Galliarum
952 3041 985 3103 S.
1002 3043 1154 3123 Prosper,

183 3120 215 3181 S.
239 3119 313 3181 Leo.
337 3121 445 3197 aliique
467 3123 665 3188 affirmantes,
689 3115 863 3194 hujusmodi
885 3121 1048 3186 Orationes
1069 3145 1155 3188 aero

182 3219 239 3263 suo
261 3200 371 3275 ubique
395 3207 544 3271 terrarum
567 3201 625 3261 dici
648 3200 858 3270 consuevisse,
883 3208 1040 3281 tamquam
1064 3207 1156 3285 Apo,

181 3283 286 3341 stolioa
311 3282 496 3347 institutione
518 3282 739 3362 praescriptam
763 3282 922 3359 aseplimo
937 3292 1057 3347 mittum
1081 3307 1155 3350 sae·

182 3363 251 3424 culo
266 3360 419 3440 Litargiae
433 3361 657 3428 abbreviandae
672 3377 773 3427 causa,
786 3359 892 3423 Perias
907 3375 1035 3440 quartae
1051 3370 1154 3448 majo·
1256 3387 1257 3424 1

182 3443 226 3505 ris
249 3442 474 3515 hebdomadas,
498 3453 528 3509 et
550 3442 660 3505 Perias
680 3445 783 3501 witao
805 3440 984 3506 Parasceres
1006 3450 1156 3515 addictae

184 3530 264 3597 sunt,
289 3529 321 3585 et
344 3532 448 3603 postca
468 3528 576 3593 Perias
599 3526 703 3585 sextae
724 3526 841 3583 tantum
862 3528 1046 3605 assignatae.
1070 3531 1154 3594 Ora·
