2517 4059
579 149 722 223 amhae
743 158 804 221 aa·
910 128 914 133 ’

219 278 358 340 tusieusis
380 276 424 336 Dr
444 278 506 337 cita
530 277 645 339 Christi
667 287 744 355 part
760 278 774 338 l
797 280 871 357 Cap
889 278 920 346 3,
940 274 1027 338 etS.
1046 277 1171 337 humari-

218 378 285 424 uus,
310 358 361 434 qrri
384 360 541 419 materiam
564 359 641 420 banc
665 360 818 422 uberrime
839 360 1006 437 expositam
1029 360 1066 417 ad
1089 364 1174 419 certa

217 441 366 520 quaedam
389 443 489 515 capita
511 442 620 501 usitato
643 442 837 505 Scholasticis
860 460 955 511 more,
980 440 1172 501 laudabiliter

218 529 341 584 revocat
362 519 410 583 W
422 532 523 600 pharia

259 603 311 664 ΙΙΙ.
339 602 452 663 Verum
476 604 553 664 iuter
569 605 728 682 Deiparam
752 602 835 669 etS
858 580 967 681 loseph
991 603 1049 665 luit
1071 605 1173 667 matri·

218 687 364 753 monium,
389 688 430 745 uti
453 692 570 746 constat
589 706 628 746 ex
644 688 838 766 apertissimis
861 686 1014 763 Evangelii
1039 688 1174 747 testimo-

218 769 283 828 niis.
302 768 346 827 En
369 785 446 842 quae
468 768 611 829 discimus
634 788 671 829 ex
694 770 848 831 Malthace
870 768 942 846 Cap
960 766 1026 827 lv
1047 766 1177 827 16:1a·

217 852 267 910 coh
289 859 395 908 antem
409 852 513 926 perluit
539 849 646 929 Ioseph
675 853 775 913 cirum
798 789 931 913 Mariaep
958 847 996 907 Et
1028 851 1173 927 deinceps

218 950 248 989 v.
268 929 326 989 tc:
353 928 455 1011 Ioseph
478 940 576 990 cutem
596 933 724 1013 oirejas
746 935 1022 1013 comessctjnstus.
1049 930 1175 1008 Etpro-

217 1014 297 1073 xime
321 1019 388 1090 post
410 1031 439 1073 v.
453 1012 494 1070 20
516 1014 558 1071 sic
575 1010 619 1071 los
607 1015 734 1089 epham
757 1014 921 1091 alloquitur
942 1013 1099 1089 Angelus:
1123 1012 1175 1072 Io·

217 1096 296 1174 seph,
320 1096 384 1153 ooli
407 1096 511 1153 limera
532 1097 665 1171 occipere
686 1094 823 1157 Marium
839 1099 996 1177 conjopcm
1013 1102 1109 1154 tuom
1126 1094 1176 1153 Au

217 1178 247 1235 iu
271 1181 446 1252 potestatem
483 1176 603 1252 Iosephi
626 1177 754 1237 Mariam
784 1178 882 1237 adhuc
914 1175 971 1257 (sut
1003 1176 1177 1235 corninuuis

94 1320 101 1329 ,
217 1258 317 1333 opinio
340 1256 420 1334 lertl
443 1256 698 1321 adolescent-ulam
730 1259 881 1335 dedissent
903 1259 1041 1336 parentes
1065 1258 1173 1326 illisu,

217 1338 381 1413 prudentes
402 1358 485 1407 sane,
510 1344 541 1397 et
561 1342 753 1408 sanctissimi,
778 1342 831 1400 uisi
857 1359 931 1400 uxor
947 1338 1027 1399 illius
1049 1336 1174 1402 missen

217 1420 313 1480 Probe
330 1429 484 1486 noverant,
508 1418 614 1487 lateor,
639 1422 752 1483 Mariae
769 1423 921 1499 pictatem,
947 1420 1063 1481 novisse
1079 1422 1175 1485 etiam

218 1500 338 1579 Iosephi
364 1504 526 1579 pietatem,
549 1503 736 1563 simillimum
760 1506 823 1563 veri
846 1510 902 1563 est.
940 1503 994 1565 Au.
1011 1509 1175 1579 propterea

218 1584 435 1661 permisissent,
452 1589 486 1644 ut
511 1585 642 1645 nondum
668 1592 757 1659 nupta
781 1584 909 1661 Iosepho
925 1582 1021 1643 Nlarla
1043 1602 1112 1643 omn
1136 1602 1175 1643 eo

218 1667 354 1741 degeret,
378 1672 408 1724 el
424 1666 691 1742 peregrinareturt
678 1666 831 1726 llllinime
846 1684 966 1725 verozr
960 1654 986 1725 ld
1003 1667 1081 1725 enirn
1089 1684 1176 1761 ‘pru-

217 1748 317 1807 dentia
340 1754 442 1812 velat,
467 1751 498 1805 et
520 1748 694 1822 parentibus
716 1748 826 1808 merito
860 1748 998 1823 imposita
1021 1748 1174 1823 virgiuum

217 1848 316 1897 cura,
339 1847 374 1887 ac
397 1829 542 1889 custodia.
574 1829 621 1887 An
646 1848 701 1889 uon
725 1830 817 1891 eliam
839 1828 944 1907 populi
967 1828 1101 1889 criminis
1124 1846 1176 1891 ac·

218 1916 372 1971 cusasseut
385 1921 416 1969 et
438 1905 595 1980 Mariam(
602 1918 634 1970 et
649 1909 820 2001 losephum,
844 1913 867 1969 ei
885 1910 1010 1971 Mariam
1028 1911 1181 1969 vidissent

216 1997 458 2087 praegnantem,
481 1999 513 2051 et
536 1992 654 2067 losephi
677 1990 772 2071 longo
787 1993 894 2053 itinere
917 1994 1051 2054 sociam
1076 2000 1108 2052 et
1130 1990 1175 2050 illi

218 2080 318 2134 mmen
341 2075 465 2131 minime
481 2072 620 2149 nuptaml
646 2074 804 2135 Praeterea
822 2082 957 2133 constans
980 2072 1031 2133 SS.
1045 2072 1175 2133 Petrum

217 2156 344 2213 assertio
365 2162 436 2225 est,
460 2157 598 2215 statuisse
622 2154 718 2215 Deum
741 2175 778 2214 ex
803 2154 925 2231 Virgine
947 2157 1094 2231 quidem,
1120 2156 1175 2215 sed

218 2243 318 2295 lamen
335 2242 424 2311 nupta
449 2238 527 2295 nasci
543 2235 698 2297 Christum
713 2238 887 2303 Dominum,
907 2236 980 2297 alias
995 2237 1118 2313 quidem
1134 2238 1176 2297 ob

218 2317 336 2384 carisas',
360 2318 412 2375 sed
431 2320 617 2395 potissimum
641 2319 678 2377 ob
694 2319 767 2382 duas
784 2319 858 2379 has:
884 2326 916 2379 ut
938 2319 1088 2396 virgineus
1104 2336 1174 2395 par-

219 2405 267 2459 tus
289 2399 407 2458 diabolo
421 2400 584 2460 celaretur.
608 2396 745 2461 Secunda
768 2418 804 2461 ue
826 2419 861 2461 ea
884 2400 1069 2477 lapidaretur
1091 2398 1174 2461 alu·

217 2480 321 2550 daeis,
346 2479 439 2541 veluti
463 2479 555 2541 illiciti
577 2483 754 2543 concubitus
780 2482 908 2551 conscia.
935 2480 1048 2551 Porro,
1073 2482 1098 2541 si
1122 2499 1176 2543 ve·

217 2579 286 2621 rum
309 2562 536 2623 matrimonium
555 2580 625 2623 crim
629 2562 776 2639 losepho
798 2564 895 2625 Maria
919 2582 976 2623 nou
999 2564 1090 2634 iniit,
1117 2581 1175 2625 uec

218 2640 358 2702 daemoni
379 2646 516 2706 occultos
537 2639 642 2705 luisset
664 2646 817 2723 virgineus
840 2651 967 2721 partus:
989 2646 1023 2705 et
1046 2638 1174 2721 lapidari

215 2723 313 2785 Maria
330 2725 421 2787 veluti
444 2726 537 2794 illiciti
560 2727 738 2787 concubitus
760 2728 877 2787 conscia
900 2727 1043 2801 apopnlo
1061 2728 1176 2803 potuis-

216 2811 273 2867 set.
297 2803 461 2885 Curergo
468 2808 590 2868 minime
614 2814 737 2884 nuptam
752 2810 820 2869 visi
842 2806 1077 2883 Constatltaqne
1100 2826 1175 2872 con·

214 2888 332 2965 jugium
355 2890 573 2953 a‘Bealissima
594 2890 718 2967 Virgine
742 2908 811 2950 cum
833 2888 963 2983 Iosepho
986 2890 1118 2956 initum,
1142 2897 1175 2953 el

216 2970 387 3036 laudabile,
411 2978 442 3031 et
464 2990 569 3031 verum
593 2972 685 3032 luisse
712 2973 775 3031 siue
797 2970 929 3047 corporis
958 2973 1175 3048 commistione

216 3052 452 3117 matrimonium,
475 3070 532 3112 uec
554 3054 747 3113 adversatum
771 3052 861 3113 inissa
878 3052 1029 3114 illudnoto
1052 3054 1176 3131 virgini·

216 3134 286 3192 tatis
309 3138 395 3192 autea
418 3134 455 3193 ab
477 3136 583 3195 eadem
607 3134 797 3195 Sanctissima
821 3128 915 3195 lllaria'
937 3134 1028 3211 edito
1045 3133 1077 3195 S.
1092 3135 1175 3215 -Tho-

213 3232 281 3274 mas
303 3212 387 3273 int.
407 3212 540 3276 sentem
565 3216 633 3277 dist
659 3216 699 3277 30
720 3216 922 3292 q11.2art.l
941 3232 999 3291 qu.
1017 3216 1106 3277 end
1126 3236 1175 3279 se-

216 3296 349 3355 cundum
373 3298 412 3356 ila
435 3297 472 3356 ad
496 3315 559 3356 rem
582 3304 714 3357 nostram
739 3298 892 3374 loquitur:
906 3294 955 3355 B.
977 3298 1066 3375 Vispo
1089 3311 1174 3361 onte·

217 3395 308 3456 quom
330 3379 517 3439 contraheret
540 3399 609 3439 cnm
629 3378 742 3474 Ioseph,
759 3378 820 3457 fuit
835 3378 997 3458 certificata
1011 3378 1173 3459 diuinitas,

218 3457 296 3553 qnod
318 3457 452 3538 Ioseph
440 3479 474 3519 en
494 3461 589 3521 simili
597 3463 747 3543 proposito
764 3469 838 3567 crot,
857 3471 884 3523 ct
899 3460 964 3525 ideo
980 3480 1039 3523 noa
1053 3465 1090 3523 si
1098 3482 1175 3525 com·

216 3540 298 3600 misit
314 3542 449 3621 periculo
471 3544 593 3603 owine.
