2517 4059
478 152 702 227 ‹enitim-

113 286 176 345 rari
199 285 342 347 solebant.
360 284 482 345 Constat
502 285 592 345 etiarn
614 300 652 343 ex
675 282 943 360 subscriptionibus
962 280 1067 343 Conci·

112 366 144 427 lii
168 365 294 429 Romani
317 365 330 426 1
352 367 407 427 sub
432 365 643 445 Symmacho,
668 367 717 426 oui
738 364 943 441 subscripsere
967 365 1068 440 plures

112 448 286 528 Presbyteri
318 447 454 526 ejusdem
477 448 579 509 Tituli.
603 446 670 507 Nou
694 448 759 508 lere
784 447 904 529 iusuper
926 447 1068 508 indicium

112 530 224 591 Missae
242 530 430 609 peculiariter
451 538 534 591 actae
549 532 674 608 praebet
695 529 844 589 Altarium
862 529 1023 591 multitudo
1037 530 1068 587 iu

115 614 222 673 eadem
245 611 390 680 Ecclesia,
407 613 444 672 do
466 612 575 690 quibus
597 620 735 673 veterum
753 610 876 671 Petrum
900 610 1068 672 testimonia

115 710 174 755 non
198 697 316 757 desunt.
334 695 453 755 Etenim
475 712 543 755 cum
567 696 594 753 in
618 712 675 753 una
699 692 861 767 eademque
874 691 1007 752 Ecclesia
1029 693 1068 751 di·
1091 738 1095 748 .

113 794 204 837 versa
228 776 407 837 Sanctorum
428 775 561 852 Corpora
584 776 706 837 humata
731 779 845 842 essent,
870 776 985 853 singula
1008 776 1069 835 siu·

114 858 194 937 gulis
216 858 408 936 erigebantur
430 858 566 923 Altaria,
591 862 621 917 ot
642 874 714 917 srrrrs
735 856 843 932 cuique
867 858 962 916 bos-or
983 856 1068 917 esbi-

112 940 248 1007 beretrn,
264 949 298 1001 ut
321 940 486 1016 plurimum
502 940 630 1017 probant
647 937 847 1013 Aringbius'
834 958 868 998 m
883 938 978 998 Roma
996 936 1070 998 Sub·

114 1030 271 1091 terranem
291 1029 323 1083 et
344 1022 532 1089 Boldattus,⁹
519 1040 554 1081 an
574 1022 635 1082 sais
660 1018 916 1080 obseruationibus
936 1019 976 1079 ad
995 1020 1069 1083 Coe·

111 1104 240 1164 materia
261 1066 332 1163 ’Uri'
304 1105 355 1163 bas
373 1102 404 1162 S.
421 1102 583 1180 Gregorius
599 1104 725 1180 Magnus
745 1098 810 1160 Lib.
839 1100 1009 1196 VEps'stotn
1024 1102 1068 1162 50

112 1186 151 1247 ad
173 1186 336 1245 Palladium
361 1184 572 1247 Santouensem
596 1183 789 1261 Episcopum.
816 1185 942 1245 Veniens
957 1184 1064 1259 iuquit.

113 1270 192 1329 lator
204 1268 407 1343 praesentiam
421 1268 590 1327 insinnauit
604 1266 685 1325 nobis
698 1266 923 1341 fraternitatem
937 1277 1067 1325 uestram

113 1346 282 1411 Ecclesiam
308 1351 535 1414 constupuisse,
564 1354 653 1427 atque
678 1347 743 1407 illic
774 1346 917 1407 tredecim
944 1346 1067 1408 Altaria

114 1432 279 1498 collocasse,
303 1448 341 1488 em
363 1431 467 1509 quibus
490 1440 622 1509 qantnor
642 1428 769 1489 necdnm
795 1419 933 1488 dedicata
955 1448 1069 1509 compe-

114 1513 212 1573 rimus
235 1516 421 1573 remansisse.
444 1510 592 1589 Loquitur
613 1519 713 1572 autem
743 1511 779 1569 de
801 1511 953 1571 Altaribus
975 1513 1010 1571 ad
1035 1529 1069 1570 u·

113 1612 181 1657 sum
204 1593 376 1663 Sacriboii,
401 1613 469 1655 narn
493 1603 522 1655 et
529 1592 701 1670 ‚Reliquias
718 1591 929 1653 Sanctorum'
922 1594 977 1669 apsi
999 1590 1069 1667 Epi-

112 1688 205 1753 scopo
222 1677 334 1737 mittit
328 1694 356 1734 ur
373 1678 408 1737 iis
424 1676 552 1737 nondum
569 1676 749 1736 consecratis
764 1674 961 1734 collocandas.
979 1672 1067 1733 Plura

112 1759 277 1835 antiquitus
301 1759 371 1816 item
389 1759 499 1819 Romae
522 1757 642 1818 luisse
635 1776 662 1815 ιιι
680 1755 805 1815 Basilica
819 1755 965 1832 Principis
987 1753 1068 1831 Apo-

113 1840 258 1901 stolorum
281 1839 441 1901 ostendunt
462 1839 631 1915 Turrigius,
650 1836 686 1896 de
710 1837 830 1917 Crpptis
848 1837 1013 1903 Vaticanis·
1028 1834 1069 1895 A·

113 1922 180 1999 ring
183 1922 262 1989 hiuS,
288 1918 386 1981 Roma
409 1922 623 1989 Subtcrrnnam
638 1918 822 1997 Ciampiuus,
840 1918 875 1977 dc
897 1916 996 1979 Sarnis
1011 1914 1069 1976 Aa·

114 2002 221 2084 dificiis
243 2002 315 2079 Cap
341 2002 491 2079 baliiquo
514 2003 706 2063 recentiores.
731 2000 811 2060 Acca
835 1998 1012 2079 Episcopus,
1034 2006 1068 2060 ut

105 2085 208 2147 ¹relert
229 2084 309 2144 Beda
333 2084 397 2144 Lib.
416 2084 443 2144 V
466 2083 616 2145 Hrstorrae
638 2081 711 2159 Cap.
735 2081 773 2142 21
798 2084 950 2160 acquisitis
974 2080 1067 2143 crude·

113 2184 243 2244 cumque
258 2165 404 2243 Reliquiis
420 2166 579 2228 Beatorum
603 2163 815 2245 Apostolorum
838 2173 870 2226 ct
884 2167 1066 2243 Martyrum,

113 2249 142 2308 in
158 2251 381 2310 reiterationem
398 2248 518 2309 illorum
534 2247 649 2308 Aliaria
660 2245 829 2307 aedificarit
843 2247 988 2307 distinctis
1003 2262 1067 2324 por·

113 2331 221 2393 tinibus
250 2331 328 2390 intra
356 2348 457 2390 muros
480 2328 644 2392 Ecclesiae.
669 2328 756 2403 Apud
779 2328 930 2389 laudatum
954 2327 1067 2387 Badam

112 2412 220 2475 Missas
243 2414 352 2473 aetas
345 2430 373 2471 ru
396 2415 509 2473 carnotis
530 2410 678 2471 Oratoriis
694 2410 877 2482 blouasterii,
891 2412 947 2470 alia
962 2406 1068 2485 hujus·

114 2496 194 2553 modi
217 2499 379 2556 occurrunt
401 2496 511 2571 passim
536 2496 564 2552 in
581 2494 662 2553 Actis
676 2490 865 2555 Sanctorum.
881 2494 956 2553 stru
970 2488 1068 2550 Chro-

114 2576 189 2635 nicis
211 2594 244 2637 ao
267 2577 433 2637 ltitualibus
453 2574 690 2643 nonachorum,
713 2575 776 2634 sire
797 2573 909 2633 luerint
927 2570 1066 2633 Oratoria

113 2674 132 2717 a
153 2675 280 2736 corpore
303 2656 455 2719 Ecclesiae
490 2675 577 2718 muro
604 2654 759 2733 sejuncta,
787 2658 850 2715 sire
873 2655 988 2715 Allaria
1009 2651 1066 2713 sub

114 2741 218 2801 eodem
243 2746 331 2809 teot03
349 2757 425 2816 quae
447 2758 517 2799 sane
541 2736 749 2831 multiplicatio
770 2736 883 2797 inutilis
904 2734 1065 2814 proculdu-

113 2822 163 2881 bio
185 2820 298 2891 luisset,
317 2823 340 2883 si
365 2840 422 2881 non
444 2823 499 2881 nisi
522 2818 647 2881 semel
640 2836 669 2877 ru
686 2818 734 2878 die
749 2816 937 2879 Sacrificium
953 2817 1066 2877 ollerre

115 2904 144 2964 lu
166 2903 271 2967 eadem
292 2905 426 2967 Ecclesia
449 2904 590 2965 licuisset.

482 3062 610 3127 CAPUT
633 3062 686 3123 lv.

358 3247 401 3293 DE
423 3246 514 3291 MISSA
536 3244 596 3289 PRO
619 3243 804 3289 DEEUNG'HS·

154 3396 178 3455 Ι.
204 3394 372 3471 apostoliea
395 3393 516 3454 traditio
545 3393 591 3451 est
613 3388 798 3451 Sacrificium
833 3405 889 3465 pro
911 3353 1069 3449 ltelnnctis

113 3477 234 3537 offerre.
260 3474 464 3536 Tertullianus
486 3472 519 3533 sle
547 3472 664 3533 Corona
685 3469 797 3533 Militis
816 3468 888 3547 Cap.
913 3467 956 3530 lll
982 3466 1069 3530 Otta-

113 3559 207 3621 tiones
220 3560 327 3637 inquit,
346 3575 406 3638 pro
430 3556 588 3635 Defunctis
603 3571 709 3614 annua
729 3552 778 3613 die
797 3552 934 3630 femmas.
951 3550 1066 3613 Similia
