2517 4059
594 210 654 268 nep
677 196 737 257 itti
757 204 816 262 Ge·

583 403 709 466 CAPUT
733 403 823 464 XXl.

557 585 597 628 uu
621 583 853 628 resernrrone.

271 731 295 790 Ι.
312 729 411 791 Lectis
427 734 543 792 secreto
557 729 754 792 Orationibus
768 745 857 804 super
871 725 991 795 Oblata,
1008 728 1114 804 incipit
1127 725 1177 789 Sa-

228 811 336 874 cerdos
358 812 577 872 Praelatiouem
602 813 764 888 praemissa
788 809 889 887 populi
911 809 1104 869 salutatione.
1128 809 1180 870 Est

227 897 329 954 autem
353 892 521 960 Praelatio,
545 894 638 954 veluti
662 893 855 970 proloquium
877 895 1009 951 astantes
1031 891 1176 959 excitans,

227 980 259 1035 et
279 976 437 1048 disponens
458 975 495 1034 ad
519 976 712 1051 praecipuam
736 975 902 1043 actionem,
927 972 955 1030 in
978 991 1037 1048 qua
1062 974 1179 1050 proprie

227 1054 415 1118 Sacrificium
438 1056 583 1117 consistit.
608 1056 643 1116 lu
665 1057 907 1117 sacramentario
922 1051 1077 1115 Gallicano
1093 1072 1180 1114 voca·

227 1141 277 1196 tur
303 1137 517 1207 contestatio,
543 1139 594 1197 -uti
617 1143 648 1196 et
669 1139 698 1197 iu
721 1135 849 1197 Gothico
870 1153 887 1196 a
909 1136 1087 1196 clarissimis
1110 1137 1179 1196 viris
1251 1146 1253 1155 '

224 1216 411 1285 Thomasio,
442 1225 473 1278 et
493 1217 667 1278 Mabillonio
690 1220 830 1296 vulgatis.
861 1216 893 1275 lu
916 1215 1044 1278 Gothico
1058 1219 1179 1279 dictim

224 1301 315 1360 etiam
339 1299 499 1376 aliquando
522 1298 702 1360 immolatio.
729 1300 888 1360 Durandus
903 1317 971 1359 eam
986 1299 1180 1360 rocatPrae·

225 1382 410 1456 parationem
434 1383 595 1457 quamdam
617 1382 654 1440 ad
678 1380 877 1441 Sacrificium.
900 1378 992 1457 Hugo
1014 1381 1179 1442 Meuardus

224 1481 293 1525 enm
316 1465 388 1524 dicit
413 1459 606 1532 Orationem,
630 1481 682 1522 san
706 1461 890 1524 Gratiarum
912 1465 1077 1534 actionem,
1102 1479 1179 1539 quae

224 1542 336 1605 Canoni
359 1547 580 1622 praemittitur,
604 1547 674 1620 qnia
698 1545 863 1621 disponitur
885 1543 1048 1612 Sacerdos,
1073 1551 1107 1604 et
1129 1562 1179 1621 po·

224 1625 313 1703 pules
328 1629 363 1688 art
381 1627 602 1686 tremendorum
616 1624 829 1704 Mysteriorum
846 1627 1074 1686 conlectionem.
1093 1623 1178 1686 Haec

223 1712 325 1768 autem
349 1707 453 1767 Oratio
477 1709 543 1768 ideo
569 1708 597 1765 iu
621 1707 735 1766 hlissali
758 1705 891 1769 Romano
914 1705 1070 1786 Praefatio
1099 1708 1179 1768 dicta

222 1795 292 1856 est,
316 1789 394 1866 qrrod
412 1807 497 1850 sacro
515 1796 652 1866 praeerat
674 1787 803 1858 Canoni,
826 1807 861 1847 ac
879 1790 1068 1865 praeparatio
1084 1807 1178 1864 qnae·

225 1871 294 1930 dam
310 1872 349 1929 sit
363 1871 399 1930 ad
416 1869 613 1931 Sacrificium.
639 1868 751 1927 Inlatio
764 1871 842 1946 apud
859 1869 1043 1938 Mozarabes‚
1063 1871 1091 1928 in
1109 1869 1177 1929 Mis·

222 1953 276 2012 snli
299 1950 473 2018 Gallicano,
497 1960 528 2011 et
543 1949 672 2010 Gothico
697 1950 877 2012 contestatio
899 1952 1019 2017 dicitur,
1042 1951 1177 2028 eoquod

223 2033 332 2094 inierat
353 2033 500 2094 Sacerdos
516 2042 544 2094 et
560 2030 693 2092 fidelium
716 2033 834 2100 verbis,
858 2039 889 2093 et
903 2037 1089 2093 contestetur
1106 2051 1178 2094 vere

222 2113 368 2190 dignum,
394 2124 423 2176 et
443 2114 557 2191 justum
581 2132 670 2183 esse,
696 2112 759 2172 Deo
781 2115 892 2190 gratias
912 2133 1012 2191 agere,
1036 2119 1072 2173 ut
1095 2120 1177 2176 recle

224 2195 354 2256 advertit
374 2193 540 2256 Cardinalis
562 2195 665 2264 Bona,
689 2200 721 2255 et
742 2197 811 2270 quia
833 2195 897 2256 Deo
918 2194 997 2256 Patri
1019 2196 1134 2270 gratias
1147 2215 1177 2256 a·

224 2295 295 2354 gens
318 2275 456 2338 Christus
471 2275 617 2336 Dominus
634 2273 819 2337 Sacrificium
844 2279 889 2337 sui
911 2279 1005 2354 ipsius
1021 2277 1177 2338 instituere

224 2361 344 2433 eoepit,
375 2357 502 2436 ejusque
530 2357 671 2434 exemplo
697 2358 843 2419 Sacerdos
871 2359 1078 2434 agretiarum
1106 2361 1177 2420 item

223 2442 341 2501 actione
357 2440 530 2501 admirabile
547 2440 625 2498 istud
643 2441 720 2498 idem
738 2435 978 2500 Euclraristicum
989 2439 1176 2502 Sacrificium

222 2523 420 2588 exordiatur,
444 2523 511 2581 ideo
528 2520 603 2579 haec
619 2518 754 2598 ejusdem
777 2518 927 2581 Praelatio
950 2521 1135 2598 quaudoque
1149 2523 1175 2582 in

224 2604 355 2680 antiquis
378 2602 624 2663 sacramentariis
647 2603 811 2662 lmmnlatio
833 2603 912 2662 dicta
935 2609 991 2663 est.
1018 2601 1061 2661 lle
1079 2606 1176 2680 primo

223 2684 445 2746 Praetutianum
462 2689 585 2743 eructare
602 2684 679 2744 haec
694 2683 799 2743 scribit
813 2682 965 2744 Valiridus
980 2683 1087 2744 Strabo
1102 2685 1172 2763 Cap.

225 2764 280 2828 22:
306 2764 529 2846 Praefationcm
552 2766 688 2833 actionis,
706 2785 767 2844 qua
783 2767 888 2844 populi
909 2765 1031 2846 affectas
1052 2764 1095 2825 ad
1110 2785 1175 2846 pra-

225 2849 339 2908 tiarnm
355 2849 488 2906 actiones
503 2848 660 2929 incitatur,
684 2865 719 2904 ac
734 2845 839 2905 deinde
853 2847 1004 2908 hnmanae
1017 2849 1095 2908 nocis
1109 2865 1174 2928 sup·

218 2929 345 3008 plicatio
368 2929 518 2988 celestium
534 2929 675 2988 airtntarn
690 2927 830 2987 laudidus
847 2928 970 2991 admitti
991 2931 1172 3006 deposcitur,

224 3013 292 3088 anis
311 3011 429 3086 primus
444 3009 633 3070 ordinaverit
655 3010 791 3086 ipnotnm
809 3021 861 3070 ast.
884 3011 944 3072 Alii
966 3030 1072 3074 earum
1095 3013 1174 3073 insti·

152 3135 155 3142 ,
224 3093 370 3152 tutionem
395 3091 513 3151 Gelasio
537 3090 550 3150 l
574 3092 731 3163 tribuunt,
755 3110 792 3152 ea
812 3093 893 3152 ducti
917 3095 1030 3153 ratione
1046 3097 1124 3172 quod
1145 3096 1171 3154 in

1250 2726 1253 2799 1

224 3171 315 3233 Libro
338 3171 501 3232 Pontificali
524 3171 787 3232 Sacrameutorum
812 3171 1024 3242 Praelationes‚
1048 3185 1080 3237 et
1100 3176 1173 3238 Ora·
1251 3196 1252 3227 ῑ

172 3301 175 3306 .
224 3255 320 3316 tiones
336 3261 423 3314 carrto
438 3272 578 3316 sermone
594 3256 797 3330 composuisse
812 3255 940 3317 dicatur.
964 3257 1021 3318 Sed
1037 3259 1171 3336 quamvis

222 3336 424 3398 concedamus
448 3336 549 3412 plures
572 3354 587 3394 a
611 3333 751 3406 Gelasio,
776 3340 877 3413 plures
899 3339 969 3398 item
993 3341 1030 3400 ab
1049 3340 1172 3401 Ambra·
1251 3368 1252 3371 ¹

224 3417 280 3488 sio,
304 3425 366 3478 eta
383 3415 529 3494 Gregorio
546 3416 665 3495 Magno,
690 3417 813 3496 aliisque
836 3417 972 3482 Patribus
992 3422 1089 3484 editas
1103 3425 1169 3486 luis·

223 3515 267 3562 se.
293 3504 409 3558 eertum
434 3499 627 3559 nihilominus
649 3505 695 3558 est
711 3501 739 3559 in
755 3502 825 3578 ipsis
840 3499 991 3563 Ecclesiae
1008 3506 1170 3582 primordiis

216 3576 286 3652 ¹J'am
308 3597 395 3639 usum
420 3579 640 3642 Praelatiouum
663 3582 806 3656 extitisse,
831 3601 998 3663 earumque
1020 3587 1170 3652 institutio·
