2517 4059
559 209 620 271 w
641 198 703 260 t'tt
723 208 784 270 ω-

195 335 272 393 minc
296 334 413 411 inquit,
441 328 551 389 Matth.
574 326 648 407 Cap.
671 328 746 391 vllt
767 350 797 393 v.
813 329 846 390 8:
870 349 930 389 non
953 348 1016 390 sum
1039 329 1150 410 dignus

97 433 100 440 ’
193 427 228 478 nt
249 417 300 475 sut
323 423 431 476 tactum
452 429 552 470 mcum
571 414 692 482 intres,
720 412 910 474 scriturarum
936 411 987 472 dic
1012 415 1098 472 sarto
1119 423 1151 475 ct

195 500 354 558 cunubitnr
373 511 450 571 puer
470 512 562 554 mana.
585 492 681 573 Cujus
702 492 794 555 fidem
816 495 969 555 admirans
990 491 1144 567 Christus,

150 632 157 652 ,
194 579 238 640 ait
258 580 324 641 int:
359 576 439 640 Vada
459 587 487 634 ct
507 577 583 635 sicut
605 576 710 656 petisti
736 576 791 656 fiat
813 577 878 636 atti.
901 575 1029 636 Proinde
1054 578 1152 638 rerba

191 662 271 722 *haec
293 661 356 739 ipsa
377 659 442 723 anit
463 657 597 718 Ecclesia
620 658 740 719 recitari
761 658 801 718 ab
816 661 850 719 iis
865 659 1071 734 omnibusqui
1086 660 1150 720 iam

194 745 254 804 iarn
278 740 449 820 percepturi
472 745 541 798 sunt
562 737 680 818 Corpus
699 736 831 814 Christi,
856 747 890 802 ut
910 740 968 799 ittis
989 741 1060 817 ipsis
1082 759 1151 802 aer-

193 825 240 886 bis
263 825 429 902 intetiigant
449 839 509 898 qua
529 818 600 887 fine,
625 839 684 898 qna
706 821 875 883 humilitate
896 821 1041 882 accedere
1062 841 1152 902 opor·
1244 842 1245 853 ¹

195 915 258 969 teat
270 907 306 966 ad
324 904 507 967 tremendam
530 900 672 978 Corporis
684 901 796 965 Christi
819 902 1078 965 Communiunem.
1096 907 1149 966 Ri-

194 997 242 1051 tus
262 986 450 1050 centurionis
465 985 557 1044 verba
574 985 718 1044 recitandi
735 987 765 1044 in
779 985 997 1047 Communione
1014 989 1150 1049 vetustis·

193 1073 288 1132 simus
303 1075 360 1132 est.
386 1065 485 1144 Hujus
506 1067 729 1127 consuetudinis
751 1068 933 1128 mentionem
955 1066 1026 1126 iacit
1041 1065 1150 1148 Orige-

193 1171 257 1222 nes,
275 1150 406 1212 Homilia
421 1147 461 1219 V3
479 1155 511 1211 et
525 1147 769 1227 Chrysostomus.
786 1145 922 1210 Humilia
937 1149 973 1208 dc
987 1149 1020 1210 S.
1037 1146 1151 1213 noma

194 1234 336 1317 Apostoto.
360 1230 517 1292 Percussio
540 1229 892 1307 pectoris·humilitatem
914 1230 1003 1290 simui
1018 1239 1051 1291 et
1064 1251 1152 1295 com·

194 1318 387 1391 punctionem
409 1313 508 1373 cordis
523 1313 669 1390 designat.
686 1311 757 1372 Tria
773 1331 881 1387 genera
896 1313 1079 1389 indignitatis
1094 1335 1150 1378 nos
1247 1354 1248 1357 =

193 1399 231 1459 ad
254 1399 329 1459 haec
352 1395 444 1456 verba
465 1394 592 1454 Domine
606 1412 746 1465 nomana
762 1394 870 1473 dignus
891 1399 937 1455 ter
951 1395 1077 1457 dicenda
1093 1399 1152 1459 im·
1247 1432 1248 1435 =

191 1479 303 1557 pellere
325 1478 445 1546 debent3
470 1476 627 1552 indignitas
641 1477 740 1552 quoad
755 1476 914 1537 animalem
930 1482 1149 1557 terrenumque

192 1561 347 1622 hominem
370 1560 408 1620 ob
430 1575 571 1618 sensuum
594 1564 738 1636 peccam
761 1559 919 1636 indignitas
941 1561 1036 1635 quoad
1061 1561 1149 1622 ratio·

66 1659 71 1668 ·
191 1645 236 1704 nis
256 1649 427 1718 compotem
450 1640 615 1702 nominem,
639 1642 691 1716 qui
705 1641 735 1701 in
749 1641 829 1702 civiti
849 1641 922 1711 rita,
945 1644 1148 1720 spectatisque

191 1727 369 1802 quibuscum
392 1723 466 1783 vivit
488 1721 682 1791 hominibus,
707 1728 768 1783 tam
789 1740 879 1800 saepe
901 1722 1093 1796 charitatem,
1116 1729 1150 1786 et

189 1805 337 1886 justitiam
360 1805 461 1872 laedit,
485 1821 575 1880 quam
598 1804 675 1864 atter
696 1804 782 1865 atteri
798 1805 898 1875 debet;
922 1805 1080 1883 indignitas
1097 1806 1150 1869 de·
1249 1794 1250 1857 i

64 1885 75 1904 ‘
191 1891 282 1966 nique
305 1887 401 1967 quoad
424 1885 610 1963 spiritualem
633 1886 843 1962 internunaque
865 1886 1031 1961 hominem,
1055 1889 1109 1965 qui
1124 1890 1148 1947 i·

192 1970 343 2033 denttdem
366 1971 395 2029 in
417 1973 609 2037 mentemst
630 1985 683 2027 cur
704 1968 878 2030 innumeras
899 1967 1046 2046 cujusque
1068 1971 1149 2042 vitii,

192 2055 386 2130 criminisque
413 2051 591 2128 cogitatione
618 2050 744 2126 recepit.
768 2048 828 2110 Ter
848 2050 935 2110 dictis
958 2049 1149 2113 Centuriouis

189 2136 289 2196 verbis
311 2134 417 2212 pollice
439 2139 471 2194 et
491 2131 587 2192 indice
608 2149 715 2191 manus
729 2131 871 2193 dexterae
886 2133 993 2210 accipit
1006 2130 1149 2194 Hostiam
1224 2211 1227 2216 ¹

190 2234 208 2275 a
232 2219 351 2277 sinistra
374 2231 490 2281 manu,
523 2219 554 2273 et
574 2213 681 2273 eadem
703 2231 736 2272 se
756 2212 860 2274 Crucis
881 2215 965 2292 signo
987 2216 1084 2291 signat
1105 2216 1151 2276 di·

191 2294 273 2360 cens:
300 2298 418 2377 Corpus
440 2296 562 2356 namtas·
582 2298 679 2356 nonai
699 2293 767 2354 lcsn
783 2295 896 2358 Christi
917 2296 1065 2358 custodiat
1079 2301 1150 2360 ani·

188 2400 270 2441 mam
284 2397 381 2440 mcum
396 2379 430 2438 in
443 2379 537 2438 uitam
553 2386 708 2456 aeternam
722 2394 819 2447 amca,
834 2378 895 2438 edit
905 2377 1010 2439 Crucis
1025 2382 1147 2459 signum

188 2459 321 2532 Hostia,
345 2479 403 2521 non
426 2459 521 2520 sotum
544 2459 615 2536 quia
637 2457 740 2519 fideles
760 2458 853 2529 otim,
881 2459 980 2536 atiquo
1001 2462 1148 2523 sumendo

190 2540 278 2612 cibo,
307 2542 411 2604 Crucis
432 2542 550 2620 signum
571 2539 662 2602 edere
684 2546 922 2611 consueverant,
954 2544 1006 2604 sed
1029 2545 1148 2620 potissi·

190 2643 274 2686 mum
290 2632 324 2686 ut
339 2626 443 2685 innunt
453 2621 599 2692 ¹Sanctum
615 2621 730 2699 Corpus
744 2621 824 2698 quod
836 2624 938 2690 sumit,
957 2625 1029 2685 ittud
1044 2628 1146 2704 ipsum

191 2723 268 2772 cese,
291 2707 371 2783 quod
395 2707 423 2765 in
437 2703 534 2765 Cruce
549 2704 736 2764 immutatum
751 2702 817 2764 init.
842 2701 944 2764 Verba
962 2707 1147 2787 CorpusDe-

190 2789 268 2850 catat
288 2788 385 2849 nostri
407 2786 555 2847 habentur
576 2787 605 2846 in
628 2785 718 2846 Libro
741 2784 812 2846 vltl
836 2784 1092 2850 constitutionum
1108 2792 1147 2848 A·

137 2939 140 2948 ,
186 2871 397 2948 postoticornm
412 2869 485 2945 Cap.
505 2866 553 2935 13,
571 2874 602 2929 et
617 2869 647 2928 in
662 2866 752 2928 Libro
766 2867 781 2927 1
796 2866 1027 2930 Sacramentarii
1043 2872 1145 2932 Sancti

191 2949 338 3030 Gregorii.
367 2949 438 3011 Post
464 2950 666 3028 sumptionem
692 2949 928 3028 praescribitur,
958 2958 992 3012 ut
1013 2953 1163 3032 quiescat·

192 3034 416 3112 attqcanmtam
437 3033 471 3092 in
484 3030 677 3094 meditatione
701 3028 902 3091 sacramenti.
927 3031 972 3092 Ex
988 3033 1044 3095 hac
1059 3053 1144 3112 prae·

123 3187 137 3202 ·
191 3116 352 3190 scriptione
374 3120 480 3194 putant
500 3110 701 3181 Rubricistae,
725 3113 823 3174 nutias
838 3119 924 3174 actus
944 3118 1082 3191 privatae
1096 3117 1145 3178 de

190 3197 320 3258 notionis
341 3213 408 3258 esse
429 3195 645 3272 permittendos
665 3211 734 3257 cum
751 3195 875 3271 publicis
890 3193 1051 3275 Religionis
1073 3200 1147 3261 auti·

192 3279 249 3339 hus
271 3277 442 3340 immediate
464 3281 533 3338 ante
555 3279 774 3358 sumptionem,
798 3278 960 3350 admisti,
984 3297 1045 3340 non
1064 3291 1144 3351 orato,

190 3357 241 3420 aed
261 3369 329 3441 post
350 3359 549 3436 sumptionem
572 3364 691 3420 tantum
718 3360 942 3436 permittantur.
971 3357 1146 3440 Excipiatur

190 3456 289 3510 casus,
306 3442 335 3500 in
350 3459 410 3516 quo
421 3439 565 3501 Sacerdm
579 3448 651 3502 tunc
663 3441 874 3503 recordaretur
888 3441 926 3502 dc
940 3443 1042 3520 aitqua
1055 3444 1146 3522 cnipa

190 3521 323 3582 mortali:
347 3527 418 3581 tunc
440 3523 520 3581 enim
535 3529 567 3582 et
580 3528 690 3600 posset,
713 3528 745 3583 ot
758 3522 882 3583 deberet
901 3523 939 3583 de
952 3542 989 3584 eo
1011 3524 1144 3603 perfecte

191 3603 317 3668 conteri,
335 3620 405 3663 cnm
423 3605 573 3678 proposito
589 3602 662 3664 iilud
677 3605 902 3684 quamprimum
916 3603 1069 3670 Eccicsiae
1084 3609 1146 3671 cia·

191 3680 279 3741 vibus
300 3681 503 3744 submittendi.
