2517 4059
554 147 778 215 ambiatis·

229 276 267 337 V.
292 275 393 335 Prima
408 273 497 351 bajus
513 274 616 351 hymni
634 276 739 334 verba:
759 272 864 335 Gloria
878 274 912 333 in
926 277 1047 335 excelsis
1064 277 1145 342 Deo,

186 368 212 417 et
233 362 267 417 in
289 368 370 417 terra
387 374 456 433 pao:
470 356 636 415 bominibus
656 359 748 415 bonae
762 357 932 423 uoluntatis,
955 376 973 417 e
995 360 1080 419 coelo
1100 361 1148 418 ad

185 457 239 499 nos
253 438 435 514 Angelorum
459 454 534 497 voce
556 437 692 497 derivata
713 445 801 498 sunt:
827 445 948 498 caetera
969 441 1036 516 quis
1057 440 1148 499 addi-

185 521 272 590 derit,
290 521 437 580 incertum
455 526 510 579 est.
528 517 658 590 Quidam
673 518 824 593 Apostoiis
845 521 989 582 tribuunt.
1007 524 1149 596 eoquod

188 605 303 679 integer
326 600 473 661 habeatur
504 599 570 658 Lib.
598 598 653 659 Vll
677 600 936 661 constitutionum
958 600 1149 679 Apostoliea-

186 703 255 743 rum
277 682 349 759 Cap.
375 681 426 749 b'l,
449 682 500 742 sed
522 680 586 759 jarn
609 685 720 741 norunt
740 682 797 741 viri
820 682 899 742 docti
924 684 995 757 quid
1018 686 1055 744 de
1077 686 1147 745 ilia·

184 782 253 826 rum
275 763 526 824 Constitutionum
544 763 685 831 Auctore,
709 767 739 821 et
760 768 857 824 aetate
877 765 1066 825 sentiendum
1087 768 1145 826 sit.

183 846 243 906 Alii
266 851 421 906 auctorem
445 844 558 904 iaciunt
579 843 798 921 Telesphorum
819 843 957 919 Papam,
982 848 1034 921 qni
1058 848 1148 908 vire-

184 929 235 989 bat
256 946 333 987 anno
355 925 467 985 Christi
485 924 554 990 150,
577 923 703 1001 ejusque
725 927 889 986 sentcntiae
911 931 981 987 sunt
1002 926 1146 1005 Sigeber-

185 1017 232 1069 tus
254 1010 282 1068 in
298 1006 458 1073 Chronico,
480 1013 518 1067 el
534 1006 724 1066 innocentius
740 1006 784 1066 ΙΙΙ
806 1007 871 1067 Lib.
889 1006 918 1067 ΙΙ
932 1009 970 1088 de
985 1006 1145 1087 Mysteriis

182 1090 293 1152 Missae
314 1089 386 1166 Cap.
411 1087 462 1147 ab.
487 1088 545 1147 Alii
574 1086 758 1165 Symmacho
785 1088 968 1150 adscribunt.
999 1087 1145 1168 Plerique

182 1174 364 1233 recentiores
386 1170 505 1245 scqnuli
528 1167 714 1235 Aicuinum,
739 1166 899 1247 Hugoncm
923 1170 1141 1242 Victorinum,

181 1254 352 1330 Remigium
370 1250 657 1317 Antisiodorensem,
674 1248 856 1319 Honorium,
876 1258 908 1312 et
922 1252 1065 1313 loannem
1082 1254 1145 1315 Be·

141 1350 147 1361 ·
183 1334 295 1395 lethum
327 1353 343 1393 a
368 1334 402 1393 B.
426 1331 542 1391 Hilario
567 1330 745 1391 Pictaviensi
775 1330 923 1409 Episcopo
953 1337 1142 1410 completum

181 1416 271 1477 luisse
294 1421 477 1479 asseverant,
502 1414 555 1478 sed
576 1414 606 1471 in
624 1412 703 1482 Vita,
726 1420 758 1473 et
778 1412 903 1491 Scriptis
919 1414 1038 1478 Hilarii,
1062 1420 1142 1477 etin

182 1496 411 1574 Scriptoribns,
435 1496 485 1571 qrri
508 1502 637 1570 quatuor
666 1502 731 1571 post
754 1495 853 1571 ipsum
874 1496 1005 1556 Saeculis
1027 1496 1147 1561 ssorue-.

90 1612 95 1617 ·
185 1585 281 1657 runt,
312 1578 429 1637 nullu-tn
458 1574 550 1651 hujus
574 1576 617 1635 rei
641 1576 800 1652 vestigium
823 1582 916 1636 extat.
933 1577 1070 1638 Toletani
1092 1580 1146 1642 IV,

180 1658 303 1721 Concilii
320 1660 424 1719 Patres
445 1659 597 1732 sapienter
620 1656 723 1717 dixere
746 1658 846 1733 priora
868 1660 961 1720 rerba
983 1662 1021 1719 ab
1037 1662 1140 1736 Auge·

181 1740 218 1802 lis
234 1741 348 1819 prolata
364 1740 467 1805 inisse,
481 1756 550 1798 cum
563 1739 640 1796 banc
656 1738 694 1796 ob
705 1756 826 1798 causam
840 1742 1025 1824 Angelorum
1039 1739 1141 1821 Hym-

181 1842 236 1883 nus
258 1824 355 1883 diclns
378 1821 485 1885 inerit,
510 1827 629 1879 caetera
653 1836 724 1878 vero
749 1818 889 1893 Doctores
911 1820 1140 1885 Ecclesiasticus

180 1906 339 1965 addidisse.
366 1902 470 1961 liciert
491 1900 668 1961 Anastasius
690 1902 719 1959 in
745 1900 816 1961 Vita
835 1901 979 1979 Stephani
1001 1904 1045 1963 IV
1071 1913 1139 1967 ‚sta-

178 1992 278 2047 tutum
302 1984 424 2052 abillo,
448 1991 482 2040 ut
506 1985 588 2042 omn-i
610 1982 658 2039 die
673 1980 831 2043 Dominico
852 2002 871 2042 a
892 1996 998 2061 septem
1014 1984 1047 2045 Ε
1069 1989 1075 2001 ’
1103 2006 1137 2047 o·

177 2068 224 2146 pis
243 2065 456 2129 Cordinalibus
477 2062 731 2134 hebdomadariis,
756 2065 810 2141 qui
829 2066 863 2123 iu
877 2063 1012 2125 Ecclesia
1071 2072 1138 2129 tuo-

154 2189 157 2195 ‚
182 2149 256 2209 toris
278 2146 467 2206 observabant
488 2143 653 2205 Missurum
674 2146 833 2214 solemnia,
856 2165 944 2225 super
966 2145 1072 2208 Altero
1094 2148 1132 2210 B.

179 2226 268 2289 Petri
289 2228 494 2293 celebraretur,
519 2229 549 2284 et
569 2224 671 2284 Gloria
693 2226 722 2285 iu
744 2226 869 2288 excelsis
890 2228 1050 2290 diceretur.
1076 2231 1142 2292 Ra-.

180 2312 221 2371 tio
244 2308 335 2387 bujus
352 2305 447 2366 Edisti
464 2312 520 2373 est,
537 2307 609 2382 quia
630 2307 703 2366 oiim
726 2308 821 2369 asoiu
837 2309 984 2385 Episcopo
1005 2310 1064 2370 dici
1081 2330 1134 2387 po-

179 2397 258 2451 terat
280 2409 296 2449 a
319 2388 507 2466 Presbyteris
530 2406 603 2447 sero
631 2389 661 2446 in
683 2390 747 2449 solo
768 2390 816 2448 die
836 2388 991 2450 Pascbatis
1012 2392 1134 2453 diceba-

165 2481 240 2538 tur,
258 2481 290 2532 nt
312 2470 394 2529 initio
412 2470 491 2527 Libri
507 2466 771 2529 sacramentorum
792 2470 824 2529 S.
838 2468 977 2548 Gregorii
992 2470 1131 2549 legimus.

179 2552 353 2613 Valalridus
369 2550 475 2611 Strabo
498 2547 572 2625 Cap.
589 2550 642 2608 ab:
663 2547 814 2610 Slatutum
828 2562 880 2617 est,
898 2554 1003 2628 inquil,
1021 2557 1134 2634 etipse

178 2634 315 2713 Hymnus
336 2635 370 2691 iu
385 2633 507 2690 sumnais
521 2631 732 2708 festivitatibus
753 2652 772 2691 a
786 2633 856 2692 solis
873 2632 1022 2714 Episcopis
1042 2656 1134 2697 usur-

173 2726 314 2795 paretur,
339 2712 522 2791 quodetiam
544 2714 577 2770 in
593 2714 689 2789 capite
704 2709 787 2773 Libri
803 2710 1069 2777 sacramentorum
1085 2716 1134 2777 ele·

174 2800 327 2873 sipnatum
340 2794 471 2854 uidetur.
489 2792 573 2853 idem
596 2792 791 2853 confirmatur
812 2812 850 2855 ex
865 2794 978 2857 Ordine
994 2796 1132 2859 Romano

178 2878 189 2937 l
207 2876 284 2953 apud
301 2874 506 2935 blabilleninm
524 2876 639 2935 blnsaei
657 2874 751 2935 italici
767 2874 854 2936 Tom.
868 2876 897 2938 ll
913 2896 979 2955 pag.
996 2880 1045 2938 17.
1061 2879 1132 2942 Ces-

144 2986 146 2990 ·
174 2960 253 3019 savit
275 2966 376 3033 postea
394 2955 522 3031 speciale
545 2955 601 3015 boc
618 2954 834 3034 Episcoporum
850 2960 1040 3037 privilegium
1057 2959 1131 3023 Sac-

173 3040 244 3099 culo
264 3044 372 3097 octavo
387 3040 527 3104 exeunte,
545 3042 636 3113 atque
652 3055 749 3113 aeque
763 3036 973 3101 Sacerdotibus
988 3040 1132 3119 Hymnus

176 3120 337 3197 Angelicus
365 3120 426 3178 suis
448 3119 642 3194 praescriptis
664 3120 770 3178 diebus
802 3121 839 3179 ad
862 3122 985 3181 Missam
1008 3124 1132 3184 recitari

176 3203 351 3279 permissus.
376 3198 559 3275 biicrologus
581 3197 653 3273 Cap.
677 3198 705 3259 li
728 3202 857 3271 scribit,
881 3203 1047 3263 Ecclesiam
1070 3202 1132 3267 aa·

176 3301 295 3343 manant
325 3281 514 3341 constituisse
544 3286 578 3339 ut
599 3280 751 3341 diceretur
780 3283 911 3361 hymnus
937 3285 966 3344 iu
989 3286 1131 3347 omuibus

171 3364 271 3425 Fastis
293 3362 484 3437 duplicibus,
508 3365 538 3419 ct
559 3361 664 3421 diebus
685 3361 874 3433 Dominicis,
898 3367 971 3427 ilem
994 3371 1023 3424 iu
1045 3372 1129 3427 ornari

174 3444 264 3505 Festo
286 3443 363 3520 quod
386 3443 506 3517 pienum
530 3442 787 3516 habet'oiiicium,
810 3446 868 3505 boc
883 3455 929 3508 est
950 3466 1056 3509 noveru
1073 3447 1130 3509 Le-

173 3526 300 3585 ctiones.
324 3522 598 3607 A-Septnagesima
619 3522 657 3583 ad
679 3528 774 3585 totam
795 3526 1074 3607 Quadragesirnam
1097 3539 1131 3591 et
