2517 4059
607 204 669 265 sm
690 183 751 254 300
771 201 831 263 mr·

603 402 728 463 CAPUT
751 402 835 463 Vlll.
935 420 941 430 ’

493 583 534 625 nrt
556 582 704 627 Llrtrttssln
729 581 940 627 caenosum.

281 724 304 783 l.
330 726 438 806 loscplr
462 728 639 788 vicecomes
663 727 728 789 Lib.
754 729 769 789 l
791 728 825 786 dc
850 726 965 786 liitibue
988 726 1097 788 Missae
1120 726 1195 805 Cap.

239 804 280 863 22
302 811 381 869 tueri
403 818 528 871 conatur
551 806 639 869 llilus
660 807 814 870 Ecclesiae
836 808 1067 870 Mediolanensis
1089 805 1196 868 aSan-

239 892 287 947 oto
310 888 445 950 barnaba
467 889 612 966 Apostolo
635 892 786 952 institutos
807 892 920 959 luisse,
944 907 961 948 a
983 891 1018 950 B.
1036 886 1196 949 lllirocleto

236 966 320 1048 juxta
344 970 547 1048 Apostolicam
570 972 785 1034 institutionem
808 977 939 1037 auctos,
964 972 1095 1033 alleato
1119 984 1196 1031 raro

239 1047 401 1112 Ambrosio
422 1054 544 1113 eosdem
569 1055 644 1113 ritus
667 1054 837 1121 illustratos,
859 1059 890 1113 et
911 1054 1068 1115 meliorem
1092 1054 1121 1112 in
1144 1070 1197 1111 or-

239 1132 339 1192 dinem
367 1134 521 1203 redactos;
545 1135 673 1211 ideoque
699 1136 915 1196 Ambrosianos
939 1141 1006 1212 post
1032 1134 1098 1211 ejus
1134 1132 1197 1193 obi·

240 1217 303 1273 turn
327 1217 452 1276 vocitari
474 1217 618 1294 coepisse.
644 1215 676 1275 ln
699 1219 837 1278 eamdem
859 1216 1036 1275 sententiam
1075 1214 1197 1276 ridetur

239 1294 322 1355 abire
358 1295 400 1356 Le
422 1297 503 1356 Brun
527 1302 599 1357 tom.
624 1296 646 1355 2
667 1298 786 1361 dissert.
811 1298 830 1356 3
851 1303 909 1359 art.
935 1297 949 1357 l
972 1298 1001 1357 in
1033 1315 1095 1374 quo
1121 1314 1192 1357 eru·

239 1376 299 1435 dite
313 1376 432 1437 disserit
454 1378 491 1438 de
513 1377 646 1437 Historia
669 1378 764 1458 hujus
785 1380 951 1457 Liturgiae.
976 1379 1013 1438 st
1027 1396 1100 1439 vero
1116 1380 1194 1439 Wa-

239 1456 363 1519 lalridus
385 1458 492 1520 Strabo
515 1465 583 1519 anto
606 1478 699 1520 annos
727 1463 915 1536 octingentos
936 1460 1001 1519 Lib.
1037 1459 1078 1517 de.
1095 1457 1196 1519 Rebus

239 1536 323 1598 Ecol.
347 1537 420 1617 Cap.
438 1538 499 1601 228
516 1538 600 1601 Divo
616 1540 778 1603 Ambrosio
793 1541 1024 1602 Mediolanensis
1040 1538 1196 1601 Ecclesiae

236 1618 370 1681 Antistiti
393 1622 536 1682 adscribit
558 1620 604 1683 bis
625 1624 748 1683 verbis:
773 1622 944 1683 Ambrosius
965 1622 1196 1685 Medioloeeaeis

237 1698 425 1781 Episcopus,
453 1714 514 1763 tom
537 1700 672 1770 Missae,
696 1724 788 1783 quom
815 1715 1003 1766 coeterorum
1025 1702 1197 1782 dispositio·

236 1800 302 1841 rtem
328 1781 497 1867 officiorum
518 1803 588 1844 suae
613 1783 787 1857 Ecclesiae,
824 1796 850 1845 et
872 1787 944 1845 otiis
966 1782 1125 1862 liperibus
1146 1804 1195 1845 or·

236 1861 369 1936 dincoit;
391 1884 467 1945 quoe
490 1875 516 1924 et
537 1884 628 1944 usque
650 1867 735 1927 bodie
756 1870 792 1929 r'o
813 1866 1029 1928 Mediolanensi
1050 1872 1194 1927 tenentur

239 1942 382 2007 Ecclesia.
412 1945 491 2007 Huic
513 1945 667 2007 Strabonis
689 1951 855 2010 sententiae
876 1949 1026 2008 consentit
1046 1946 1196 2008 Mediola-

236 2029 336 2088 nensis
358 2026 515 2097 Ecclesia,
540 2036 572 2089 et
594 2031 686 2090 totius
708 2030 813 2091 ltaliae
837 2031 977 2099 traditio,
1000 2047 1017 2087 a
1044 2047 1104 2105 quo
1126 2030 1192 2089 sine

235 2108 365 2171 evidenti
389 2107 526 2177 ratione,
551 2118 584 2171 ut
606 2114 648 2171 ait
669 2111 836 2173 Cardinalis
858 2112 962 2181 Bona,
987 2110 1194 2171 recedendum

236 2206 293 2248 non
316 2198 372 2251 ost.
410 2189 526 2252 Verum
549 2194 732 2269 quicumque
755 2194 822 2254 talis
854 2191 1008 2270 biturgiae
1029 2190 1193 2251 ‘lustitutor

234 2268 345 2339 luerit,
369 2272 396 2331 id
421 2291 473 2348 pro
497 2278 582 2332 certo
604 2273 775 2335 babendum
800 2280 846 2334 est
867 2293 925 2333 non
941 2274 1034 2334 luisse
1055 2291 1072 2331 a
1095 2277 1191 2332 muta·

235 2351 367 2413 tionibus
391 2354 578 2419 immunem,
604 2361 639 2415 ut
659 2355 759 2432 colligi
782 2361 881 2432 potest
912 2372 950 2417 ex
972 2355 1100 2414 dirersis
1122 2352 1194 2414 blis-

235 2430 346 2495 ealibus
369 2434 448 2495 illius
464 2434 619 2495 Ecclesiae
634 2436 761 2497 dirersis
777 2438 964 2512 temporibus
984 2436 1085 2496 editis.
1108 2432 1194 2494 Ordo

235 2510 376 2592 antiquus
397 2534 471 2575 rem
495 2515 645 2593 praelatae
667 2518 778 2579 Missae
800 2518 1018 2578 Ambrosianae
1039 2517 1069 2575 in
1091 2516 1191 2577 lucem

234 2596 332 2658 editus
347 2596 403 2658 luit
423 2614 439 2656 a
456 2597 587 2659 Pamelio
603 2600 680 2659 inter
694 2616 749 2659 sua
766 2598 915 2676 Litucgica
931 2599 1120 2658 Latinorum.
1146 2596 1191 2658 lle

234 2678 353 2748 ritibus,
378 2678 493 2746 ordine,
517 2685 548 2739 ct
569 2679 695 2739 historia
717 2681 813 2759 hujus
827 2679 947 2749 Missae,
973 2684 1104 2739 tractant
1124 2677 1191 2743 lta-

233 2758 384 2828 billonius,
410 2758 475 2820 Lib.
493 2762 507 2822 l
522 2761 559 2820 dc
581 2756 723 2839 Ltrurqto
739 2760 901 2825 Gallicana
918 2760 993 2840 Cap.
1010 2760 1044 2830 23
1056 2759 1192 2820 Graeco·

235 2840 299 2906 las,
324 2846 378 2901 tu
400 2844 560 2902 cunienses
581 2837 732 2920 Litorqier
754 2860 770 2901 a
793 2862 863 2920 pag.
878 2842 920 2901 77
941 2860 1037 2920 usque
1058 2842 1095 2901 ad
1119 2859 1188 2919 pag.

234 2920 321 2990 t00;
345 2921 510 2983 Cardinalis
536 2920 763 2988 conatorem
785 2921 1009 3000 liturpicarum
1032 2922 1107 3001 Cap.
1137 2923 1190 2982 1⁰.

230 3001 277 3063 lle
292 3005 418 3083 mystico
441 3022 529 3065 sensu
552 3002 676 3064 ltitunm
701 3005 970 3065 Ambrosianorum
991 3006 1104 3069 librum
1127 3005 1191 3065 edi-

231 3084 274 3145 dit
294 3082 420 3145 Carolus
436 3084 549 3145 Settala
572 3083 739 3162 Episcopus
764 3085 956 3147 Tortonensis
978 3086 1117 3147 idiomate
1135 3086 1190 3147 ita-

232 3165 300 3225 lico.
336 3163 492 3226 Rationale
513 3184 587 3227 roro
608 3164 875 3229 Gacremoniarum
908 3165 1042 3244 ejusdem
1075 3166 1187 3229 Missae

231 3245 460 3315 imbrosianae,
484 3252 515 3308 et
538 3245 662 3308 modum
676 3266 745 3309 eam
767 3249 942 3311 celebrandi
963 3248 1056 3309 edidit
1077 3245 1187 3311 Petrus

231 3323 335 3388 Casola
356 3326 526 3389 Canonicus
548 3328 778 3390 Mediolanensis
800 3329 966 3392 Ecclesiae.

270 3407 311 3468 ll.
334 3408 392 3469 Sed
415 3410 469 3469 abs
491 3428 524 3471 re
547 3428 603 3471 uon
625 3412 685 3471 erit
705 3411 820 3489 aliquot
842 3413 919 3473 ritus
940 3410 1108 3489 peculiares
1129 3410 1185 3472 Ec-

230 3488 338 3550 clesiae
360 3489 591 3559 Mediolanensis
613 3492 787 3569 explanare.
812 3493 1005 3553 Ambrosiani
1027 3508 1182 3568 nunquam

229 3567 332 3632 dicunt
353 3569 457 3649 Agnus
479 3568 533 3633 Dei
557 3573 612 3632 nisi
639 3573 668 3631 in
690 3572 782 3634 Missa
805 3591 860 3651 pro
881 3571 1037 3636 defunctis.
1067 3572 1182 3635 'lentus
