2517 4059
572 213 798 285 omittite·

580 422 707 484 CAPUT
732 420 798 481 vlt.

300 604 342 648 DE
364 602 575 648 rflsrrvtrartt
596 602 735 647 studuit
758 603 879 647 ΙΔΙΙΑΕ
902 603 942 645 ΔΙ)
965 599 1073 647 nives·

249 748 274 809 l.
299 746 458 810 festivitas
477 749 509 811 S.
528 728 701 815 Mariaead
725 718 994 826 Nivesspecnliaris
1009 725 1173 805 Romanae

206 829 361 892 Ecclesiae
383 833 460 892 haec
476 831 545 891 olim
562 838 639 894 erat:
664 849 793 907 eamque
814 832 852 890 ob
867 847 988 891 causam
1011 829 1038 885 in
1066 825 1173 887 multis

205 914 359 973 ueteribus
375 912 565 974 Kalendariis
580 914 740 974 omittitur:
752 918 785 971 nt
798 932 892 987 ouum
905 910 1077 971 Romanum
1096 907 1172 966 Bre-

205 995 335 1055 riarium
358 996 386 1054 in
403 997 541 1071 plurimis
562 992 705 1055 Ecclesiis
726 994 862 1055 adhiberi
884 994 991 1070 coepit,
1016 986 1170 1054 celebrari

206 1077 298 1137 eliam
319 1078 419 1152 coepit
439 1076 468 1135 in
491 1078 596 1136 lisdem
614 1074 753 1136 Ecclesiis
773 1094 821 1139 ee.
844 1076 880 1135 de
895 1093 954 1152 qua
978 1088 1056 1133 nune
1074 1071 1169 1129 dissc-

204 1158 300 1217 rimus
322 1158 479 1218 festivitas.
503 1156 651 1217 Nouimus
672 1159 795 1233 quidem
816 1155 1061 1221 tillemontium,
1089 1150 1169 1211 Ball-

206 1237 323 1304 letum,
357 1240 431 1298 alios
452 1238 604 1304 Celticos,
628 1240 763 1301 animose
784 1255 949 1306 asserere,
973 1236 1001 1295 id
1024 1234 1108 1311 quod
1130 1232 1169 1291 de

205 1320 274 1381 nive
294 1322 413 1381 aestiuis
434 1319 538 1382 dielrus
555 1326 641 1380 nocte
663 1322 796 1397 delapsa,
819 1326 850 1380 et
871 1318 936 1396 ejus
958 1318 1069 1376 indicio
1093 1311 1167 1372 aR.

203 1399 348 1463 Pontifice
371 1404 399 1461 in
421 1401 452 1461 S.
469 1404 585 1464 Mariae
609 1402 754 1466 honorem
777 1409 875 1466 erecte
892 1401 1015 1461 Basilica
1037 1396 1163 1461 dicitur,

204 1501 261 1543 nec
281 1484 419 1552 vetustis,
445 1501 498 1543 nec
514 1484 719 1561 probabilibus
741 1484 945 1545 monumentis
967 1480 1052 1541 inniti
1078 1474 1166 1536 nimi·

204 1582 274 1625 rum
299 1564 401 1639 nullus
421 1571 567 1631 uetustus,
591 1584 625 1625 ac
651 1567 812 1641 probabilis
835 1564 966 1640 Scriptor
982 1562 1009 1621 id
1031 1558 1164 1639 posteris

205 1647 349 1717 tradidit3
375 1648 566 1723 primumque
588 1649 737 1716 omnium,
759 1645 1042 1723 quosnouerimus.
1069 1637 1164 1716 liujus

204 1728 385 1788 narrationis
400 1734 555 1789 auctorem
573 1730 719 1797 habemus
734 1728 857 1789 Petrum
875 1729 911 1789 do
926 1724 1084 1785 Natalibus
1101 1739 1164 1781 sae

202 1810 262 1870 culi
278 1808 340 1870 XV
361 1808 556 1886 Scriptorem‚
581 1813 662 1886 pium
678 1812 812 1888 quidem,
829 1810 881 1869 sed
899 1809 989 1872 nimio
1012 1806 1082 1883 plus
1098 1819 1163 1863 cre·

202 1891 321 1951 dulum.
345 1891 386 1950 tt
407 1910 479 1951 vcro
500 1890 536 1950 Ρ.
559 1891 706 1957 Sollerius
727 1895 773 1951 vir
796 1892 986 1963 doctissimus
1008 1886 1160 1963 Martyro-

202 1972 281 2048 logia
302 1974 423 2048 allegat,
449 1975 609 2048 inquibus
633 1974 787 2035 Dedicctio
813 1972 843 2033 S.
862 1971 983 2033 Murice
1007 1966 1047 2027 cd
1070 1965 1163 2028 Nives
1256 1988 1257 1995 ¹

200 2058 333 2113 notatur.
359 2053 458 2114 Verba
482 2072 572 2131 porro
594 2054 715 2117 Mariae
740 2054 780 2117 od
809 2052 914 2121 Nicer.
939 2050 1042 2131 procul
1064 2049 1158 2109 dubio

199 2134 379 2194 miraculum
403 2136 543 2209 delapsae
566 2138 642 2196 nivis
665 2139 803 2202 inuuunt.
829 2136 956 2212 insuper
985 2130 1029 2195 cl.
1055 2130 1158 2190 Abbcs

199 2215 237 2275 de
251 2214 375 2291 Angelis
397 2217 442 2277 Dc
456 2215 589 2278 Basilica
604 2219 635 2278 S.
644 2216 769 2279 Maricc-
776 2216 904 2298 Maioris
925 2215 993 2275 Lib.
1006 2211 1035 2283 11
1057 2209 1158 2289 Capl

199 2296 331 2356 aillirmat
352 2298 380 2356 in
396 2298 532 2358 archivio
554 2299 699 2361 Basilicas
721 2300 752 2360 S.
771 2300 886 2359 Mariae
902 2296 1025 2374 Majoris
1040 2290 1155 2353 servari
1255 2296 1256 2300 ’

197 2377 316 2438 Bullam
339 2380 544 2439 authenticam
567 2377 723 2440 aNieolao
744 2381 785 2441 tv
808 2384 906 2457 primo
925 2376 981 2441 ‘sui'
997 2374 1159 2439 Pontifica-

197 2466 246 2520 tus
261 2476 350 2526 anno,
375 2462 503 2538 ideoque
518 2468 571 2524 aut
584 2480 661 2521 anno
679 2461 770 2528 1228,
793 2469 847 2525 aut
861 2453 1153 2533 certe-subsequenti

197 2541 325 2606 editam.
351 2543 380 2601 in
403 2562 462 2618 qua
486 2544 560 2603 haec
583 2551 769 2609 occurrunt:
791 2544 956 2623 ¹(inspienter
981 2541 1101 2619 icitur„
1121 2545 1156 2597 ut
1254 2556 1255 2592 l

199 2620 337 2682 Ecclesia
351 2636 455 2685 nostra
469 2624 510 2683 cd
522 2626 662 2690 honorem
681 2626 815 2705 Vir‘picie
830 2624 959 2706 ejusdem
975 2628 1151 2683 constructa,

196 2705 283 2783 cujus
297 2704 415 2781 quidem
434 2716 620 2767 structurum
642 2708 786 2783 plurimus
800 2708 880 2767 Deus
905 2707 938 2765 in
953 2704 1071 2767 Sanctis
1092 2698 1155 2761 suis

189 2802 250 2861 per
262 2785 475 2847 immissionem
490 2789 567 2847 eicis
582 2798 680 2847 acutus
696 2798 822 2867 tempore
838 2787 1020 2851 mirabiliter
1034 2782 1150 2843 indicc-
1177 2858 1183 2869 ι

194 2864 249 2931 nit.
273 2869 413 2944 eonpruis
427 2870 584 2929 honoribus
598 2870 820 2946 frequentetur.
844 2869 915 2929 Pius
929 2867 958 2928 11
973 2868 1147 2929 edictionem

193 2947 312 3012 edidit.
336 2967 402 3008 eam
425 2968 544 3025 neroque
566 2969 583 3010 a
605 2950 778 3013 Clarissimo
800 2952 846 3023 de
860 2948 1150 3031 Angelisallalams

194 3033 227 3089 et
247 3030 390 3105 deinceps
412 3048 427 3089 a
452 3031 612 3100 Benediclo
627 3031 701 3093 XIV
717 3034 890 3101 excitatam,
915 3030 1001 3108 eujus
1023 3030 1149 3091 cuthen-
1252 3080 1253 3109 ἒ

192 3110 286 3171 ticum
309 3112 465 3187 exemplar
489 3116 517 3170 in
533 3113 865 3177 liberianaeBasilicae
883 3114 1028 3174 Archivio
1050 3126 1151 3175 serva·
1252 3112 1253 3125 ¹

191 3196 260 3251 tor:
284 3193 313 3252 in
329 3190 388 3269 qrrai
409 3195 559 3254 edictione
580 3197 687 3256 eadem
710 3194 866 3261 Liberium
892 3194 1019 3267 Basilice
1040 3194 1149 3255 dicitur

190 3271 300 3337 Divino
327 3275 457 3335 nesticae
481 3277 560 3336 reicis
590 3277 739 3337 mirucuio
764 3276 931 3357 aedificata.
955 3275 1145 3337 Monumenta
1251 3344 1252 3353 ἦ

189 3354 270 3425 alia,
295 3372 389 3431 eaqne
410 3362 527 3417 vetusta
549 3358 681 3434 allegant
702 3359 845 3419 Batonius
863 3356 1088 3428 ...Seueranus⁹
1110 3351 1147 3411 dc

189 3434 323 3512 Angelis,
347 3436 457 3513 aliique
472 3439 576 3502 etiam.
599 3442 636 3499 iis
659 3440 688 3497 in
706 3440 789 3507 locis,
813 3458 887 3517 quos
909 3440 1019 3517 allegat
1039 3437 1145 3499 doetis-

188 3516 283 3577 simus
305 3516 485 3580 Benedictus
505 3519 591 3583 XIV.
626 3520 830 3582 indubitatum
853 3528 899 3584 est
924 3524 1035 3588 etiam,
1060 3521 1143 3581 Viros
1193 3558 1198 3565 -
1250 3549 1251 3599 l

188 3605 384 3674 praestantes,
408 3607 438 3662 et
460 3618 536 3678 quos
553 3602 691 3669 norimus
714 3603 751 3661 ab
767 3604 966 3681 approbandis
983 3604 1072 3677 iretis,
1096 3598 1146 3663 aul
1250 3620 1251 3623 ¹
