2517 4059
430 186 665 289 ‚usum
753 214 761 227 ·

87 318 198 381 Gloria
212 315 387 407 Martyrum
401 312 474 391 Cap.
492 314 532 375 Vl
545 315 668 403 ficens:
686 316 724 377 Iu
736 316 835 396 stipite
851 327 943 379 erecto
962 319 1049 396 [ora-

89 420 159 459 men
173 400 361 476 manifestum
378 409 435 457 ert:
447 415 499 476 por
515 416 627 476 quoque
646 402 793 479 parvulae
809 401 927 460 tohuloe
947 400 980 458 r‘u
994 399 1049 460 hoc

84 482 224 559 formu
237 480 368 544 iurum
384 489 445 539 ost:
461 497 552 557 super
563 480 641 540 huuc
657 498 728 541 cero
743 481 876 541 rotulum
890 491 1047 559 tamquam

85 566 197 623 staretis
210 562 336 623 hominis
351 578 453 620 acerne
464 558 572 641 affixae
587 570 655 633 aaut
665 564 799 641 plantor.
816 562 902 623 Hanc
918 562 1048 623 [ormam

90 645 213 705 exhibet
239 645 338 719 imago
360 639 499 701 Crucihxi
522 650 664 719 argentea
692 644 722 702 in
742 641 880 703 Sacrario
902 643 1048 707 Basilicas

88 722 122 786 S.
145 722 224 787 Petri
247 723 362 783 Runree
391 728 569 791 asservato,
603 725 633 783 in
655 742 713 801 qua
740 724 799 784 hoc
820 727 1047 803 suppedaneum

92 810 236 877 cernitur,
258 814 292 867 ut
306 806 410 865 videre
424 811 471 865 est
490 804 571 879 apud
594 804 743 883 Angelum
758 804 860 865 Recca
882 808 911 865 in
927 804 1048 867 Descri-

84 890 186 967 ptiouc
200 886 339 951 Sucrurr'i
361 885 431 947 Diui
450 886 537 951 Petri,
561 883 648 945 Tom.
667 884 681 945 1
704 904 771 965 pag.
788 885 861 947 252.
886 886 1048 949 Praeterea

89 969 266 1031 Franciscns
288 965 507 1027 Ferardentius
529 966 558 1025 in
580 964 667 1027 Notis
692 965 733 1027 od
764 965 795 1027 S.
814 966 935 1029 lreuuci
957 986 1048 1048 opero

89 1048 152 1111 iio.
172 1049 210 1111 ΙΙ
231 1051 306 1130 Cup.
338 1046 382 1107 42
404 1054 521 1107 veteres
544 1048 656 1109 multas
679 1046 748 1109 lesu
770 1047 880 1109 Christi
904 1052 1048 1127 imagines

90 1134 246 1193 sevidisse
270 1134 395 1189 testatur
418 1131 458 1189 ita
473 1126 561 1189 Cruci
577 1128 670 1199 affixi,
697 1131 836 1207 nipedes
852 1132 1045 1207 suppedaneo

90 1213 299 1275 inniterentur.
333 1206 435 1285 Hujus
457 1209 619 1271 exhibetur
642 1212 742 1285 imago
764 1211 871 1272 similis
898 1213 935 1271 ah
959 1212 1048 1273 hrin-

88 1295 159 1371 ghio
175 1297 204 1353 in
224 1292 319 1353 Roma
334 1290 533 1351 subterraneo·
561 1288 722 1351 Gretserus
737 1286 825 1351 Libro
840 1300 864 1355 1.
885 1292 928 1353 De
948 1292 1046 1357 Cruce

89 1374 161 1452 Cap.
185 1373 227 1435 et
256 1371 399 1449 gravibus
426 1373 589 1434 assentitur
617 1373 810 1443 auctoribus,
842 1371 892 1451 q'ui
915 1380 1049 1435 statuunt

91 1456 180 1517 luisse
213 1457 242 1513 in
265 1452 377 1514 Christi
400 1452 497 1513 Cruce
520 1454 759 1529 suppedaneum.
789 1452 939 1515 Nummus
961 1460 1049 1517 vetus

89 1538 166 1614 apud
183 1536 318 1611 Lipsium
337 1534 469 1593 tabulam
492 1533 715 1610 suppedaneum
736 1537 929 1611 spectandam
942 1536 1047 1597 offert.

91 1616 171 1679 ldem
188 1619 282 1679 etiem
305 1616 336 1674 in
351 1615 505 1675 ueteribus
528 1616 658 1676 nummis
680 1614 851 1677 observavit
873 1614 1049 1679 Franciscus

90 1696 234 1761 Nancius.
464 1740 472 1753 .

129 1778 219 1841 xvi.
242 1777 352 1854 Negari
375 1795 431 1835 nori
452 1778 553 1851 potest
573 1774 793 1854 crucifigendos
815 1777 977 1855 aliqnando
1004 1776 1050 1839 fu·

93 1862 177 1923 oihus
198 1864 314 1921 tantum
339 1858 431 1917 lrrisse
454 1855 624 1917 adstrictos.
650 1855 833 1933 Plerumque
850 1866 960 1925 tamen,
986 1877 1050 1919 ma-

90 1943 195 2021 gisque
219 1942 329 2001 usitate
351 1938 445 2017 clavis
466 1934 558 1997 fiebat
579 1936 747 2000 crucifixio.
773 1936 878 1999 Fuisse
901 1942 980 1999 enirn
1003 1937 1051 2001 le·

92 2042 156 2085 sum
171 2016 328 2083 Christum
344 2018 434 2081 Cruci
452 2019 545 2079 clavis
560 2018 696 2088 allisum,
714 2022 850 2083 manibus
872 2039 907 2080 ae
925 2020 1049 2095 pedibus
1084 2030 1088 2036 ”

95 2102 253 2169 transfixis,
276 2105 396 2163 certum
419 2107 486 2166 est;
512 2098 540 2158 id
563 2102 644 2159 enim
668 2109 843 2181 constater
866 2101 969 2178 Capite
985 2100 1050 2164 XX

94 2182 209 2245 loannis
232 2201 263 2239 v.
292 2182 354 2251 25,
378 2182 429 2241 uhi
450 2180 583 2241 Thomas
604 2182 703 2242 adhuc
731 2184 929 2244 incredulus:
952 2182 1049 2250 Nisi,

97 2266 208 2341 inquit,
235 2261 336 2325 uidero
358 2266 392 2323 iu
415 2262 554 2321 monibus
572 2261 639 2343 'ejus
663 2264 798 2343 ficorum
826 2268 1000 2334 clauorum,
1024 2274 1052 2326 ct

97 2350 209 2408 mitto-m
236 2342 362 2421 diqilltm
378 2360 476 2403 mcum
490 2346 535 2403 ‚in
550 2345 650 2403 locum
674 2346 827 2405 clauorum
841 2392 848 2405 .
864 2390 872 2404 .
888 2392 894 2405 .
909 2367 969 2405 nou
988 2366 1052 2407 cre-

96 2426 185 2487 dam:
208 2424 265 2486 Cui
283 2444 312 2483 v.
329 2426 368 2485 27
391 2426 432 2507 ait
447 2424 607 2484 Christus:
633 2426 716 2503 lusor
738 2426 867 2503 stipitum
882 2436 967 2486 tuum
981 2429 1049 2498 hur,

99 2519 123 2568 ct
137 2508 203 2571 uide
225 2524 332 2565 monus
347 2524 439 2565 meas:
464 2510 495 2565 et
509 2504 568 2565 hoo
594 2512 680 2565 sonat
706 2525 813 2567 nomen
829 2508 1049 2578 Crucihxinnis.

98 2592 176 2665 quasi
198 2586 288 2648 Cruci
306 2588 468 2647 affixionis:
486 2604 545 2662 quo
562 2591 687 2655 utuntur
702 2584 909 2666 Evangelistae
924 2608 1048 2650 omnes.

98 2672 177 2745 Quod
195 2669 244 2729 hio
260 2669 351 2745 igitur
372 2668 630 2739 controvertitur,
658 2674 724 2737 est,
753 2676 827 2746 quot
848 2671 939 2732 clavis
961 2668 1053 2733 luerit

99 2750 177 2813 lesus
191 2748 279 2811 Cruci
297 2750 414 2817 affixus,
433 2754 535 2809 utrum
552 2748 620 2808 solis
636 2750 743 2817 tribus,
766 2770 803 2811 an
819 2770 891 2812 vero
906 2758 1048 2828 quatuor,

100 2833 135 2893 ita
161 2837 195 2893 ut
221 2832 354 2907 singulae
376 2848 481 2889 manus
497 2836 527 2889 et
552 2830 660 2905 singuli
686 2830 776 2907 pedes
801 2834 928 2908 propriis
958 2834 1051 2894 clavis

99 2911 356 2989 crucifigerentur.
374 2910 476 2986 Aliqui
493 2917 554 2969 tres
570 2909 661 2971 fuisse
676 2912 812 2971 tradunt:
831 2931 920 2988 quem
936 2914 1050 2990 opinio·

102 3012 162 3065 nem
178 2990 303 3053 firmant
318 2994 450 3068 picturae
467 2997 497 3051 et
512 2990 686 3067 sculpturae
708 2995 816 3069 passim
831 2993 949 3055 obviae.
971 2992 1050 3065 Qua·

102 3082 216 3152 propter
240 3074 334 3135 Divus
363 3070 529 3150 Gregorius
553 3072 766 3139 Nazianzenus,
783 3092 835 3133 seu
860 3076 927 3151 quis
951 3074 1048 3146 alius.

105 3157 223 3221 Crucem
247 3153 440 3214 Dominicum
462 3152 593 3231 appellat
614 3161 756 3233 τρισηλον
778 3150 882 3225 Zoton,
905 3156 991 3231 quasi
1007 3146 1051 3217 dl.

104 3256 148 3305 cas
168 3237 293 3297 ciclum
318 3235 444 3313 liquem,
463 3234 540 3309 quod
564 3235 592 3293 in
608 3254 645 3296 eo
668 3236 763 3296 tribus
779 3239 871 3296 clavis
892 3236 998 3297 affixus
1012 3238 1052 3301 sit

105 3318 248 3383 Christus.
266 3314 323 3377 Sed
341 3316 551 3393 quaternarius
573 3335 720 3399 numerus
741 3318 920 3378 doctissimis
934 3318 1052 3393 sapien·

104 3398 400 3474 thdmtsquemagis
422 3396 559 3473 placuit,
584 3402 688 3475 utpote
712 3401 857 3474 receptior
882 3400 1052 3476 apudaoti·

108 3484 185 3557 qu'os.
202 3478 370 3557 Gregorius
386 3479 466 3537 enim
481 3477 664 3543 Turonensis
679 3474 741 3539 Lib.
755 3481 770 3535 l
786 3481 828 3541 De
846 3478 950 3543 Gloria
966 3476 1054 3543 Mur-

107 3572 199 3642 lprum
215 3558 290 3639 Cap.
308 3560 327 3618 6
345 3558 421 3619 haee
438 3560 544 3621 hahet:
567 3556 655 3635 Quod
675 3561 781 3639 inquit,
800 3562 888 3625 Clari
900 3559 1054 3626 Dominici
