<?xml version="1.0" encoding="UTF-8"?>
<!DOCTYPE html PUBLIC "-//W3C//DTD XHTML 1.0 Transitional//EN"
    "http://www.w3.org/TR/xhtml1/DTD/xhtml1-transitional.dtd">
<html xmlns="http://www.w3.org/1999/xhtml" xml:lang="en" lang="en">
 <head>
  <title>
</title>
<meta http-equiv="Content-Type" content="text/html;charset=utf-8" />
  <meta name='ocr-system' content='tesseract 3.04.00' />
  <meta name='ocr-capabilities' content='ocr_page ocr_carea ocr_par ocr_line ocrx_word'/>
</head>
<body>
  <div class='ocr_page' id='page_1' title='image "./institutionesli00marigoog_0306.png"; bbox 0 0 2517 4059; ppageno 0'>
   <div class='ocr_carea' id='block_1_1' title="bbox 562 149 786 221">
    <p class='ocr_par' dir='ltr' id='par_1_1' title="bbox 562 149 786 221">
     <span class='ocr_line' id='line_1_1' title="bbox 562 149 786 221; baseline -0.009 0"><span class='ocrx_word' id='word_1_1' title='bbox 562 149 786 221; x_wconf 54' lang='lat' dir='ltr'>*illimis*</span> 
     </span>
    </p>
   </div>
   <div class='ocr_carea' id='block_1_2' title="bbox 160 279 1181 3627">
    <p class='ocr_par' dir='ltr' id='par_1_2' title="bbox 160 279 1168 2235">
     <span class='ocr_line' id='line_1_2' title="bbox 194 279 1152 357; baseline -0.008 -14"><span class='ocrx_word' id='word_1_2' title='bbox 194 285 240 343; x_wconf 93' lang='lat' dir='ltr'>ria</span> <span class='ocrx_word' id='word_1_3' title='bbox 262 281 435 343; x_wconf 77' lang='lat' dir='ltr'>Gallicanae</span> <span class='ocrx_word' id='word_1_4' title='bbox 458 279 635 357; x_wconf 80' lang='lat' dir='ltr'>Liturgiae3</span> <span class='ocrx_word' id='word_1_5' title='bbox 660 280 711 339; x_wconf 89' lang='lat' dir='ltr'>sed</span> <span class='ocrx_word' id='word_1_6' title='bbox 734 280 811 339; x_wconf 91' lang='lat' dir='ltr'>idem</span> <span class='ocrx_word' id='word_1_7' title='bbox 836 279 865 337; x_wconf 90' lang='lat' dir='ltr'>in</span> <span class='ocrx_word' id='word_1_8' title='bbox 888 279 1026 339; x_wconf 91' lang='lat' dir='ltr'>omnibus</span> <span class='ocrx_word' id='word_1_9' title='bbox 1048 294 1152 337; x_wconf 86' lang='lat' dir='ltr'>serva-</span> 
     </span>
     <span class='ocr_line' id='line_1_3' title="bbox 195 360 1152 441; baseline -0.008 -16"><span class='ocrx_word' id='word_1_10' title='bbox 195 367 284 425; x_wconf 88' lang='lat' dir='ltr'>batur</span> <span class='ocrx_word' id='word_1_11' title='bbox 306 363 379 424; x_wconf 89' lang='lat' dir='ltr'>ordo</span> <span class='ocrx_word' id='word_1_12' title='bbox 401 380 548 441; x_wconf 89' lang='lat' dir='ltr'>precum,</span> <span class='ocrx_word' id='word_1_13' title='bbox 574 364 645 422; x_wconf 90' lang='lat' dir='ltr'>licet</span> <span class='ocrx_word' id='word_1_14' title='bbox 664 360 826 421; x_wconf 79' lang='lat' dir='ltr'>Orationes</span> <span class='ocrx_word' id='word_1_15' title='bbox 847 362 983 421; x_wconf 87' lang='lat' dir='ltr'>diversae</span> <span class='ocrx_word' id='word_1_16' title='bbox 1013 362 1152 437; x_wconf 86' lang='lat' dir='ltr'>legantur</span> 
     </span>
     <span class='ocr_line' id='line_1_4' title="bbox 195 442 1154 521; baseline -0.007 -14"><span class='ocrx_word' id='word_1_17' title='bbox 195 447 273 507; x_wconf 92' lang='lat' dir='ltr'>unde</span> <span class='ocrx_word' id='word_1_18' title='bbox 296 446 389 521; x_wconf 88' lang='lat' dir='ltr'>liquet</span> <span class='ocrx_word' id='word_1_19' title='bbox 413 445 634 521; x_wconf 83' lang='lat' dir='ltr'>praedictarum</span> <span class='ocrx_word' id='word_1_20' title='bbox 656 442 873 520; x_wconf 87' lang='lat' dir='ltr'>Liturgiarum‚</span> <span class='ocrx_word' id='word_1_21' title='bbox 898 461 955 501; x_wconf 94' lang='lat' dir='ltr'>non</span> <span class='ocrx_word' id='word_1_22' title='bbox 977 460 1095 507; x_wconf 93' lang='lat' dir='ltr'>unum,</span> <span class='ocrx_word' id='word_1_23' title='bbox 1119 446 1154 500; x_wconf 88' lang='lat' dir='ltr'>et</span> 
     </span>
     <span class='ocr_line' id='line_1_5' title="bbox 195 525 1152 603; baseline -0.008 -15"><span class='ocrx_word' id='word_1_24' title='bbox 195 528 334 588; x_wconf 89' lang='lat' dir='ltr'>eumdem</span> <span class='ocrx_word' id='word_1_25' title='bbox 358 526 448 586; x_wconf 85' lang='lat' dir='ltr'>luisse</span> <span class='ocrx_word' id='word_1_26' title='bbox 472 532 655 595; x_wconf 75' lang='lat' dir='ltr'>auctorem,</span> <span class='ocrx_word' id='word_1_27' title='bbox 688 527 739 585; x_wconf 91' lang='lat' dir='ltr'>sed</span> <span class='ocrx_word' id='word_1_28' title='bbox 763 525 850 603; x_wconf 90' lang='lat' dir='ltr'>plane</span> <span class='ocrx_word' id='word_1_29' title='bbox 871 526 993 601; x_wconf 90' lang='lat' dir='ltr'>plures,</span> <span class='ocrx_word' id='word_1_30' title='bbox 1027 525 1152 600; x_wconf 83' lang='lat' dir='ltr'>quinam</span> 
     </span>
     <span class='ocr_line' id='line_1_6' title="bbox 195 602 1150 670; baseline -0.007 -2"><span class='ocrx_word' id='word_1_31' title='bbox 195 626 267 668; x_wconf 87' lang='lat' dir='ltr'>vero</span> <span class='ocrx_word' id='word_1_32' title='bbox 281 610 320 667; x_wconf 93' lang='lat' dir='ltr'>illi</span> <span class='ocrx_word' id='word_1_33' title='bbox 344 610 413 670; x_wconf 78' lang='lat' dir='ltr'>sint,</span> <span class='ocrx_word' id='word_1_34' title='bbox 433 626 490 666; x_wconf 94' lang='lat' dir='ltr'>non</span> <span class='ocrx_word' id='word_1_35' title='bbox 508 608 590 667; x_wconf 89' lang='lat' dir='ltr'>latet.</span> <span class='ocrx_word' id='word_1_36' title='bbox 616 606 738 667; x_wconf 82' lang='lat' dir='ltr'>Constat</span> <span class='ocrx_word' id='word_1_37' title='bbox 760 614 860 668; x_wconf 70' lang='lat' dir='ltr'>umen</span> <span class='ocrx_word' id='word_1_38' title='bbox 883 605 913 667; x_wconf 89' lang='lat' dir='ltr'>S.</span> <span class='ocrx_word' id='word_1_39' title='bbox 932 604 1082 665; x_wconf 80' lang='lat' dir='ltr'>Hilarium</span> <span class='ocrx_word' id='word_1_40' title='bbox 1104 602 1150 662; x_wconf 80' lang='lat' dir='ltr'>Pi</span> 
     </span>
     <span class='ocr_line' id='line_1_7' title="bbox 195 689 1152 769; baseline -0.009 -18"><span class='ocrx_word' id='word_1_41' title='bbox 195 698 352 751; x_wconf 86' lang='lat' dir='ltr'>ctavorum</span> <span class='ocrx_word' id='word_1_42' title='bbox 377 689 549 749; x_wconf 80' lang='lat' dir='ltr'>Antistitem</span> <span class='ocrx_word' id='word_1_43' title='bbox 574 691 683 750; x_wconf 91' lang='lat' dir='ltr'>librum</span> <span class='ocrx_word' id='word_1_44' title='bbox 707 691 890 769; x_wconf 80' lang='lat' dir='ltr'>hymnorum</span> <span class='ocrx_word' id='word_1_45' title='bbox 912 699 938 746; x_wconf 85' lang='lat' dir='ltr'>et</span> <span class='ocrx_word' id='word_1_46' title='bbox 967 689 1063 747; x_wconf 86' lang='lat' dir='ltr'>ulium</span> <span class='ocrx_word' id='word_1_47' title='bbox 1084 705 1152 765; x_wconf 79' lang='lat' dir='ltr'>urp-</span> 
     </span>
     <span class='ocr_line' id='line_1_8' title="bbox 194 767 1153 847; baseline -0.009 -12"><span class='ocrx_word' id='word_1_48' title='bbox 194 774 337 835; x_wconf 79' lang='lat' dir='ltr'>tera&#39;orum</span> <span class='ocrx_word' id='word_1_49' title='bbox 359 773 514 846; x_wconf 87' lang='lat' dir='ltr'>scripsisse</span> <span class='ocrx_word' id='word_1_50' title='bbox 534 814 539 825; x_wconf 63' lang='lat'>,</span> <span class='ocrx_word' id='word_1_51' title='bbox 573 770 658 847; x_wconf 85' lang='lat' dir='ltr'>cujus</span> <span class='ocrx_word' id='word_1_52' title='bbox 682 773 724 830; x_wconf 89' lang='lat' dir='ltr'>rei</span> <span class='ocrx_word' id='word_1_53' title='bbox 748 770 838 831; x_wconf 83' lang='lat' dir='ltr'>iidem</span> <span class='ocrx_word' id='word_1_54' title='bbox 853 770 932 829; x_wconf 80' lang='lat' dir='ltr'>iacit</span> <span class='ocrx_word' id='word_1_55' title='bbox 954 768 985 828; x_wconf 89' lang='lat' dir='ltr'>S.</span> <span class='ocrx_word' id='word_1_56' title='bbox 999 767 1153 846; x_wconf 70' lang='lat' dir='ltr'>Hierony-</span> 
     </span>
     <span class='ocr_line' id='line_1_9' title="bbox 195 848 1151 929; baseline -0.004 -15"><span class='ocrx_word' id='word_1_57' title='bbox 195 873 262 914; x_wconf 86' lang='lat' dir='ltr'>mus</span> <span class='ocrx_word' id='word_1_58' title='bbox 274 856 302 911; x_wconf 94' lang='lat' dir='ltr'>in</span> <span class='ocrx_word' id='word_1_59' title='bbox 316 853 393 911; x_wconf 90' lang='lat' dir='ltr'>libro</span> <span class='ocrx_word' id='word_1_60' title='bbox 408 852 445 912; x_wconf 92' lang='lat' dir='ltr'>de</span> <span class='ocrx_word' id='word_1_61' title='bbox 458 852 661 929; x_wconf 75' lang='lat' dir='ltr'>scriptoribus</span> <span class='ocrx_word' id='word_1_62' title='bbox 674 852 889 912; x_wconf 84' lang='lat' dir='ltr'>Ecclesiasticis</span> <span class='ocrx_word' id='word_1_63' title='bbox 902 850 976 927; x_wconf 82' lang='lat' dir='ltr'>Gap.</span> <span class='ocrx_word' id='word_1_64' title='bbox 988 850 1058 909; x_wconf 86' lang='lat'>100.</span> <span class='ocrx_word' id='word_1_65' title='bbox 1072 848 1151 910; x_wconf 88' lang='lat' dir='ltr'>Gen-</span> 
     </span>
     <span class='ocr_line' id='line_1_10' title="bbox 195 933 1152 1012; baseline -0.004 -17"><span class='ocrx_word' id='word_1_66' title='bbox 195 936 300 995; x_wconf 89' lang='lat' dir='ltr'>nadius</span> <span class='ocrx_word' id='word_1_67' title='bbox 327 933 520 993; x_wconf 87' lang='lat' dir='ltr'>Massiliensis</span> <span class='ocrx_word' id='word_1_68' title='bbox 547 936 575 992; x_wconf 93' lang='lat' dir='ltr'>iu</span> <span class='ocrx_word' id='word_1_69' title='bbox 601 934 743 1012; x_wconf 85' lang='lat' dir='ltr'>Catalogo</span> <span class='ocrx_word' id='word_1_70' title='bbox 770 935 955 1009; x_wconf 77' lang='lat' dir='ltr'>Scriptorum</span> <span class='ocrx_word' id='word_1_71' title='bbox 988 933 1152 992; x_wconf 88' lang='lat' dir='ltr'>illustrium</span> 
     </span>
     <span class='ocr_line' id='line_1_11' title="bbox 194 1011 1151 1091; baseline -0.005 -14"><span class='ocrx_word' id='word_1_72' title='bbox 194 1018 287 1078; x_wconf 89' lang='lat' dir='ltr'>tradit</span> <span class='ocrx_word' id='word_1_73' title='bbox 308 1014 475 1076; x_wconf 88' lang='lat' dir='ltr'>Voconium</span> <span class='ocrx_word' id='word_1_74' title='bbox 492 1011 651 1076; x_wconf 88' lang='lat' dir='ltr'>Castellani</span> <span class='ocrx_word' id='word_1_75' title='bbox 666 1017 826 1077; x_wconf 88' lang='lat' dir='ltr'>Mauritaui</span> <span class='ocrx_word' id='word_1_76' title='bbox 842 1014 950 1091; x_wconf 83' lang='lat' dir='ltr'>Oppidi</span> <span class='ocrx_word' id='word_1_77' title='bbox 966 1014 1151 1091; x_wconf 83' lang='lat' dir='ltr'>Episcopum</span> 
     </span>
     <span class='ocr_line' id='line_1_12' title="bbox 194 1095 1168 1175; baseline -0.004 -16"><span class='ocrx_word' id='word_1_78' title='bbox 194 1098 412 1175; x_wconf 85' lang='lat' dir='ltr'>composuisse,</span> <span class='ocrx_word' id='word_1_79' title='bbox 430 1102 550 1174; x_wconf 86' lang='lat' dir='ltr'>praeter</span> <span class='ocrx_word' id='word_1_80' title='bbox 565 1099 640 1158; x_wconf 89' lang='lat' dir='ltr'>alios</span> <span class='ocrx_word' id='word_1_81' title='bbox 657 1098 760 1157; x_wconf 89' lang='lat' dir='ltr'>libros.</span> <span class='ocrx_word' id='word_1_82' title='bbox 778 1100 869 1157; x_wconf 88' lang='lat' dir='ltr'>etiam</span> <span class='ocrx_word' id='word_1_83' title='bbox 885 1095 1168 1156; x_wconf 85' lang='lat' dir='ltr'>Sacramentorum&#39;</span> 
     </span>
     <span class='ocr_line' id='line_1_13' title="bbox 194 1178 1149 1255; baseline -0.001 -19"><span class='ocrx_word' id='word_1_84' title='bbox 194 1181 350 1255; x_wconf 88' lang='lat' dir='ltr'>egregium</span> <span class='ocrx_word' id='word_1_85' title='bbox 367 1179 519 1237; x_wconf 89' lang='lat' dir='ltr'>volumen.</span> <span class='ocrx_word' id='word_1_86' title='bbox 546 1178 627 1239; x_wconf 91' lang='lat' dir='ltr'>ldem</span> <span class='ocrx_word' id='word_1_87' title='bbox 646 1179 818 1239; x_wconf 82' lang='lat' dir='ltr'>Gennadius</span> <span class='ocrx_word' id='word_1_88' title='bbox 834 1179 973 1244; x_wconf 87' lang='lat' dir='ltr'>adstruit,</span> <span class='ocrx_word' id='word_1_89' title='bbox 991 1178 1149 1237; x_wconf 86' lang='lat' dir='ltr'>Musaeum</span> 
     </span>
     <span class='ocr_line' id='line_1_14' title="bbox 194 1257 1155 1341; baseline -0.003 -21"><span class='ocrx_word' id='word_1_90' title='bbox 194 1259 392 1323; x_wconf 86' lang='lat' dir='ltr'>Massiliensis</span> <span class='ocrx_word' id='word_1_91' title='bbox 414 1258 567 1321; x_wconf 86' lang='lat' dir='ltr'>Ecclesiae</span> <span class='ocrx_word' id='word_1_92' title='bbox 589 1260 815 1341; x_wconf 79' lang='lat' dir='ltr'>Presbyterum,</span> <span class='ocrx_word' id='word_1_93' title='bbox 839 1260 962 1319; x_wconf 88' lang='lat' dir='ltr'>hortatu</span> <span class='ocrx_word' id='word_1_94' title='bbox 975 1260 1076 1319; x_wconf 89' lang='lat' dir='ltr'>Sancti</span> <span class='ocrx_word' id='word_1_95' title='bbox 1088 1257 1155 1317; x_wconf 88' lang='lat' dir='ltr'>Ve-</span> 
     </span>
     <span class='ocr_line' id='line_1_15' title="bbox 195 1338 1150 1418; baseline -0.004 -17"><span class='ocrx_word' id='word_1_96' title='bbox 195 1342 270 1403; x_wconf 89' lang='lat' dir='ltr'>nerii</span> <span class='ocrx_word' id='word_1_97' title='bbox 295 1340 431 1418; x_wconf 81' lang='lat' dir='ltr'>Episcopi</span> <span class='ocrx_word' id='word_1_98' title='bbox 456 1343 568 1401; x_wconf 90' lang='lat' dir='ltr'>multos</span> <span class='ocrx_word' id='word_1_99' title='bbox 590 1361 730 1403; x_wconf 82' lang='lat' dir='ltr'>exarasse</span> <span class='ocrx_word' id='word_1_100' title='bbox 754 1343 866 1409; x_wconf 92' lang='lat' dir='ltr'>libros,</span> <span class='ocrx_word' id='word_1_101' title='bbox 895 1342 974 1401; x_wconf 92' lang='lat' dir='ltr'>inter</span> <span class='ocrx_word' id='word_1_102' title='bbox 997 1360 1072 1417; x_wconf 88' lang='lat' dir='ltr'>quos</span> <span class='ocrx_word' id='word_1_103' title='bbox 1095 1338 1150 1399; x_wconf 88' lang='lat' dir='ltr'>Sa-</span> 
     </span>
     <span class='ocr_line' id='line_1_16' title="bbox 194 1424 1151 1500; baseline -0.004 -17"><span class='ocrx_word' id='word_1_104' title='bbox 194 1429 419 1483; x_wconf 90' lang='lat' dir='ltr'>cramentorum</span> <span class='ocrx_word' id='word_1_105' title='bbox 443 1424 624 1499; x_wconf 81' lang='lat' dir='ltr'>egregium,</span> <span class='ocrx_word' id='word_1_106' title='bbox 658 1434 689 1486; x_wconf 91' lang='lat' dir='ltr'>et</span> <span class='ocrx_word' id='word_1_107' title='bbox 712 1444 769 1484; x_wconf 90' lang='lat' dir='ltr'>non</span> <span class='ocrx_word' id='word_1_108' title='bbox 800 1425 956 1500; x_wconf 80' lang='lat' dir='ltr'>parvulum</span> <span class='ocrx_word' id='word_1_109' title='bbox 980 1426 1151 1486; x_wconf 80' lang='lat' dir='ltr'>volumen,</span> 
     </span>
     <span class='ocr_line' id='line_1_17' title="bbox 196 1504 1152 1584; baseline -0.006 -19"><span class='ocrx_word' id='word_1_110' title='bbox 196 1506 285 1584; x_wconf 81' lang='lat' dir='ltr'>crtjus</span> <span class='ocrx_word' id='word_1_111' title='bbox 308 1504 428 1564; x_wconf 93' lang='lat' dir='ltr'>nomine</span> <span class='ocrx_word' id='word_1_112' title='bbox 453 1506 529 1565; x_wconf 85' lang='lat' dir='ltr'>liber</span> <span class='ocrx_word' id='word_1_113' title='bbox 543 1507 673 1567; x_wconf 88' lang='lat' dir='ltr'>Missalis</span> <span class='ocrx_word' id='word_1_114' title='bbox 696 1505 904 1581; x_wconf 89' lang='lat' dir='ltr'>intelligendus</span> <span class='ocrx_word' id='word_1_115' title='bbox 919 1510 975 1571; x_wconf 84' lang='lat' dir='ltr'>est,</span> <span class='ocrx_word' id='word_1_116' title='bbox 993 1511 1023 1563; x_wconf 89' lang='lat' dir='ltr'>et</span> <span class='ocrx_word' id='word_1_117' title='bbox 1037 1506 1096 1564; x_wconf 88' lang='lat' dir='ltr'>boc</span> <span class='ocrx_word' id='word_1_118' title='bbox 1113 1520 1152 1561; x_wconf 82' lang='lat' dir='ltr'>ex</span> 
     </span>
     <span class='ocr_line' id='line_1_18' title="bbox 194 1584 1153 1665; baseline -0.003 -20"><span class='ocrx_word' id='word_1_119' title='bbox 194 1588 258 1665; x_wconf 93' lang='lat' dir='ltr'>ipso</span> <span class='ocrx_word' id='word_1_120' title='bbox 281 1585 434 1646; x_wconf 89' lang='lat' dir='ltr'>Gennadio</span> <span class='ocrx_word' id='word_1_121' title='bbox 455 1590 527 1646; x_wconf 92' lang='lat' dir='ltr'>satis</span> <span class='ocrx_word' id='word_1_122' title='bbox 543 1589 706 1649; x_wconf 88' lang='lat' dir='ltr'>evincitur:</span> <span class='ocrx_word' id='word_1_123' title='bbox 731 1607 768 1647; x_wconf 85' lang='lat' dir='ltr'>ex</span> <span class='ocrx_word' id='word_1_124' title='bbox 789 1586 911 1648; x_wconf 88' lang='lat' dir='ltr'>Concilii</span> <span class='ocrx_word' id='word_1_125' title='bbox 934 1601 1054 1662; x_wconf 84' lang='lat' dir='ltr'>quoque</span> <span class='ocrx_word' id='word_1_126' title='bbox 1069 1584 1153 1643; x_wconf 83' lang='lat' dir='ltr'>llbe-</span> 
     </span>
     <span class='ocr_line' id='line_1_19' title="bbox 195 1666 1152 1745; baseline -0.005 -17"><span class='ocrx_word' id='word_1_127' title='bbox 195 1670 307 1728; x_wconf 90' lang='lat' dir='ltr'>mensis</span> <span class='ocrx_word' id='word_1_128' title='bbox 338 1669 437 1727; x_wconf 88' lang='lat' dir='ltr'>verbis</span> <span class='ocrx_word' id='word_1_129' title='bbox 462 1669 539 1727; x_wconf 91' lang='lat' dir='ltr'>idem</span> <span class='ocrx_word' id='word_1_130' title='bbox 565 1671 661 1742; x_wconf 81' lang='lat' dir='ltr'>magis</span> <span class='ocrx_word' id='word_1_131' title='bbox 683 1674 937 1728; x_wconf 84' lang='lat' dir='ltr'>commonstratur</span> <span class='ocrx_word' id='word_1_132' title='bbox 969 1670 1047 1745; x_wconf 90' lang='lat' dir='ltr'>apud</span> <span class='ocrx_word' id='word_1_133' title='bbox 1077 1666 1152 1725; x_wconf 80' lang='lat' dir='ltr'>linr-</span> 
     </span>
     <span class='ocr_line' id='line_1_20' title="bbox 195 1745 1150 1829; baseline 0.005 -21"><span class='ocrx_word' id='word_1_134' title='bbox 195 1750 342 1809; x_wconf 91' lang='lat' dir='ltr'>cbardum</span> <span class='ocrx_word' id='word_1_135' title='bbox 367 1745 432 1811; x_wconf 85' lang='lat' dir='ltr'>Lib.</span> <span class='ocrx_word' id='word_1_136' title='bbox 448 1750 490 1809; x_wconf 98' lang='lat' dir='ltr'>lll</span> <span class='ocrx_word' id='word_1_137' title='bbox 514 1750 587 1828; x_wconf 85' lang='lat' dir='ltr'>Cap.</span> <span class='ocrx_word' id='word_1_138' title='bbox 603 1751 643 1811; x_wconf 80' lang='lat'>97</span> <span class='ocrx_word' id='word_1_139' title='bbox 666 1752 715 1811; x_wconf 91' lang='lat' dir='ltr'>ubi</span> <span class='ocrx_word' id='word_1_140' title='bbox 740 1752 864 1827; x_wconf 84' lang='lat' dir='ltr'>legitur:</span> <span class='ocrx_word' id='word_1_141' title='bbox 890 1748 1022 1829; x_wconf 76' lang='lat' dir='ltr'>Enptctc</span> <span class='ocrx_word' id='word_1_142' title='bbox 1044 1747 1150 1813; x_wconf 82' lang='lat' dir='ltr'>Misso,</span> 
     </span>
     <span class='ocr_line' id='line_1_21' title="bbox 197 1830 1154 1902; baseline -0.007 -9"><span class='ocrx_word' id='word_1_143' title='bbox 197 1830 300 1893; x_wconf 78' lang='lat' dir='ltr'>Coum</span> <span class='ocrx_word' id='word_1_144' title='bbox 322 1850 390 1889; x_wconf 82' lang='lat' dir='ltr'>curu</span> <span class='ocrx_word' id='word_1_145' title='bbox 414 1830 554 1902; x_wconf 80' lang='lat' dir='ltr'>Puicuu,</span> <span class='ocrx_word' id='word_1_146' title='bbox 580 1844 605 1893; x_wconf 85' lang='lat' dir='ltr'>ct</span> <span class='ocrx_word' id='word_1_147' title='bbox 631 1830 896 1891; x_wconf 82' lang='lat' dir='ltr'>Sacramentorum</span> <span class='ocrx_word' id='word_1_148' title='bbox 919 1833 991 1890; x_wconf 81' lang='lat' dir='ltr'>liber</span> <span class='ocrx_word' id='word_1_149' title='bbox 1018 1850 1085 1889; x_wconf 84' lang='lat' dir='ltr'>cum</span> <span class='ocrx_word' id='word_1_150' title='bbox 1109 1846 1154 1888; x_wconf 86' lang='lat' dir='ltr'>cc-</span> 
     </span>
     <span class='ocr_line' id='line_1_22' title="bbox 194 1911 1151 1987; baseline -0.003 -16"><span class='ocrx_word' id='word_1_151' title='bbox 194 1914 287 1973; x_wconf 86' lang='lat' dir='ltr'>stibus</span> <span class='ocrx_word' id='word_1_152' title='bbox 308 1914 542 1973; x_wconf 82' lang='lat' dir='ltr'>sacerdotalibus</span> <span class='ocrx_word' id='word_1_153' title='bbox 564 1916 615 1973; x_wconf 84' lang='lat' dir='ltr'>sub</span> <span class='ocrx_word' id='word_1_154' title='bbox 638 1933 706 1974; x_wconf 84' lang='lat' dir='ltr'>seru</span> <span class='ocrx_word' id='word_1_155' title='bbox 727 1913 944 1973; x_wconf 81' lang='lat' dir='ltr'>reconduntur.</span> <span class='ocrx_word' id='word_1_156' title='bbox 980 1911 1151 1987; x_wconf 81' lang='lat' dir='ltr'>llocquillot</span> 
     </span>
     <span class='ocr_line' id='line_1_23' title="bbox 195 1991 1152 2073; baseline -0.002 -21"><span class='ocrx_word' id='word_1_157' title='bbox 195 1996 224 2052; x_wconf 94' lang='lat' dir='ltr'>in</span> <span class='ocrx_word' id='word_1_158' title='bbox 240 2012 295 2053; x_wconf 91' lang='lat' dir='ltr'>suo</span> <span class='ocrx_word' id='word_1_159' title='bbox 323 1991 423 2053; x_wconf 84' lang='lat' dir='ltr'>Traci.</span> <span class='ocrx_word' id='word_1_160' title='bbox 441 1994 521 2055; x_wconf 84' lang='lat' dir='ltr'>Hist.</span> <span class='ocrx_word' id='word_1_161' title='bbox 539 1993 573 2053; x_wconf 82' lang='lat' dir='ltr'>dc</span> <span class='ocrx_word' id='word_1_162' title='bbox 595 2014 671 2056; x_wconf 86' lang='lat' dir='ltr'>socr.</span> <span class='ocrx_word' id='word_1_163' title='bbox 689 1992 806 2073; x_wconf 77' lang='lat' dir='ltr'>Liturp.</span> <span class='ocrx_word' id='word_1_164' title='bbox 825 1995 890 2053; x_wconf 80' lang='lat' dir='ltr'>tib.</span> <span class='ocrx_word' id='word_1_165' title='bbox 907 1994 1009 2072; x_wconf 88' lang='lat' dir='ltr'>lCap.</span> <span class='ocrx_word' id='word_1_166' title='bbox 1022 1995 1052 2053; x_wconf 94' lang='lat' dir='ltr'>ll</span> <span class='ocrx_word' id='word_1_167' title='bbox 1067 2010 1152 2053; x_wconf 88' lang='lat' dir='ltr'>men-</span> 
     </span>
     <span class='ocr_line' id='line_1_24' title="bbox 160 2074 1148 2153; baseline -0.003 -18"><span class='ocrx_word' id='word_1_168' title='bbox 160 2112 162 2117; x_wconf 83' lang='lat'><em>.</em></span> <span class='ocrx_word' id='word_1_169' title='bbox 195 2076 305 2135; x_wconf 90' lang='lat' dir='ltr'>tionem</span> <span class='ocrx_word' id='word_1_170' title='bbox 329 2074 400 2134; x_wconf 86' lang='lat' dir='ltr'>lacit</span> <span class='ocrx_word' id='word_1_171' title='bbox 426 2076 463 2135; x_wconf 90' lang='lat' dir='ltr'>de</span> <span class='ocrx_word' id='word_1_172' title='bbox 485 2078 614 2152; x_wconf 86' lang='lat' dir='ltr'>qrrodam</span> <span class='ocrx_word' id='word_1_173' title='bbox 639 2077 750 2136; x_wconf 89' lang='lat' dir='ltr'>Missali</span> <span class='ocrx_word' id='word_1_174' title='bbox 772 2097 788 2136; x_wconf 92' lang='lat' dir='ltr'>a</span> <span class='ocrx_word' id='word_1_175' title='bbox 812 2076 931 2136; x_wconf 90' lang='lat' dir='ltr'>Sidonio</span> <span class='ocrx_word' id='word_1_176' title='bbox 954 2078 1148 2153; x_wconf 89' lang='lat' dir='ltr'>composito,</span> 
     </span>
     <span class='ocr_line' id='line_1_25' title="bbox 195 2156 942 2235; baseline 0 -20"><span class='ocrx_word' id='word_1_177' title='bbox 195 2156 238 2215; x_wconf 91' lang='lat' dir='ltr'>tui</span> <span class='ocrx_word' id='word_1_178' title='bbox 262 2158 325 2232; x_wconf 89' lang='lat' dir='ltr'>ipse</span> <span class='ocrx_word' id='word_1_179' title='bbox 347 2159 750 2235; x_wconf 82' lang='lat' dir='ltr'>qrramdampraciationem</span> <span class='ocrx_word' id='word_1_180' title='bbox 780 2157 942 2235; x_wconf 87' lang='lat' dir='ltr'>adjecerat.</span> 
     </span>
    </p>

    <p class='ocr_par' dir='ltr' id='par_1_3' title="bbox 195 2236 1181 3627">
     <span class='ocr_line' id='line_1_26' title="bbox 237 2236 1148 2313; baseline -0.001 -18"><span class='ocrx_word' id='word_1_181' title='bbox 237 2236 276 2298; x_wconf 93' lang='lat' dir='ltr'>ll.</span> <span class='ocrx_word' id='word_1_182' title='bbox 304 2236 469 2313; x_wconf 80' lang='lat' dir='ltr'>liturgiam</span> <span class='ocrx_word' id='word_1_183' title='bbox 485 2238 671 2299; x_wconf 87' lang='lat' dir='ltr'>Gallicanam</span> <span class='ocrx_word' id='word_1_184' title='bbox 695 2259 711 2299; x_wconf 89' lang='lat' dir='ltr'>a</span> <span class='ocrx_word' id='word_1_185' title='bbox 727 2242 859 2299; x_wconf 85' lang='lat' dir='ltr'>Romana</span> <span class='ocrx_word' id='word_1_186' title='bbox 876 2238 968 2299; x_wconf 88' lang='lat' dir='ltr'>luisse</span> <span class='ocrx_word' id='word_1_187' title='bbox 983 2240 1148 2306; x_wconf 87' lang='lat' dir='ltr'>diversam,</span> 
     </span>
     <span class='ocr_line' id='line_1_27' title="bbox 197 2319 1153 2399; baseline 0 -22"><span class='ocrx_word' id='word_1_188' title='bbox 197 2334 286 2378; x_wconf 89' lang='lat' dir='ltr'>neruo</span> <span class='ocrx_word' id='word_1_189' title='bbox 310 2325 366 2387; x_wconf 89' lang='lat' dir='ltr'>est,</span> <span class='ocrx_word' id='word_1_190' title='bbox 393 2322 442 2395; x_wconf 83' lang='lat' dir='ltr'>qui</span> <span class='ocrx_word' id='word_1_191' title='bbox 465 2322 636 2381; x_wconf 90' lang='lat' dir='ltr'>indubium</span> <span class='ocrx_word' id='word_1_192' title='bbox 658 2340 803 2382; x_wconf 86' lang='lat' dir='ltr'>revocare</span> <span class='ocrx_word' id='word_1_193' title='bbox 825 2321 939 2399; x_wconf 87' lang='lat' dir='ltr'>possit:</span> <span class='ocrx_word' id='word_1_194' title='bbox 962 2322 1040 2381; x_wconf 89' lang='lat' dir='ltr'>sicut</span> <span class='ocrx_word' id='word_1_195' title='bbox 1061 2319 1153 2378; x_wconf 86' lang='lat' dir='ltr'>etiarn</span> 
     </span>
     <span class='ocr_line' id='line_1_28' title="bbox 198 2398 1152 2481; baseline 0 -22"><span class='ocrx_word' id='word_1_196' title='bbox 198 2402 471 2481; x_wconf 86' lang='lat' dir='ltr'>exploratissimum</span> <span class='ocrx_word' id='word_1_197' title='bbox 496 2411 542 2463; x_wconf 91' lang='lat' dir='ltr'>est</span> <span class='ocrx_word' id='word_1_198' title='bbox 555 2411 673 2465; x_wconf 85' lang='lat' dir='ltr'>veteres</span> <span class='ocrx_word' id='word_1_199' title='bbox 696 2404 856 2480; x_wconf 87' lang='lat' dir='ltr'>Liturgias,</span> <span class='ocrx_word' id='word_1_200' title='bbox 874 2407 906 2463; x_wconf 89' lang='lat' dir='ltr'>et</span> <span class='ocrx_word' id='word_1_201' title='bbox 926 2405 1008 2462; x_wconf 85' lang='lat' dir='ltr'>Ritus</span> <span class='ocrx_word' id='word_1_202' title='bbox 1031 2404 1058 2460; x_wconf 92' lang='lat' dir='ltr'>in</span> <span class='ocrx_word' id='word_1_203' title='bbox 1079 2398 1152 2459; x_wconf 90' lang='lat' dir='ltr'>Gal-</span> 
     </span>
     <span class='ocr_line' id='line_1_29' title="bbox 197 2481 1150 2563; baseline 0.001 -24"><span class='ocrx_word' id='word_1_204' title='bbox 197 2482 302 2541; x_wconf 85' lang='lat' dir='ltr'>licanis</span> <span class='ocrx_word' id='word_1_205' title='bbox 318 2481 462 2545; x_wconf 89' lang='lat' dir='ltr'>Ecclesiis</span> <span class='ocrx_word' id='word_1_206' title='bbox 477 2486 647 2563; x_wconf 84' lang='lat' dir='ltr'>abrogatos.</span> <span class='ocrx_word' id='word_1_207' title='bbox 665 2492 695 2545; x_wconf 88' lang='lat' dir='ltr'>et</span> <span class='ocrx_word' id='word_1_208' title='bbox 709 2485 860 2545; x_wconf 88' lang='lat' dir='ltr'>Romanos</span> <span class='ocrx_word' id='word_1_209' title='bbox 876 2487 942 2544; x_wconf 90' lang='lat' dir='ltr'>loco</span> <span class='ocrx_word' id='word_1_210' title='bbox 964 2486 1091 2545; x_wconf 82' lang='lat' dir='ltr'>illorum</span> <span class='ocrx_word' id='word_1_211' title='bbox 1108 2484 1150 2541; x_wconf 87' lang='lat' dir='ltr'>in-</span> 
     </span>
     <span class='ocr_line' id='line_1_30' title="bbox 197 2564 1153 2642; baseline -0.002 -19"><span class='ocrx_word' id='word_1_212' title='bbox 197 2566 352 2624; x_wconf 92' lang='lat' dir='ltr'>troductos</span> <span class='ocrx_word' id='word_1_213' title='bbox 375 2564 465 2626; x_wconf 88' lang='lat' dir='ltr'>luisse</span> <span class='ocrx_word' id='word_1_214' title='bbox 488 2574 556 2628; x_wconf 89' lang='lat' dir='ltr'>ante</span> <span class='ocrx_word' id='word_1_215' title='bbox 580 2586 689 2627; x_wconf 87' lang='lat' dir='ltr'>aunum</span> <span class='ocrx_word' id='word_1_216' title='bbox 715 2567 782 2627; x_wconf 89' lang='lat' dir='ltr'>lesu</span> <span class='ocrx_word' id='word_1_217' title='bbox 804 2565 917 2627; x_wconf 85' lang='lat' dir='ltr'>Cbristi</span> <span class='ocrx_word' id='word_1_218' title='bbox 945 2564 1153 2642; x_wconf 86' lang='lat' dir='ltr'>octingentesi-</span> 
     </span>
     <span class='ocr_line' id='line_1_31' title="bbox 196 2644 1153 2727; baseline 0.003 -24"><span class='ocrx_word' id='word_1_219' title='bbox 196 2662 302 2717; x_wconf 91' lang='lat' dir='ltr'>mum,</span> <span class='ocrx_word' id='word_1_220' title='bbox 327 2644 433 2707; x_wconf 87' lang='lat' dir='ltr'>Carolo</span> <span class='ocrx_word' id='word_1_221' title='bbox 457 2650 564 2723; x_wconf 85' lang='lat' dir='ltr'>Magno</span> <span class='ocrx_word' id='word_1_222' title='bbox 589 2652 617 2707; x_wconf 94' lang='lat' dir='ltr'>in</span> <span class='ocrx_word' id='word_1_223' title='bbox 641 2648 734 2709; x_wconf 88' lang='lat' dir='ltr'>Gallis</span> <span class='ocrx_word' id='word_1_224' title='bbox 756 2650 942 2727; x_wconf 87' lang='lat' dir='ltr'>imperante,</span> <span class='ocrx_word' id='word_1_225' title='bbox 977 2650 1027 2725; x_wconf 88' lang='lat' dir='ltr'>qui</span> <span class='ocrx_word' id='word_1_226' title='bbox 1049 2647 1153 2707; x_wconf 88' lang='lat' dir='ltr'>Sancti</span> 
     </span>
     <span class='ocr_line' id='line_1_32' title="bbox 196 2722 1153 2804; baseline 0.003 -20"><span class='ocrx_word' id='word_1_227' title='bbox 196 2722 332 2804; x_wconf 84' lang='lat' dir='ltr'>Gregorii</span> <span class='ocrx_word' id='word_1_228' title='bbox 351 2728 626 2791; x_wconf 74' lang='lat' dir='ltr'>sacramentarium</span> <span class='ocrx_word' id='word_1_229' title='bbox 651 2748 667 2788; x_wconf 92' lang='lat' dir='ltr'>a</span> <span class='ocrx_word' id='word_1_230' title='bbox 682 2729 816 2789; x_wconf 88' lang='lat' dir='ltr'>Romana</span> <span class='ocrx_word' id='word_1_231' title='bbox 832 2729 966 2789; x_wconf 89' lang='lat' dir='ltr'>Ecclesia</span> <span class='ocrx_word' id='word_1_232' title='bbox 982 2729 1153 2789; x_wconf 85' lang='lat' dir='ltr'>adhibitum</span> 
     </span>
     <span class='ocr_line' id='line_1_33' title="bbox 198 2809 1155 2889; baseline 0 -22"><span class='ocrx_word' id='word_1_233' title='bbox 198 2810 313 2886; x_wconf 88' lang='lat' dir='ltr'>recepit</span> <span class='ocrx_word' id='word_1_234' title='bbox 334 2811 374 2870; x_wconf 92' lang='lat' dir='ltr'>ab</span> <span class='ocrx_word' id='word_1_235' title='bbox 393 2809 547 2871; x_wconf 84' lang='lat' dir='ltr'>Hadriano</span> <span class='ocrx_word' id='word_1_236' title='bbox 571 2810 626 2870; x_wconf 83' lang='lat' dir='ltr'>PP.</span> <span class='ocrx_word' id='word_1_237' title='bbox 651 2818 683 2871; x_wconf 90' lang='lat' dir='ltr'>et</span> <span class='ocrx_word' id='word_1_238' title='bbox 706 2815 923 2889; x_wconf 86' lang='lat' dir='ltr'>praescriptum</span> <span class='ocrx_word' id='word_1_239' title='bbox 947 2813 1022 2883; x_wconf 85' lang='lat' dir='ltr'>luit,</span> <span class='ocrx_word' id='word_1_240' title='bbox 1061 2818 1094 2871; x_wconf 92' lang='lat' dir='ltr'>ut</span> <span class='ocrx_word' id='word_1_241' title='bbox 1123 2811 1155 2868; x_wconf 94' lang='lat' dir='ltr'>in</span> 
     </span>
     <span class='ocr_line' id='line_1_34' title="bbox 199 2891 1155 2965; baseline 0.001 -16"><span class='ocrx_word' id='word_1_242' title='bbox 199 2897 354 2965; x_wconf 90' lang='lat' dir='ltr'>posterum</span> <span class='ocrx_word' id='word_1_243' title='bbox 378 2891 552 2954; x_wconf 86' lang='lat' dir='ltr'>Gallicanae</span> <span class='ocrx_word' id='word_1_244' title='bbox 574 2892 731 2956; x_wconf 86' lang='lat' dir='ltr'>Ecclesiae</span> <span class='ocrx_word' id='word_1_245' title='bbox 752 2895 857 2953; x_wconf 88' lang='lat' dir='ltr'>ordine</span> <span class='ocrx_word' id='word_1_246' title='bbox 878 2894 1013 2953; x_wconf 84' lang='lat' dir='ltr'>Romano</span> <span class='ocrx_word' id='word_1_247' title='bbox 1036 2899 1155 2953; x_wconf 88' lang='lat' dir='ltr'>uteren-</span> 
     </span>
     <span class='ocr_line' id='line_1_35' title="bbox 196 2974 1154 3054; baseline 0 -23"><span class='ocrx_word' id='word_1_248' title='bbox 196 2976 247 3031; x_wconf 88' lang='lat' dir='ltr'>tur</span> <span class='ocrx_word' id='word_1_249' title='bbox 270 2974 299 3030; x_wconf 94' lang='lat' dir='ltr'>in</span> <span class='ocrx_word' id='word_1_250' title='bbox 316 2974 500 3034; x_wconf 88' lang='lat' dir='ltr'>celebrandis</span> <span class='ocrx_word' id='word_1_251' title='bbox 523 2976 639 3035; x_wconf 88' lang='lat' dir='ltr'>Divinis</span> <span class='ocrx_word' id='word_1_252' title='bbox 661 2974 831 3054; x_wconf 83' lang='lat' dir='ltr'>Mysteriis:</span> <span class='ocrx_word' id='word_1_253' title='bbox 855 2983 886 3035; x_wconf 90' lang='lat' dir='ltr'>et</span> <span class='ocrx_word' id='word_1_254' title='bbox 908 2976 984 3035; x_wconf 91' lang='lat' dir='ltr'>baec</span> <span class='ocrx_word' id='word_1_255' title='bbox 998 2974 1154 3051; x_wconf 78' lang='lat' dir='ltr'>liturgiae</span> 
     </span>
     <span class='ocr_line' id='line_1_36' title="bbox 197 3049 1155 3117; baseline 0.002 -6"><span class='ocrx_word' id='word_1_256' title='bbox 197 3049 370 3113; x_wconf 89' lang='lat' dir='ltr'>Gallicanae</span> <span class='ocrx_word' id='word_1_257' title='bbox 393 3056 421 3113; x_wconf 92' lang='lat' dir='ltr'>iu</span> <span class='ocrx_word' id='word_1_258' title='bbox 438 3054 603 3115; x_wconf 83' lang='lat' dir='ltr'>Romanam</span> <span class='ocrx_word' id='word_1_259' title='bbox 630 3060 755 3115; x_wconf 87' lang='lat' dir='ltr'>mutatio</span> <span class='ocrx_word' id='word_1_260' title='bbox 777 3062 857 3117; x_wconf 87' lang='lat' dir='ltr'>tanta</span> <span class='ocrx_word' id='word_1_261' title='bbox 872 3058 1066 3117; x_wconf 89' lang='lat' dir='ltr'>consensione</span> <span class='ocrx_word' id='word_1_262' title='bbox 1089 3056 1155 3115; x_wconf 93' lang='lat' dir='ltr'>uui-</span> 
     </span>
     <span class='ocr_line' id='line_1_37' title="bbox 195 3134 1181 3219; baseline 0.003 -26"><span class='ocrx_word' id='word_1_263' title='bbox 195 3151 303 3194; x_wconf 82' lang='lat' dir='ltr'>versae</span> <span class='ocrx_word' id='word_1_264' title='bbox 326 3134 440 3196; x_wconf 91' lang='lat' dir='ltr'>Galliae</span> <span class='ocrx_word' id='word_1_265' title='bbox 463 3138 666 3197; x_wconf 88' lang='lat' dir='ltr'>Ecclesiarum</span> <span class='ocrx_word' id='word_1_266' title='bbox 690 3136 767 3197; x_wconf 86' lang='lat' dir='ltr'>lacta</span> <span class='ocrx_word' id='word_1_267' title='bbox 789 3143 853 3206; x_wconf 87' lang='lat' dir='ltr'>est,</span> <span class='ocrx_word' id='word_1_268' title='bbox 878 3144 913 3198; x_wconf 93' lang='lat' dir='ltr'>ut</span> <span class='ocrx_word' id='word_1_269' title='bbox 933 3142 1076 3215; x_wconf 89' lang='lat' dir='ltr'>regnante</span> <span class='ocrx_word' id='word_1_270' title='bbox 1097 3135 1181 3219; x_wconf 47' lang='lat' dir='ltr'>Cag</span> 
     </span>
     <span class='ocr_line' id='line_1_38' title="bbox 196 3215 1155 3297; baseline 0.004 -24"><span class='ocrx_word' id='word_1_271' title='bbox 196 3215 263 3275; x_wconf 92' lang='lat' dir='ltr'>rolo</span> <span class='ocrx_word' id='word_1_272' title='bbox 285 3215 376 3278; x_wconf 84' lang='lat' dir='ltr'>Calvo</span> <span class='ocrx_word' id='word_1_273' title='bbox 399 3218 525 3293; x_wconf 85' lang='lat' dir='ltr'>praelati</span> <span class='ocrx_word' id='word_1_274' title='bbox 547 3219 649 3297; x_wconf 87' lang='lat' dir='ltr'>Magni</span> <span class='ocrx_word' id='word_1_275' title='bbox 672 3228 790 3296; x_wconf 88' lang='lat' dir='ltr'>nepote,</span> <span class='ocrx_word' id='word_1_276' title='bbox 814 3220 984 3295; x_wconf 88' lang='lat' dir='ltr'>Liturgiae,</span> <span class='ocrx_word' id='word_1_277' title='bbox 1009 3227 1040 3280; x_wconf 92' lang='lat' dir='ltr'>et</span> <span class='ocrx_word' id='word_1_278' title='bbox 1061 3216 1155 3278; x_wconf 90' lang='lat' dir='ltr'>Galli-</span> 
     </span>
     <span class='ocr_line' id='line_1_39' title="bbox 197 3296 1157 3376; baseline 0.005 -20"><span class='ocrx_word' id='word_1_279' title='bbox 197 3314 341 3357; x_wconf 88' lang='lat' dir='ltr'>canorum</span> <span class='ocrx_word' id='word_1_280' title='bbox 366 3296 491 3361; x_wconf 82' lang='lat' dir='ltr'>Ritnum</span> <span class='ocrx_word' id='word_1_281' title='bbox 508 3302 612 3361; x_wconf 87' lang='lat' dir='ltr'>notitia</span> <span class='ocrx_word' id='word_1_282' title='bbox 636 3301 753 3376; x_wconf 89' lang='lat' dir='ltr'>penitus</span> <span class='ocrx_word' id='word_1_283' title='bbox 775 3303 804 3360; x_wconf 94' lang='lat' dir='ltr'>in</span> <span class='ocrx_word' id='word_1_284' title='bbox 827 3302 961 3362; x_wconf 92' lang='lat' dir='ltr'>omnium</span> <span class='ocrx_word' id='word_1_285' title='bbox 978 3306 1080 3361; x_wconf 87' lang='lat' dir='ltr'>mente</span> <span class='ocrx_word' id='word_1_286' title='bbox 1102 3298 1157 3361; x_wconf 92' lang='lat' dir='ltr'>dc-</span> 
     </span>
     <span class='ocr_line' id='line_1_40' title="bbox 198 3378 1155 3460; baseline 0.006 -23"><span class='ocrx_word' id='word_1_287' title='bbox 198 3378 258 3438; x_wconf 77' lang='lat' dir='ltr'>lets</span> <span class='ocrx_word' id='word_1_288' title='bbox 281 3386 371 3441; x_wconf 87' lang='lat' dir='ltr'>esset.</span> <span class='ocrx_word' id='word_1_289' title='bbox 397 3378 441 3441; x_wconf 88' lang='lat' dir='ltr'>De</span> <span class='ocrx_word' id='word_1_290' title='bbox 457 3382 600 3460; x_wconf 84' lang='lat' dir='ltr'>praelatis</span> <span class='ocrx_word' id='word_1_291' title='bbox 615 3382 777 3443; x_wconf 81' lang='lat' dir='ltr'>Gallicanis</span> <span class='ocrx_word' id='word_1_292' title='bbox 792 3382 934 3457; x_wconf 80' lang='lat' dir='ltr'>Liturgiis</span> <span class='ocrx_word' id='word_1_293' title='bbox 950 3385 1022 3443; x_wconf 88' lang='lat' dir='ltr'>satis</span> <span class='ocrx_word' id='word_1_294' title='bbox 1035 3380 1155 3443; x_wconf 88' lang='lat' dir='ltr'>erudite</span> 
     </span>
     <span class='ocr_line' id='line_1_41' title="bbox 199 3462 1154 3541; baseline 0.005 -22"><span class='ocrx_word' id='word_1_295' title='bbox 199 3464 308 3520; x_wconf 81' lang='lat' dir='ltr'>tractat</span> <span class='ocrx_word' id='word_1_296' title='bbox 330 3462 484 3530; x_wconf 83' lang='lat' dir='ltr'>Mabillon,</span> <span class='ocrx_word' id='word_1_297' title='bbox 508 3466 538 3522; x_wconf 91' lang='lat' dir='ltr'>in</span> <span class='ocrx_word' id='word_1_298' title='bbox 560 3480 616 3523; x_wconf 84' lang='lat' dir='ltr'>suo</span> <span class='ocrx_word' id='word_1_299' title='bbox 635 3478 729 3539; x_wconf 79' lang='lat' dir='ltr'>opere</span> <span class='ocrx_word' id='word_1_300' title='bbox 749 3466 787 3525; x_wconf 91' lang='lat' dir='ltr'>de</span> <span class='ocrx_word' id='word_1_301' title='bbox 812 3462 972 3526; x_wconf 74' lang='lat' dir='ltr'>Gallicano</span> <span class='ocrx_word' id='word_1_302' title='bbox 994 3463 1154 3541; x_wconf 74' lang='lat' dir='ltr'>Litrtrpiu3</span> 
     </span>
     <span class='ocr_line' id='line_1_42' title="bbox 199 3536 1153 3627; baseline 0.004 -28"><span class='ocrx_word' id='word_1_303' title='bbox 199 3536 365 3603; x_wconf 83' lang='lat' dir='ltr'>Gurdinalis</span> <span class='ocrx_word' id='word_1_304' title='bbox 388 3542 479 3613; x_wconf 86' lang='lat' dir='ltr'>Bona,</span> <span class='ocrx_word' id='word_1_305' title='bbox 498 3545 563 3605; x_wconf 83' lang='lat' dir='ltr'>Lib.</span> <span class='ocrx_word' id='word_1_306' title='bbox 578 3542 613 3603; x_wconf 82' lang='lat' dir='ltr'>dc</span> <span class='ocrx_word' id='word_1_307' title='bbox 628 3543 727 3605; x_wconf 83' lang='lat' dir='ltr'>lictus</span> <span class='ocrx_word' id='word_1_308' title='bbox 750 3546 912 3627; x_wconf 69' lang='lat' dir='ltr'>liturgicis</span> <span class='ocrx_word' id='word_1_309' title='bbox 925 3542 998 3623; x_wconf 83' lang='lat' dir='ltr'>Cap.</span> <span class='ocrx_word' id='word_1_310' title='bbox 1015 3541 1056 3612; x_wconf 77' lang='lat' dir='ltr'>lb</span> <span class='ocrx_word' id='word_1_311' title='bbox 1067 3544 1153 3605; x_wconf 73' lang='lat' dir='ltr'>&#39;llar-</span> 
     </span>
    </p>
   </div>
   <div class='ocr_carea' id='block_1_3' title="bbox 0 0 1268 4059">
    <p class='ocr_par' dir='ltr' id='par_1_4' title="bbox 0 0 1268 4059">
     <span class='ocr_line' id='line_1_43' title="bbox 0 0 1268 4059; baseline 0 0"><span class='ocrx_word' id='word_1_312' title='bbox 0 0 1268 4059; x_wconf 95' lang='lat' dir='ltr'> </span> 
     </span>
    </p>
   </div>
  </div>
 </body>
</html>
