2517 4059
583 164 644 228 so
665 126 791 224 ssess-

209 288 260 347 tia.
277 284 431 347 lnculcant
452 291 482 346 et
498 285 594 361 ipsam
608 283 792 362 disciplinam
807 284 1007 361 poenitentiae
1023 286 1160 363 publicae

208 387 263 447 pro
285 367 408 447 publicis
430 367 604 428 criminibus
627 365 824 443 imponendae
845 365 948 427 Patres
962 365 1164 428 ConciliiTri·

207 450 331 516 dontiui,
355 450 492 510 Sessione
514 447 621 511 XXIV
645 450 689 509 De
714 446 954 526 Reformotionc‚
978 448 1051 529 Cap.
1075 448 1162 511 Vlll.

207 532 329 594 Praxi'm
351 532 550 609 disciplinae,
574 533 612 593 de
634 547 694 609 qua
716 548 768 590 uos
790 532 929 609 agimus,
964 532 1074 607 passim
1097 537 1164 609 post

209 614 418 675 Tridentinum
441 613 532 675 luisse
556 618 588 674 ci
608 615 639 673 in
654 613 721 673 aliis
742 620 808 674 tum
830 611 1074 681 Provincialibus,
1098 621 1164 674 tum

209 696 399 757 Dioecesauis
415 693 554 757 Consiliis
576 694 756 773 injunctam,
778 696 868 755 docet
888 692 1031 756 lueninus
1054 696 1083 754 in
1100 693 1166 757 Dis·

209 779 372 838 sectatione
395 776 438 837 Vl
459 776 503 840 De
525 779 721 856 poenitentia,
744 778 848 838 etalii
869 777 950 838 docti
971 777 1040 837 viri.

249 858 306 920 lll.
323 857 421 937 Caput
439 857 558 937 jejunii,
575 864 609 921 ui
623 859 765 924 diximus,
785 859 935 938 appellata
956 857 1012 919 iuit
1028 858 1105 919 feria
1120 855 1165 921 lv

209 938 362 1005 Cinerum.
378 940 566 1003 Poenitentes
588 960 625 1003 eo
647 942 696 1001 die
711 941 850 1002 debuisse
866 941 902 999 ad
914 939 1080 1001 Ecclesiam
1095 958 1167 1018 per·

209 1042 291 1103 gero,
305 1029 396 1102 atque
413 1024 521 1084 vilibus
537 1024 656 1085 indutos
668 1023 813 1092 vestibus,
828 1023 916 1086 nudis
931 1024 1054 1100 pedibus
1075 1021 1167 1083 vulti-

210 1104 325 1183 busque
341 1108 370 1165 in
386 1111 499 1166 terram
521 1104 670 1173 demissis,
682 1106 844 1184 Episcopo,
861 1106 909 1166 vel
925 1104 992 1184 ejus
1006 1105 1166 1167 Poeniten·

209 1188 298 1249 tiario
310 1206 341 1247 se
353 1189 381 1246 in
390 1186 549 1248 Ecclesiae¹
557 1186 670 1248 loribus
683 1193 884 1261 praesentare,
892 1187 1000 1247 docent
1011 1188 1102 1263 prisci
1113 1204 1167 1249 au·

210 1276 308 1330 cinnes
322 1276 353 1330 et
367 1270 479 1346 antiqui
493 1268 573 1331 Libri
585 1267 783 1329 Pontificales.
793 1269 878 1343 Quod
891 1270 1102 1361 poenitentiam
1114 1287 1168 1346 pu·

209 1350 317 1411 blicam
331 1356 361 1411 et
372 1352 538 1412 solemnem
548 1357 672 1429 agentes
684 1369 742 1411 non
753 1351 852 1412 solum
866 1369 936 1411 cum
949 1352 1167 1428 poenitentiam

209 1432 412 1510 postularent,
435 1434 487 1493 sed
510 1440 570 1495 toto
592 1433 674 1505 illius
695 1434 884 1511 peragendae
905 1434 1057 1504 decursu,
1081 1452 1166 1493 sum-

209 1514 322 1592 ptuosis
337 1515 477 1591 depositis
491 1516 637 1583 restibus,
655 1513 798 1591 lugubres
813 1519 1012 1584 assumerent,
1030 1534 1168 1576 saccum·

209 1613 269 1672 que
292 1596 460 1663 induerent,
483 1614 518 1657 ao
539 1597 625 1657 vultu
649 1597 685 1655 ad
709 1603 821 1658 terram
843 1598 983 1664 demisso,
1012 1598 1099 1658 nudis
1121 1598 1168 1657 in-

209 1678 350 1739 cederent
371 1679 521 1754 pedibus,
545 1676 819 1754 praeclarissimum
850 1678 1054 1740 testimonium
1077 1679 1169 1741 alieri

208 1759 241 1821 S.
265 1758 470 1840 Hieronymus
503 1761 533 1820 in
553 1757 688 1838 Epistola
719 1760 756 1821 ad
777 1759 945 1821 Oceanum.
970 1760 1069 1822 Multa
1089 1766 1167 1823 sunt

209 1842 239 1902 in
261 1860 298 1905 ea
319 1840 464 1920 Epistola,
488 1859 566 1920 quae
581 1849 716 1903 veterem
739 1844 938 1921 poenitentiae
958 1844 1049 1903 etiam
1072 1842 1168 1905 aNo·

209 1924 321 1985 bilibus
344 1931 481 2002 peractae
504 1924 691 2003 disciplinam
713 1929 859 2002 spectant.
883 1924 1041 1986 Mutabant
1061 1925 1166 2003 itnque

209 2012 320 2074 vestes,
344 2009 395 2083 qui
409 2008 557 2083 publicam
574 2004 787 2084 poenitentiam
802 2006 1014 2083 suscipiebant,
1038 2004 1167 2084 ejusque

209 2087 385 2164 disciplinae
406 2089 480 2148 adeo
495 2094 614 2149 tenaces
629 2090 744 2165 antiqui
766 2087 871 2149 Patres
893 2088 1026 2155 inerunt,
1050 2094 1167 2165 utpoe-

210 2168 366 2229 nitentiam
389 2171 483 2246 ipsam
507 2169 723 2247 postulantibus
744 2172 866 2231 minime
888 2172 1086 2246 imponerent,
1110 2170 1168 2230 nisi

210 2251 291 2328 prius
314 2252 430 2311 crinem
453 2253 612 2313 tonderent
633 2270 668 2311 ac
690 2259 789 2312 restes
811 2259 972 2313 mutarent.
990 2249 1120 2314 Cautum
1135 2252 1167 2312 id

208 2333 331 2409 quidem
354 2333 411 2393 luit
432 2352 469 2394 ex
493 2334 628 2411 plurimis
651 2333 799 2411 Synodis‚
833 2337 1008 2411 praesertim
1032 2352 1104 2393 vero
1127 2352 1168 2395 ex
1250 2399 1251 2418 χ

209 2413 375 2491 Agathensi
397 2417 465 2475 anni
487 2416 542 2477 DV
564 2413 638 2476 Can.
660 2414 733 2477 XV.
756 2414 848 2476 Nudis
872 2417 1017 2494 pedibus,
1040 2421 1072 2476 et
1099 2414 1168 2477 vul·
1250 2443 1251 2466 ,

211 2497 291 2559 tibus
313 2497 350 2556 ad
374 2503 486 2558 terram
509 2499 645 2560 demissis
666 2499 871 2574 comparuisse
886 2497 952 2575 jam
968 2498 1040 2558 olim
1062 2499 1166 2576 poeni·

210 2584 322 2646 tentes,
346 2597 450 2639 omnes
480 2598 555 2657 pene
582 2579 665 2639 Libri
687 2581 882 2657 manuscripti
905 2578 1089 2640 Pontificales
1111 2598 1167 2640 nos

209 2659 325 2721 docent.
351 2659 419 2721 Fuit
440 2667 471 2723 et
494 2663 543 2723 illo
562 2662 625 2741 jam
646 2661 720 2739 olim
742 2680 817 2729 mos,
841 2667 874 2723 ut
893 2661 1082 2725 Poenitentes
1104 2671 1166 2723 non
1249 2685 1250 2690 ¹

210 2744 315 2813 modo,
341 2744 393 2803 ubi
417 2744 499 2805 initio
521 2745 776 2823 Quadragesimae
798 2744 946 2822 Episcopo
968 2763 1001 2805 se
1023 2762 1166 2821 praesen·
1249 2737 1250 2814 l

210 2824 323 2895 tabant,
349 2826 434 2885 nudis
456 2827 582 2904 pedibus
604 2826 753 2896 adessent,
776 2827 994 2887 verumetiam
1017 2827 1047 2887 in
1062 2828 1167 2904 poeni·

212 2910 335 2969 tentiam
359 2908 484 2985 pedibus
507 2908 594 2971 nudis
616 2910 698 2969 circa
719 2907 867 2970 Ecclesias
888 2910 1061 2970 circuirent.
1249 2911 1250 2922 ¹

250 2988 304 3051 lV.
329 2991 406 3051 lllud
422 3009 499 3052 nuno
521 2991 761 3069 investigandum
783 2994 840 3055 est,
864 2992 1002 3065 quisnam
1019 2991 1090 3051 olim
1112 2991 1162 3053 da-

209 3076 256 3133 ret
268 3073 493 3150 poenitentiam;
512 3071 678 3152 Episcopus
694 3090 743 3139 uo,
760 3090 797 3132 an
813 3088 886 3131 vero
903 3070 1061 3133 Sacerdos‘.l
1075 3072 1165 3137 Certe

208 3153 233 3227 si
248 3154 416 3228 pristinam,
433 3156 616 3231 disciplinam
641 3155 843 3231 inspiciamus,
860 3153 931 3215 daro
951 3156 1165 3231 poenitentiam
1248 3221 1249 3228 χ

208 3234 246 3295 ad
267 3234 449 3313 Episcopum
475 3239 547 3298 olim
569 3238 736 3315 pertinuit:
772 3236 862 3312 idque
895 3243 1019 3298 cautum
1050 3244 1097 3298 est
1126 3256 1166 3299 ex
1248 3241 1249 3316 s

207 3316 299 3377 variis
321 3316 498 3384 Canonibus,
524 3320 573 3391 uti
582 3319 646 3379 iuse
668 3318 774 3395 probat
796 3318 921 3379 loannes
942 3318 1044 3378 Dartis
1065 3320 1095 3379 in
1107 3337 1163 3380 suo
1248 3321 1249 3378 1

208 3398 253 3459 lle
276 3397 431 3461 canonica
451 3400 621 3479 Disciplina
644 3400 972 3476 circumsedentium,
997 3399 1163 3477 Opnsculo,

209 3477 283 3557 Cap.
292 3479 414 3543 XXVI.
427 3483 469 3543 At
483 3468 619 3560 quambis
641 3481 713 3543 olim
726 3481 891 3561 Episcopus
905 3483 969 3561 ipse
984 3480 1163 3545 Dioeceseos

209 3579 281 3624 suae
303 3564 449 3643 generalis
471 3571 550 3629 esset
571 3564 831 3635 poenitentiarius,
852 3566 890 3626 ad
912 3582 1043 3643 eumque
1064 3567 1163 3629 solum
