2517 4059
457 202 682 274 *5183OEss-

104 334 181 393 tasia
202 340 288 391 eaeot
323 348 342 390 a
364 331 396 393 S.
419 330 605 407 Hadriano,
629 342 657 392 et
685 331 726 390 ad
748 328 1047 409 Sanctamffliarianr
1151 356 1154 363 ·

101 415 221 493 papales
241 422 395 483 accurrat·
409 420 443 474 ut
457 415 584 475 habetur
608 416 637 473 in
655 412 745 473 Libro
768 412 945 473 Pontificali.
963 414 1053 473 Prae-

106 503 178 555 terea
207 495 237 552 in
259 496 354 555 veteri
376 492 579 557 Occidentalis
615 493 769 556 Ecclesiae
803 494 1051 573 Martyralogia‚

102 576 174 651 quad
197 575 281 636 &da
300 576 499 644 Cassiadaro‚
529 577 640 653 aliique
663 576 765 654 plures
787 572 977 656 Hieronymo
1001 576 1054 635 tri-

102 657 203 726 luunt,
226 657 380 734 ediditque
397 656 598 720 Florentinius
616 702 624 729 ‚
649 658 686 717 ad
701 658 781 717 diem
797 656 838 717 '25
855 658 954 719 Martii
978 657 1053 718 haec

100 738 234 799 adnotata
264 742 482 816 reperiuntur:
514 745 550 799 ln
572 740 713 803 Galilaea
742 739 868 801 Civitate
898 736 1052 799 Nazareth

102 817 293 879 adnuntiatio
311 818 439 882 Sanctae
452 822 571 883 Mariae
592 821 627 880 de
643 820 849 898 Conceptione‚
875 819 995 899 qnando
1018 820 1054 880 ad

102 901 202 977 tapeta
226 912 269 962 est
289 906 440 964 salutata:
465 903 575 978 quibus
596 904 692 979 magis
715 904 869 978 magisque
890 900 1051 961 confirma·

102 984 146 1041 lar
166 1000 202 1041 ea
224 985 384 1049 sentientia.
408 1002 486 1061 quae
511 983 605 1061 hujus
620 984 818 1044 solemnitatis
834 984 1050 1044 institutionem

100 1061 188 1122 relert
208 1065 247 1123 ad
270 1066 475 1142 apostolicam
491 1065 709 1126 traditionem.
734 1064 768 1125 ln
784 1064 972 1125 Graecorum
990 1064 1054 1124 tte-

100 1143 229 1220 aalagiis‚
254 1147 410 1215 Menaeis,
434 1146 631 1225 Synaxariis.
657 1148 686 1206 in
709 1144 897 1223 Kalendarlis
920 1152 951 1205 et
973 1145 1050 1205 llar-

101 1227 255 1305 tpralogiis
270 1228 499 1307 Aegyptiorum,
515 1226 715 1305 (lapillorum,
741 1227 898 1307 Syrorum.
915 1226 1054 1288 Caldaea

101 1324 182 1377 rum,
205 1309 440 1375 ilementorum,
464 1310 494 1367 in
517 1307 961 1388 Latinorum·Martyrologiis‚
985 1310 1055 1368 Bre

102 1389 209 1456 ciariis,
234 1397 267 1450 et
283 1389 465 1456 Missalibus.
480 1391 509 1450 in
522 1389 765 1451 Sacramentario
780 1390 910 1465 denique
926 1391 957 1451 S.
975 1390 1051 1451 Gre-

99 1471 169 1545 gorii
183 1472 435 1533 Annunciatianis
449 1469 573 1531 Festum
597 1474 635 1533 ad
657 1472 735 1530 diem
758 1472 799 1532 25
813 1472 913 1531 Martii
930 1472 1051 1533 adnota-

20 1557 21 1564 ’
81 1590 83 1595 -
103 1557 162 1611 turn
184 1556 367 1630 reperimus:
381 1572 418 1614 ex
434 1572 494 1631 qua
514 1554 671 1630 utriusque
686 1550 838 1613 Ecclesiae
854 1550 1056 1614 Occidentalis

102 1637 130 1691 ct
148 1632 313 1695 Orientalis
328 1653 489 1696 consensus
504 1632 675 1695 firmissime
699 1635 816 1709 probat,
841 1636 954 1695 nonnisi
971 1634 1052 1711 Apa·

100 1715 200 1777 stalica
221 1715 399 1779 Traditione
420 1725 538 1778 certum
561 1717 645 1777 illum
667 1716 749 1775 diem
772 1713 990 1791 praefinitum,
1019 1719 1055 1775 ul

102 1796 199 1859 ridere
221 1805 268 1857 est
289 1799 369 1877 apud
390 1798 587 1858 Ballaadistas
609 1799 646 1858 ad
669 1798 749 1859 diem
771 1796 815 1858 25
833 1796 946 1857 Martii.

138 1874 178 1938 tl.
201 1878 268 1939 Non
291 1880 416 1940 deluere
439 1883 468 1939 iu
484 1880 588 1940 Veteri
601 1880 793 1941 Testamenta
809 1874 1055 1955 praestantissimi

103 1952 162 2017 Viri
173 1962 224 2037 qui
241 1962 344 2020 divina
358 1961 473 2037 Spiritu
486 1959 577 2021 silleti
592 1962 694 2022 diuina
710 1960 853 2039 mysteria
867 1960 1053 2021 revelarunt.

103 2034 158 2099 Cur
179 2060 255 2121 erga
276 2061 335 2102 nan
356 2044 488 2119 aliquem
511 2042 623 2104 horum
646 2043 751 2119 selegit
773 2042 880 2111 Deus,
904 2058 995 2120 quem
1019 2038 1057 2099 ad
1117 2071 1119 2077 ·

105 2116 259 2198 Virginem
281 2126 417 2185 mitteret
437 2125 626 2201 aptissimum
643 2129 704 2183 tam
720 2124 898 2201 praestantis
914 2121 1054 2201 mysterii

104 2205 254 2267 nuncium.
278 2204 381 2269 Placet
404 2210 548 2282 praeunte
570 2206 601 2267 S.
627 2204 767 2270 Thema,
790 2204 960 2282 probabiles
981 2220 1055 2263 nan·

103 2283 193 2347 nullas
213 2288 346 2348 rationes
360 2286 506 2366 adjicere,
530 2286 569 2345 ab
583 2305 658 2365 quas
672 2286 885 2363 aequissimum
903 2286 996 2347 fuisse
1012 2287 1057 2344 vi·

105 2362 191 2437 deas,
215 2376 252 2431 ut
275 2368 410 2446 Angelus
432 2370 556 2447 patius,
580 2387 672 2445 quam
695 2368 787 2429 homa
820 2369 894 2429 lauti
918 2367 1055 2446 mysterii

106 2452 229 2513 nuncius
262 2450 299 2511 ad
322 2450 479 2527 Virginem
501 2453 688 2512 mitteretur.
715 2450 896 2512 Conveniens
916 2451 978 2526 [nit
1003 2448 1060 2509 111

102 2540 179 2604 part.
202 2538 322 2610 quaest.
346 2530 386 2592 30
407 2532 509 2593 ortt
535 2534 572 2592 in
586 2550 666 2610 carp.
690 2529 789 2592 Matri
803 2529 860 2590 Dei
874 2530 1058 2591 annuntiari

102 2626 153 2685 prr
173 2612 321 2692 Angelum
344 2613 472 2674 Divinae
487 2612 712 2675 incarnationis
733 2613 911 2690 mysterium
927 2623 1057 2693 propter

107 2693 171 2751 tria.
195 2694 304 2755 Primo
319 2695 451 2774 quidem,
475 2706 510 2755 at
529 2695 738 2754 indecentiam
759 2700 936 2754 seraoretar'
952 2692 1058 2754 diuina

105 2772 268 2847 ordinatio,
290 2775 455 2837 secandam
476 2794 568 2853 qaam
589 2774 786 2835 nectendam
807 2772 929 2853 Angelis
952 2774 1058 2835 divissa

107 2852 142 2911 ad
160 2858 292 2918 tornines
302 2859 495 2937 perveniant.
519 2855 654 2919 &canda
677 2856 729 2915 irae
743 2856 807 2933 fnit
822 2856 999 2915 conveniens
1013 2872 1060 2915 rr-

103 2940 259 3008 parotianr'
279 2941 451 3002 numanae.
475 2956 551 3017 qaae
571 2940 678 3016 satura
699 2945 767 2995 erat
795 2954 853 3015 per
878 2935 1058 3005 Christum,-

42 3085 51 3106 ·
107 3020 178 3079 uada
193 3022 275 3080 Beda
297 3022 370 3081 dicit
391 3022 420 3078 in
436 3019 569 3079 Hamilia
584 3038 676 3096 super
689 3018 803 3077 Lucam
824 3016 929 3093 Capi
952 3020 1060 3097 Aptans

104 3093 250 3162 damonae
271 3102 501 3163 restaurationis
521 3100 727 3179 principiam.
751 3108 785 3159 nt
808 3100 933 3175 Angeias
956 3118 975 3158 a
996 3096 1058 3158 Dea

107 3179 275 3243 mitteretur
296 3183 337 3242 ad
363 3184 535 3261 Virginem,
555 3192 651 3262 parta
674 3178 908 3241 consecrandam
930 3178 1057 3241 dininas

103 3260 173 3335 <qaia
193 3266 311 3344 primae
331 3264 511 3343 perditionis
531 3266 681 3324 damonae
703 3262 763 3339 fnit
784 3280 875 3323 caasa
907 3280 976 3322 cnm
996 3280 1057 3322 see

103 3357 171 3415 psas
190 3364 221 3405 a⁴
233 3346 358 3407 Diabate
379 3347 554 3407 mittebatur
582 3343 622 3403 ad
645 3344 800 3403 moliorem
822 3345 935 3423 spirita
956 3360 1059 3423 snper-

109 3420 168 3483 diae
188 3427 408 3506 decipiendam.
438 3424 537 3489 Tertia
559 3426 634 3505 pain
655 3428 709 3485 lroc
731 3426 910 3504 conpraedat
930 3424 1058 3503 sirpini·

109 3506 164 3563 tati
182 3512 290 3569 matris
312 3510 379 3570 Dei.
405 3508 488 3570 Alias
509 3508 655 3584 Theologi
678 3504 834 3583 adjiciunt,
858 3524 933 3583 atras
954 3506 1057 3567 statim

113 3596 261 3653 recenseo.
284 3589 387 3653 Prima
400 3591 503 3651 decuit
523 3589 714 3669 purissimae,
736 3596 768 3651 et
789 3589 908 3667 peccati
925 3586 1059 3666 cujusvis
