2517 4059
353 335 357 340 Α
434 249 646 324 ,annotans

82 371 215 437 Ecclesiae
237 377 331 454 ipsius
352 377 532 438 auctoritate
554 379 780 455 comprobatur.
807 378 928 446 Primus
949 376 1020 439 Ori·

81 474 158 533 genes
170 457 257 519 fidem
274 478 359 519 suam
376 458 519 536 proiciat,
545 462 596 537 qui
608 458 709 521 Tract.
725 460 764 522 35
786 462 815 521 in
832 460 1019 522 Matthaeum
1060 508 1064 515 .

81 544 191 601 nuatn
204 545 260 606 est,
284 540 446 618 Apostolos
468 542 497 600 iu
513 541 673 619 pervigilio
689 543 795 602 mortis
808 542 920 604 Christi
938 560 1021 603 man-

80 620 186 683 ducasse
208 621 324 682 Pascha
339 620 499 683 seeundum
514 620 600 703 Leuis
618 624 806 685 mandatum.
830 625 964 685 Accedat
978 623 1021 684 al-

79 707 207 764 tertestis
229 704 323 763 Divus
339 703 585 783 Chrysostomus.
610 704 698 783 eujus
721 706 852 783 vestigiis
875 707 1018 767 institisse

77 800 182 845 omnem
196 783 345 845 Graecam
367 782 536 847 Ecclesiam
560 787 691 848 affirmet
711 785 836 847 Photius
856 788 888 846 iu
908 787 1021 847 Biblio-

76 864 151 925 theca
171 867 246 928 Cod.
272 866 332 925 tte
356 884 425 944 pag.
449 866 521 927 net.
540 866 774 947 Chrysostomus
795 873 895 930 autem
918 867 1021 928 Homi-

75 946 113 1005 lia
128 946 166 1009 85
188 951 217 1019 in
241 949 427 1010 Matthasum
448 950 543 1009 dicit:
573 950 727 1013 Christum
755 960 869 1029 tempus
891 948 1021 1009 Paschae

73 1036 280 1108 transpressum
300 1048 363 1089 non
385 1049 461 1099 esse;
484 1031 608 1111 ideoque
622 1032 786 1108 lepitimum
804 1032 912 1091 Pascha
933 1047 1019 1097 msu-

72 1110 205 1173 dueasse:
229 1118 261 1171 et
283 1108 418 1171 Humilia
439 1110 482 1171 82
504 1113 532 1171 in
556 1112 698 1173 loannem
721 1113 845 1173 scribit:
876 1123 948 1173 tune
975 1131 1020 1172 cs·

69 1193 184 1273 latrasse
196 1190 322 1261 Pascha,
338 1192 459 1271 quando
469 1194 639 1273 antiquitas
650 1196 828 1256 celebratum
840 1202 915 1255 erat.
929 1193 1020 1255 Grae

71 1274 111 1333 cis
128 1273 265 1334 Patribus
293 1277 374 1333 omni
405 1280 553 1351 ex'parte
584 1280 777 1338 consentiunt
798 1276 908 1336 Latini.
940 1275 1018 1335 Nam

70 1354 101 1415 S.
120 1356 323 1435 Hieronymus
349 1356 583 1418 Commentariis
612 1357 648 1415 in
668 1356 856 1419 Matthaeum
880 1358 954 1436 Cap.
979 1356 1020 1417 26

69 1434 232 1516 Postquam,
257 1438 365 1513 iuquit,
389 1438 522 1517 cumeum
545 1437 660 1499 Pascha
681 1441 781 1517 fuerat
802 1441 966 1518 impletum,
992 1448 1021 1500 et

67 1521 137 1596 apni
157 1538 262 1580 earnes
284 1538 352 1578 cum
375 1517 522 1597 Apostolis
544 1519 729 1585 comederat,
753 1522 878 1581 assumit
896 1540 1026 1598 panem,

68 1602 119 1677 qui
136 1603 288 1679 confortat
309 1620 363 1661 ccr
382 1601 519 1669 hominis,
544 1614 571 1664 et
592 1601 633 1661 ad
655 1622 759 1664 uerum
782 1600 897 1662 Pascha
920 1612 1020 1662 traus-

66 1682 197 1759 prsditur
222 1680 462 1744 Sacramentum.
492 1682 552 1756 Qui
581 1702 655 1744 vero
683 1684 811 1743 aliorum
838 1684 1019 1745 Sanctorum

66 1763 182 1827 Patriam
207 1765 274 1824 loca
296 1766 325 1823 in
348 1782 412 1824 rem
436 1764 514 1823 hauc
528 1766 602 1827 velit
623 1766 787 1842 inspicere,
812 1783 890 1842 quae
912 1766 949 1824 ad
971 1783 1019 1827 so-

66 1846 150 1905 lidam
174 1846 380 1906 Traditionem
403 1844 609 1907 stabiliendam
635 1850 795 1923 pertinent,
819 1846 907 1908 adeat
927 1846 1020 1906 Baro·

65 1928 155 1999 nium,
179 1928 217 1987 ad
240 1946 352 1987 annum
375 1924 486 1987 Christi
500 1926 542 1987 3t
564 1944 647 1988 num.
662 1929 717 1999 t1;
744 1930 889 1992 Witasse.
913 1926 949 1985 de
964 1927 1020 1988 Sa-

66 2020 212 2071 cramenta
230 2008 441 2070 Eucharistiae
458 2006 544 2070 Part.
563 2008 584 2069 1
602 2020 714 2087 quaest.
733 2008 755 2068 Ι
771 2018 831 2069 art.
848 2007 966 2069 isset.
986 2008 1018 2079 lsi

64 2088 246 2156 Herminius,
265 2089 300 2148 de
316 2090 517 2152 sacramentis
538 2088 616 2151 ΠΙ
631 2090 872 2152 deliucharistia
887 2089 1015 2167 capso.

65 2170 229 2235 Praeterea
244 2171 379 2232 Salvator
401 2173 478 2232 inter
490 2171 620 2234 Coenam
644 2172 795 2250 Apostolis
817 2174 920 2233 dixitc'
932 2172 1017 2233 Desi-

64 2250 140 2315 deria
161 2254 333 2313 desideravi
358 2252 410 2313 hoc
434 2254 543 2313 Pascha
572 2254 760 2314 manducare
782 2256 949 2326 uobiscum,
982 2261 1017 2316 ut

65 2338 186 2398 testatur
201 2336 319 2403 Lucass
343 2352 419 2410 quae
434 2336 554 2411 quidem
569 2336 679 2402 verba,
704 2336 759 2395 etsi
782 2336 818 2395 ad
834 2336 942 2397 Sacrae
958 2334 1019 2395 Eu·

65 2417 222 2478 charistiae
244 2417 460 2477 institutionem
484 2417 593 2478 referri
615 2418 739 2495 possint,
763 2418 801 2477 ad
822 2419 953 2480 Coenam
977 2422 1019 2477 ta·
1072 2491 1073 2494 Ἴ

64 2512 138 2567 men,
163 2518 243 2577 qliae
268 2503 369 2573 parata
392 2502 475 2571 erat,
500 2500 631 2559 maxime
655 2500 804 2576 pertinent
824 2516 862 2559 cx
884 2501 913 2557 vi
937 2499 1017 2560 illius

66 2584 227 2653 particulae
244 2582 318 2642 vlenc.
343 2578 469 2657 ideoque
492 2580 529 2639 ad
552 2580 684 2641 Coenam
707 2581 845 2658 legalem.
859 2578 931 2641 ¹Nec
954 2579 1018 2656 lle·

65 2660 221 2724 lsraeorum
244 2660 370 2737 pterhdia
397 2663 425 2721 in
448 2660 604 2721 Christum
628 2662 791 2722 Douriuum
813 2664 969 2733 siluisset,
992 2666 1017 2725 si

66 2751 221 2823 praecepto
243 2743 412 2803 celebrandi
439 2742 593 2803 Paschatis
622 2762 681 2803 non
712 2743 930 2814 satisfecissets
959 2748 1019 2805 uti·

64 2840 117 2900 oue
145 2845 204 2887 non
228 2826 515 2903 praetermississeui
537 2826 669 2885 criminis
697 2827 764 2887 loco
791 2826 935 2905 objicere.
960 2824 1018 2887 Du·

67 2906 147 2983 nique
170 2907 278 2969 Sancta
294 2904 465 2967 Tridentino
482 2906 618 2985 Synodus
640 2925 704 2967 rem
721 2913 806 2968 extra
828 2925 947 2968 amntem
963 2907 1018 2967 du·

68 2984 237 3050 litationem
260 2989 344 3065 ponit
366 2988 445 3047 Sess.
459 2988 501 3047 Ἠ
522 2988 622 3065 Capl
645 2989 689 3047 De
704 2988 898 3051 institutione
912 2985 1019 3047 Sacro·

69 3072 156 3131 sancti
178 3068 289 3132 Missae
312 3068 482 3149 sacrificii.
504 3114 509 3127 .
530 3114 536 3128 .
557 3114 564 3129 .
588 3068 664 3128 Nam
688 3070 906 3147 pronunciavit.
929 3066 1020 3127 Chri-

68 3152 148 3221 stum,
163 3152 309 3211 celebrata
325 3152 417 3209 ueteri
427 3149 583 3221 Paschate,
596 3148 674 3229 quod
686 3154 720 3210 in
732 3155 905 3212 memoriam
918 3151 1018 3210 unitus

69 3227 97 3289 de
116 3232 250 3313 Aepypto
266 3232 428 3291 multitudo
443 3232 574 3310 filiorum
591 3232 686 3292 Israel
701 3234 885 3299 immolabat,
908 3248 1020 3290 nonum

71 3311 225 3376 instituisse
249 3312 373 3378 Pascha,
397 3316 538 3389 seipsum
560 3316 595 3373 ab
620 3312 751 3374 Ecclesia
770 3333 829 3395 per
844 3310 1019 3375 Sacerdotes

70 3395 112 3453 nt
132 3398 225 3475 sipnis
241 3394 402 3455 visibilibus
417 3395 637 3455 immolandum
657 3397 692 3454 in
713 3397 888 3456 memoriam
904 3395 1017 3454 transi·

72 3479 110 3533 tus
131 3482 178 3539 sui
200 3496 239 3537 ecc
255 3477 306 3535 hoc
320 3475 430 3536 mundo
445 3476 485 3535 ad
502 3473 636 3536 Patrem.
662 3475 706 3536 De
727 3483 880 3553 postremo
902 3474 1017 3537 Christi

72 3548 205 3621 Paschate
227 3559 315 3635 longa
338 3560 507 3635 etcopiose
535 3565 581 3619 est
604 3556 778 3619 Dissertatio
800 3560 833 3619 P.
859 3557 1015 3621 Michaelis

72 3630 191 3715 [equicii
214 3640 289 3701 Ord.
304 3636 409 3700 Praed.
428 3657 506 3717 quae
528 3644 573 3699 est
594 3646 678 3699 sexta
694 3658 731 3699 ex
748 3639 1013 3701 Dissertationihus
