2517 4059
562 210 788 280 *slew

193 340 376 408 manaverit,
400 339 532 415 explieat
553 337 647 399 Divus
670 338 814 408 Thomas,
838 340 868 397 in
892 338 1011 415 Spart.
1037 356 1089 411 qu.
1114 334 1157 397 hh

192 426 251 479 art.
277 420 307 479 2.
332 420 438 496 ltaque
462 421 576 490 docet,
607 424 777 481 claritatem
802 420 945 501 Corporis
971 418 1089 480 Christi
1119 420 1153 477 in

196 496 469 580 Transfipuratione
491 502 662 564 derivatam
688 504 780 582 luisse
802 504 839 561 ab
862 505 924 583 ejus
946 503 1071 567 anima,
1092 510 1154 559 tum

193 584 229 643 oh
254 582 449 643 Divinitatem
477 603 543 643 eum
571 604 631 663 pua
652 584 833 663 hypostatice
855 583 1061 664 junpehatur,
1091 591 1154 640 tum

188 674 316 805 prppper
337 668 477 743 ploriam,
502 684 562 744 pua
579 670 647 747 jam
668 665 738 725 inde
754 684 774 724 a
789 664 971 742 conceptione
993 681 1049 722 aua
1071 664 1155 739 [rue-

210 765 294 889 alll:
315 828 392 889 lllnd
415 829 547 887 maxime
570 829 669 889 virum
693 828 880 905 Tireolognm
903 827 981 886 seire
1002 827 1158 892 interest,

194 926 250 969 aur
271 906 411 970 Christus
434 909 643 986 transfigurari
666 910 818 971 soluerit?
840 906 902 969 Cur
917 926 953 967 er
971 914 1032 967 tam
1050 906 1155 967 miritis
1242 934 1243 937 ¹

194 990 317 1053 Veteris
338 990 521 1051 Testamenti
545 992 727 1052 Patriarehis
749 999 840 1067 atque
869 990 1028 1065 Prophetis
1061 988 1160 1065 gemi-

194 1092 250 1132 nos
273 1073 365 1140 illos,
388 1072 526 1150 moysem
548 1082 579 1133 et
601 1074 699 1134 Etiam
722 1075 835 1149 gloriae
857 1089 929 1131 snae
944 1080 1099 1131 consortes
1121 1086 1158 1129 ae
1245 1125 1246 1153 ¹

195 1161 289 1215 testes
310 1154 464 1230 elegerit?
486 1154 547 1215 Cur
569 1173 606 1215 ex
629 1156 779 1233 Apostolis
804 1155 984 1223 duodecim,
1009 1159 1073 1212 tres
1097 1156 1160 1211 lan·
1246 1211 1247 1239 ¹

196 1242 274 1305 tum,
299 1234 422 1295 Petrrrm
442 1280 450 1305 ‚
479 1235 620 1296 loannem
644 1244 675 1297 et.
691 1238 830 1297 lacobnm
849 1236 987 1295 habuerit
1001 1252 1073 1312 prae
1092 1252 1162 1293 eae-

198 1318 270 1378 teris
303 1321 517 1394 spectatores?
539 1316 681 1379 Peractaa
709 1316 993 1393 Trarrshgurationis
1025 1317 1158 1377 rationes
1248 1385 1249 1407 ¹

196 1404 327 1475 quatuor
354 1402 515 1475 assignant,
540 1399 572 1459 S.
596 1400 735 1468 Basilius,
760 1402 788 1458 in
804 1397 954 1458 Psalmnm
978 1395 1099 1467 erV;
1125 1396 1157 1457 S.
1249 1471 1250 1477 ἵ

197 1478 271 1546 Leo,
295 1480 326 1540 S.
351 1478 471 1540 Cirillus
491 1480 796 1561 Hierosolymitanus,
820 1479 851 1539 S.
875 1477 1009 1554 Ephrem
1033 1479 1157 1557 Syrus,
1249 1478 1250 1493 ³

197 1559 229 1622 S.
253 1560 378 1621 loannes
401 1562 607 1622 Damascenus
629 1565 659 1622 in
681 1562 871 1624 Sermonilus
894 1560 930 1618 de
950 1557 1159 1641 Transfipura·
1250 1557 1251 1573 ³

198 1643 304 1715 tione,
328 1650 360 1705 et
383 1642 414 1703 S.
438 1643 571 1705 Thomas
593 1643 623 1706 3.
644 1654 731 1723 part.
756 1654 868 1721 quaest.
893 1640 932 1703 hh
954 1647 1012 1703 art.
1039 1644 1069 1701 1.
1094 1642 1162 1701 Pri·
1251 1643 1252 1659 ³

198 1744 247 1785 ma
270 1733 328 1796 est,
354 1731 387 1785 ut
410 1732 530 1785 tenuem
545 1723 651 1787 saltem
669 1724 838 1785 Divinitatis
853 1742 925 1784 suae
940 1725 1058 1784 radium
1075 1741 1161 1784 mor·
1252 1729 1253 1751 ¹

198 1807 307 1867 talibus
322 1808 568 1868 communicaret.
586 1807 722 1868 &cunda
746 1813 780 1867 ut
799 1804 1021 1883 Discipulorum
1039 1806 1161 1865 animos
1253 1815 1254 1851 i

199 1890 404 1949 communiret
430 1890 575 1949 adversus
597 1890 734 1965 proxime
760 1887 881 1948 suturae
904 1887 1049 1965 passionis
1078 1888 1161 1963 igno·
1254 1936 1255 1939 ο

199 1970 335 2038 mimam,
350 1988 386 2029 ne
409 1970 524 2031 seilicet
544 1970 659 2031 animos
681 1970 910 2048 desponderent.
927 1968 1028 2029 Tertia
1057 1975 1093 2027 ut
1108 1967 1161 2028 Fi-

199 2049 282 2109 dales
311 2068 471 2127 supremae
501 2052 580 2111 illins
602 2052 737 2125 gloriae,
764 2051 853 2129 eujus
877 2052 970 2111 levem
994 2050 1161 2125 imaginem

198 2131 359 2202 viderant,
383 2134 613 2207 expectatione,
642 2135 678 2192 ad
700 2132 794 2192 ardna
817 2150 954 2209 quaeque
977 2131 1161 2208 perferenda

200 2212 359 2273 excitaret.
382 2212 496 2287 Quarta
525 2219 559 2273 ut
579 2231 611 2273 se
634 2215 773 2275 vivorum
797 2214 885 2273 simul
915 2218 946 2271 ei
967 2218 1160 2273 mortuorum

200 2293 363 2354 Dominum
387 2301 417 2354 et
440 2294 570 2355 ludicem
595 2294 827 2356 demonstraret.
844 2294 945 2355 Multis
969 2295 1089 2370 perinde
1121 2295 1160 2355 de

200 2377 299 2434 causis
316 2376 452 2454 hloysom
469 2384 500 2436 et
514 2377 613 2437 Elium
629 2376 743 2453 gloriae
760 2396 831 2437 snae
847 2382 1000 2436 eonsortes
1016 2394 1050 2435 ae
1068 2383 1164 2437 testes

200 2458 317 2526 aseivit,
340 2476 417 2533 qrras
437 2476 543 2517 omnes
566 2459 696 2519 insinuat
718 2456 830 2518 Doctor
851 2459 1013 2531 hugelinus
1035 2457 1054 2515 3
1076 2462 1160 2535 part.

189 2544 317 2614 puaesi.
337 2538 376 2598 t5
398 2545 456 2599 art.
475 2538 545 2601 3ad
561 2539 591 2598 3:
610 2538 717 2599 Prima
740 2542 873 2607 estham:
892 2538 973 2613 Quia
996 2539 1075 2597 enim
1092 2549 1162 2619 tur·

201 2619 254 2678 hae
272 2619 426 2686 dicebant,
440 2639 507 2680 eum
528 2640 585 2681 esse
607 2619 721 2691 Etiam,
734 2624 779 2681 uel
799 2621 972 2687 Ieremiam,
987 2630 1041 2679 aut
1061 2639 1161 2696 unum

202 2717 242 2758 ex
257 2700 417 2781 Prophetis,
435 2706 534 2779 capita
548 2702 764 2779 Prophetarum
779 2721 878 2762 secum
893 2703 1038 2767 dumihut
1054 2702 1162 2767 saltem

200 2781 269 2841 hina
284 2794 430 2861 appareat
452 2784 625 2865 differentia
647 2801 809 2849 semorum,
824 2795 849 2845 ct
872 2782 1004 2842 Domini.
1018 2780 1164 2843 Secunda

201 2865 284 2923 ratio
306 2875 368 2932 est,
394 2870 467 2944 quia
488 2865 604 2944 Moyses
624 2863 727 2943 Lepem
752 2865 842 2929 dedit,
866 2863 954 2925 Elias
978 2882 1035 2943 pro
1058 2864 1162 2939 ploria

201 2944 325 3007 Domini
339 2951 509 3008 aemulator
528 2950 600 3025 suit:
614 2946 696 3005 unde
715 2964 770 3024 per
791 2947 853 3007 hoc.
878 2945 960 3024 quod
981 2948 1071 3005 simul
1092 2964 1161 3004 cum

205 3024 324 3087 Christo
345 3040 505 3107 apparent,
531 3027 707 3088 ecceluditur
729 3028 885 3097 calumnia
908 3026 1088 3085 ludaeorum
1111 3044 1162 3085 ae·

203 3110 376 3167 cusantium
400 3109 552 3170 Christum
576 3118 732 3187 tamquam
755 3121 1001 3185 transpressarem
1022 3102 1117 3184 lepis,
1136 3118 1163 3169 et

202 3187 403 3271 blasphemum
426 3191 483 3255 Dei
503 3192 560 3249 sihi
580 3192 710 3267 pluriam
732 3200 936 3269 usurpantem.
960 3186 1059 3249 Tcrtia
1082 3193 1163 3251 ratio

202 3279 253 3339 est,
277 3280 312 3330 ut
334 3270 470 3330 ostendat
492 3290 521 3329 se
541 3272 650 3330 hahere
666 3282 839 3349 potestatem
861 3272 965 3331 mortis
988 3281 1014 3329 et
1030 3272 1121 3340 citae,
1138 3280 1164 3333 ct

203 3366 261 3411 erse
283 3351 413 3412 Iudicem
435 3365 620 3412 mortuorum
638 3364 663 3411 et
679 3354 812 3413 nieorum
835 3362 889 3431 ptr
911 3353 972 3420 hoc,
990 3350 1068 3430 quod
1082 3354 1164 3432 Mop-

202 3450 263 3492 eem
290 3436 357 3513 jam
391 3445 619 3503 mortuum,.et
645 3432 750 3493 Elium
776 3434 874 3493 adhuc
898 3434 1044 3493 uiuentem
1065 3451 1163 3493 secum

150 3521 153 3527 '
204 3512 308 3573 duxit.
337 3512 457 3589 Quarta
480 3516 561 3574 ratio
584 3528 659 3583 erat,
686 3515 883 3593 quianolehat
897 3525 931 3574 ut
948 3514 1100 3593 Discipuli
1114 3517 1165 3575 sui

200 3596 431 3657 aemularentur
452 3598 559 3676 Moysis
582 3597 861 3665 mansuetudinem,
891 3606 918 3655 et
940 3598 1037 3657 zelum
1060 3593 1162 3657 Eliae.
