2517 4059
476 194 701 263 *tntillillttte-

107 320 151 382 ad
172 319 366 381 Timotheum
387 319 461 399 Cap.
485 320 531 393 ll;
555 326 586 385 et
608 323 707 402 primo
728 339 798 381 cum
819 319 923 381 Oratio
944 322 983 381 sit
1003 321 1067 381 ele·

112 404 195 463 vatio
210 403 317 463 mentis
339 403 367 459 iu
383 403 492 473 Deum,
509 406 608 465 statim
625 405 708 463 initio
724 403 874 480 praemitti
889 403 964 463 solet
980 421 1064 463 com-

112 484 224 565 pellato
246 502 364 545 summo
384 484 511 545 Numine
535 486 580 546 liis
601 487 719 548 verbis:
747 482 938 563 Omnipotens
958 486 1065 566 sempi-

113 578 197 628 terne
220 564 320 636 Deus,
344 567 390 627 nel
416 564 628 647 Omnipotens,
654 578 681 629 et
703 568 870 627 misericors
892 568 992 636 Deus,
1014 568 1064 629 rel

114 649 302 726 frequentius
325 648 381 709 hac
405 666 462 708 una
485 667 558 709 voce
581 651 670 717 Deus,
693 649 741 727 vel
764 650 821 708 alia
845 648 990 719 Domine,
1014 650 1064 709 rel

113 736 241 807 utraque
262 728 364 807 juncta
389 732 513 791 Domine
528 732 619 792 Deus.
643 730 817 792 Orationem
841 749 931 808 porro
953 732 1064 809 excipit

109 810 286 873 Gratiarum
309 814 397 877 actio,
423 814 485 873 sive
509 830 559 891 pro
582 815 734 893 mysterio,
759 814 837 888 quod
859 830 895 873 ea
910 813 958 873 die
981 830 1066 873 reco-

112 896 195 963 litur,
219 900 336 955 uicum
358 895 487 955 dicimus
510 896 538 953 in
554 893 644 955 Festo
659 894 711 955 SS.
727 894 903 955 Trinitatis:
930 892 992 969 Qui
1013 894 1066 954 de·

113 974 187 1037 disti
208 977 332 1054 famulis
355 979 413 1037 tuis
440 978 474 1035 in
496 978 671 1055 consessione
691 995 779 1036 neree
799 976 869 1057 fidei
890 982 949 1037 etc.
975 976 1014 1036 Et
1034 977 1064 1037 in

112 1058 190 1119 lesto
211 1057 425 1119 Pentecostes:
454 1056 516 1132 Qui
542 1057 630 1119 cordo
651 1057 784 1138 fidelium
807 1059 910 1120 Sancti
931 1058 1065 1139 Spiritus

106 1140 316 1200 illustratione
339 1139 463 1201 docuisti
479 1150 533 1200 etc.
560 1142 622 1201 sive
646 1158 700 1216 pro
716 1140 820 1220 gloria,
844 1146 898 1201 aui
912 1146 993 1200 certa
1015 1140 1067 1201 ali·

113 1240 174 1299 qua
190 1224 283 1298 gratia
301 1224 407 1281 collata
422 1222 540 1291 Sancto,
558 1221 644 1300 eujus
658 1221 767 1283 festum
782 1224 893 1301 agitur,
910 1224 957 1283 rel
973 1223 1066 1282 etiam

113 1304 199 1363 nobis
222 1305 291 1380 ipsis
312 1305 392 1363 illius
414 1322 481 1379 ope,
505 1311 536 1364 et
558 1305 770 1366 intercessione
792 1322 944 1365 concessa.
961 1303 1065 1365 Tertio

114 1386 187 1445 item
204 1383 334 1447 Collecta
358 1392 473 1447 constat
494 1388 705 1461 postulatione,
723 1406 799 1463 quae
821 1386 958 1464 ejusdem
981 1404 1064 1463 prae·
1158 1431 1163 1440 .

115 1469 203 1545 cipua
225 1486 293 1546 pars
315 1473 372 1533 est,
396 1473 426 1527 et
446 1470 613 1530 continetur
636 1469 662 1528 in
685 1486 720 1528 ea
743 1469 858 1545 gratia,
882 1487 934 1529 seu
956 1466 1067 1529 benefi-

114 1551 207 1616 cium,
231 1550 310 1625 quod
333 1568 349 1608 a
372 1548 434 1609 Deo
455 1552 605 1627 poscitur,
630 1554 702 1626 puta
724 1550 859 1611 liberatio
882 1569 898 1609 a
921 1552 1064 1627 peccatis,

109 1631 231 1708 ereptio
253 1650 270 1691 a
293 1632 444 1708 periculis,
461 1633 539 1692 vitae
562 1640 701 1693 aeternae
723 1633 855 1709 adeptio,
874 1636 1068 1692 terrenorum

51 1786 54 1793 .
114 1718 315 1791 contemptus,
339 1714 415 1773 dona
438 1714 602 1784 eharitatis,
628 1714 1012 1789 humilitatis,=patientiae,
1036 1718 1067 1775 et

114 1796 234 1854 similia.
258 1792 372 1866 Quarto
401 1796 528 1871 denique
552 1794 729 1857 Obsecratio
752 1796 913 1856 Colleotam
942 1795 1065 1855 claudit.

114 1877 173 1937 Per
194 1875 360 1949 Dominum
378 1877 415 1937 de
438 1896 497 1954 qua
519 1879 607 1939 inira.
632 1876 790 1938 Caeterum
814 1896 871 1936 non
893 1882 963 1943 est,
988 1878 1067 1955 quod

114 1975 236 2035 semper
258 1959 313 2017 has
328 1965 458 2035 qrratuor
480 1967 580 2036 partes
601 1978 633 2021 se
649 1977 681 2019 se
697 1965 910 2036 consequentes
932 1959 1064 2021 habeant

113 2046 234 2101 veteres
256 2042 346 2105 etiam
369 2038 535 2110 Colleclae;
560 2060 648 2120 saepe
671 2043 750 2101 enim
772 2042 934 2102 Postulatio
956 2043 1067 2119 gratia·

117 2125 230 2184 tiarum
253 2122 361 2182 actioni
385 2124 598 2200 praemittitur,
623 2128 656 2184 ut
678 2124 705 2184 in
728 2124 864 2184 Collectis
886 2124 917 2183 S.
942 2123 1067 2202 Stepha-

115 2206 168 2265 ni:
192 2202 240 2263 Do
262 2205 342 2263 nobis
365 2223 539 2283 quaesumus
562 2206 687 2266 Domine
708 2207 826 2268 imitari
847 2205 927 2285 quod
948 2206 1068 2266 colimus

115 2296 171 2347 etc.
194 2285 226 2346 S.
243 2285 396 2345 Laurentii
420 2288 467 2347 Do
484 2290 564 2347 nobis
587 2307 765 2366 quaesumus
787 2290 971 2367 omnipotens
988 2288 1068 2349 Deus

111 2370 255 2430 uitiorum
278 2380 445 2429 nostrorum
468 2370 605 2450 stammas
630 2372 827 2449 eutiupuere,
852 2371 905 2449 qui
926 2368 964 2427 B.
989 2366 1067 2430 Lou-

38 2494 42 2503 .
115 2452 225 2510 rentio.

156 2532 208 2595 tv.
231 2528 421 2591 Concluditur
443 2530 545 2592 Oratio
561 2531 787 2599 obsecratione,
811 2536 842 2593 el
862 2532 1067 2591 obtestatione

117 2632 171 2691 per
192 2613 358 2679 Christum,
382 2613 432 2689 qui
451 2620 499 2674 est
514 2613 670 2685 Mediator,
694 2623 726 2676 et
747 2616 931 2691 Redemptor
953 2619 1065 2674 noster.

116 2696 163 2755 Ad
179 2694 298 2757 Patrem
322 2694 400 2755 enim
418 2696 556 2773 dirigitur
572 2694 688 2761 Oratio,
714 2702 747 2758 ut
761 2696 927 2756 Concilium
942 2693 1069 2756 Cartha-

114 2778 237 2855 ginense
259 2776 302 2837 Ill
323 2777 483 2847 decrevit,
507 2784 539 2838 et
560 2796 614 2854 per
635 2778 744 2838 Filium
767 2778 964 2849 terminatur,
990 2780 1070 2839 sicut

116 2860 179 2936 ipse
206 2860 277 2919 olim
300 2859 596 2936 praecepitdicens:
626 2859 839 2939 Quodcumque
866 2858 1013 2939 petieritis
1035 2860 1070 2917 in

116 2942 235 3001 nomine
259 2960 343 3008 mco,
368 2940 449 3000 dabit
469 2942 557 3001 nodis.
581 2942 643 3003 Eae
664 2960 762 3006 vero,
787 2960 865 3018 quae
887 2940 922 3000 ad
946 2939 1067 3004 Patrem

116 3023 300 3089 ordinantur,
325 3024 527 3083 obsecratione
550 3026 730 3085 clauduntur
754 3023 815 3096 Per,
833 3022 994 3083 Dominum
1015 3042 1068 3081 no-

115 3114 210 3165 strum
234 3104 331 3163 lesum
353 3113 406 3164 etc.
431 3103 509 3165 Tum
532 3110 600 3183 quia
623 3108 739 3167 nullum
772 3105 859 3165 aliud
890 3122 996 3163 nomen
1018 3104 1068 3164 do-

115 3194 179 3247 tum
191 3196 235 3257 ,est
250 3186 423 3256 luminibus,
441 3188 475 3244 in
489 3208 545 3266 quo
567 3198 699 3270 oportent
720 3207 772 3247 nos
793 3189 888 3248 solues
902 3187 982 3266 fieri:
1004 3192 1068 3247 tum

116 3263 295 3345 quod'uuus
315 3266 463 3329 mediator
485 3271 542 3329 Dei
556 3314 563 3338 ,
576 3282 614 3331 vet
637 3271 790 3331 hominum
814 3271 909 3336 Deus,
935 3278 962 3327 et
984 3269 1069 3327 homo

121 3349 260 3412 Christus
276 3349 374 3417 lesuss
398 3356 462 3411 turn
485 3353 564 3427 quod
583 3373 639 3432 per
655 3373 720 3411 eum
741 3356 836 3413 sotum
858 3352 997 3411 letemus
1018 3368 1074 3410 ec·.

116 3450 227 3492 cessum
249 3430 289 3491 cd
311 3430 455 3504 Pomm,-
475 3432 561 3509 juxta
583 3436 633 3504 id,
657 3434 736 3511 quod
760 3436 867 3511 legitur
889 3434 918 3491 in
942 3432 1067 3493 Actibus

116 3514 330 3591 Apostolorum
352 3511 425 3591 Cap.
450 3514 493 3574 lV
520 3515 584 3576 etl
612 3517 648 3575 ad
671 3514 863 3577 Timotheum
885 3513 957 3593 Cap.
982 3512 1009 3573 ll
1038 3519 1068 3574 et

113 3594 153 3656 ad
178 3596 326 3657 Romanos
347 3594 420 3675 Cap.
445 3596 484 3660 V.
508 3596 578 3659 Post
601 3598 758 3661 Collactom
787 3604 865 3659 totus
893 3604 997 3659 coetus
1018 3614 1068 3656 ac·

255 3691 311 3745 Vol.
331 3694 364 3743 ll.
879 3694 913 3744 tt
1024 3710 1028 3717 ·
