2517 4059
539 266 613 327 'w
637 254 696 317 15t
719 262 779 321 &ts-

185 384 313 443 terrnllo
335 384 514 444 translatum
535 385 573 445 ab
595 383 725 461 Angelo,
742 382 933 443 consentiunt
948 382 1094 450 universir
1113 385 1144 441 in

184 463 264 523 bunc
286 482 357 524 sane
382 466 521 535 modum,
544 484 604 544 quo
626 465 775 527 Abacueh
789 462 954 540 Propheta,
976 469 1008 523 et
1029 463 1144 540 Pbilip·

183 563 239 621 pus
262 544 412 605 Diaconos
434 549 569 609 translati
591 550 734 625 leguntur
759 548 788 605 in
809 544 909 605 Sacris
931 544 1065 615 Litteris;
1091 546 1143 606 ille

182 627 304 701 quidem
327 645 364 687 ex
387 626 496 689 iudaea
519 630 548 689 in
564 629 763 708 Babylonem,
779 629 834 687 iste
855 645 894 686 ex
910 626 989 686 Gaza
1006 628 1036 686 in
1052 627 1142 689 Azot.

182 706 257 767 Tota
282 709 320 767 de
342 708 468 787 Moyse,
496 728 587 786 quem
611 718 765 785 mortuum
789 710 881 769 luisse
905 708 1018 783 liquet.
1043 709 1143 769 oritur

181 789 351 851 difficultas.
376 789 518 852 Nonnulli
545 793 755 869 enim,‚quos
784 792 861 851 inter
889 797 1086 851 numerantur
1107 789 1143 851 S.

181 873 380 947 Augustinus,
397 868 485 931 libro
507 873 543 933 de
564 890 639 933 cora
656 892 717 955 pro
738 872 863 935 mortuis
888 870 963 949 Cap.
986 871 1038 939 15,·
1060 875 1092 931 et
1105 871 1141 931 S.

180 952 324 1019 Thomas,
347 953 373 1011 3
387 964 596 1032 pertonaret.
620 954 663 1015 45
684 966 748 1015 ert.
764 954 796 1012 3.
813 952 854 1013 od
875 952 898 1012 2
919 954 1055 1031 Moysem
1079 952 1144 1012 illio

180 1035 314 1096 adfuisse
340 1038 497 1101 sentiunt,
524 1040 670 1111 uranium
697 1038 734 1096 ad
760 1037 891 1095 animam
917 1040 1056 1104 tantum,
1080 1052 1142 1093 non

182 1122 327 1193 qnantum
350 1116 387 1175 ad
411 1118 566 1194 proprium
588 1134 714 1195 corpus;
731 1117 782 1177 sed
799 1118 878 1177 aliud
893 1116 930 1175 ab
946 1116 1010 1191 ipso
1025 1133 1143 1175 assum·

180 1204 264 1275 ptum
288 1197 401 1267 luisse,
426 1216 463 1257 ex
485 1196 579 1258 altera
608 1203 735 1260 materia
757 1200 855 1258 divina
880 1200 992 1257 virtute
1014 1215 1141 1274 compa·

179 1283 288 1339 ctum:
312 1280 340 1337 in
362 1296 433 1339 eum
455 1297 527 1341 sane
550 1281 687 1350 modum,
710 1299 770 1358 quo
791 1280 899 1357 Angeli
925 1281 951 1337 in
975 1280 1141 1357 assumptis

180 1361 359 1436 corporibus
385 1378 451 1421 sese
472 1361 650 1437 spectabiles
668 1363 884 1439 praebuerunt.
902 1360 960 1420 Alii
978 1362 1140 1424 tamenin

179 1442 291 1517 quibus
308 1442 446 1501 ridentur
468 1460 535 1504 esse
550 1440 582 1503 S.
598 1442 723 1505 loannes
738 1442 983 1520 Clrrysostomus,
1001 1439 1140 1503 Homilia

179 1521 295 1583 txvn
313 1526 341 1583 in
357 1523 558 1594 Malthaeum3
577 1523 615 1584 ·S.
633 1523 851 1603 Hieronymus,
870 1524 899 1581 in
920 1523 993 1598 Cap.
1008 1524 1045 1581 l'i
1060 1522 1142 1585 Mat-

173 1604 273 1672 thaeir
297 1615 328 1665 et
348 1605 380 1665 S.
397 1605 522 1665 loannes
544 1607 759 1672 Damascenus,
777 1603 922 1665 Oratione
945 1605 980 1664 ds
1009 1601 1140 1687 Transfi-

179 1688 340 1763 qorotione
354 1686 489 1754 Domini,-
503 1686 693 1765 Moysenad
721 1684 841 1764 tenipus
864 1686 1067 1747 resurrexisse
1089 1706 1141 1747 ro·

180 1766 255 1835 lunt,
278 1769 425 1845 illumque
448 1769 614 1829 secundum
642 1788 754 1847 corpus
776 1775 807 1830 et
828 1770 958 1831 animam
975 1768 1033 1827 illio
1050 1786 1140 1845 prae-

177 1856 293 1911 sentem
316 1850 458 1932 adfuisse.

527 1976 656 2075 c'nrur
678 2011 780 2073 xvir.

258 2190 301 2234 us
316 2190 417 2234 rssro
439 2190 673 2255 exsursrroms
695 2172 917 2237 ssucrrssnrs'x
934 2192 1050 2237 currus.

219 2334 247 2394 1.
273 2337 360 2396 Anno
375 2334 480 2412 quinto
495 2334 618 2413 Imperii
635 2338 768 2399 Heraclii
786 2339 970 2415 expugnavit
985 2337 1047 2397 Rex
1062 2334 1138 2395 Per-

175 2433 279 2477 sarum
301 2417 451 2479 Cbosroiis
466 2415 722 2497 Hierosolymam,
737 2420 900 2495 multisque
923 2420 1053 2479 millibus
1068 2418 1138 2477 ber-

175 2500 248 2558 bara
271 2500 450 2561 crudelitate
472 2500 671 2576 interemptis,
689 2507 720 2561 et
742 2519 799 2560 non
816 2502 1007 2577 paucioribus
1030 2502 1058 2559 in
1074 2518 1135 2559 ser·

176 2582 317 2657 vitutem¹
336 2581 492 2655 abreptis,
522 2579 747 2643 Sanctissimam
776 2600 896 2659 quoquc
919 2581 1037 2641 Domini
1063 2580 1133 2643 lesu

175 2659 302 2722 Crucem
327 2680 397 2722 cum
419 2661 564 2722 Zacharia
586 2664 766 2725 Patriarcba
790 2666 817 2723 in
841 2664 962 2725 Persam
985 2664 1132 2729 abduxit,

175 2740 256 2803 illam
283 2741 412 2804 Crucem
444 2754 536 2819 quam
563 2744 677 2805 Helena
704 2743 924 2835 Hierosolymis
937 2745 1132 2831 ‘reliquerat

175 2820 339 2885 Undecimo
361 2825 409 2883 sui
430 2823 554 2902 lmperii
577 2844 666 2893 anno,
683 2828 854 2893 Heraclius,
872 2827 972 2887 <lirino
987 2824 1133 2887 Christis*

175 2923 228 2966 nos
250 2906 429 2968 defendendi
455 2907 563 2969 ardore
586 2909 726 2969 incensus
742 2908 838 2983 inquit
858 2905 1023 2974 Cedrenus,
1046 2924 1133 2969 exer-

173 2990 252 3049 citus
275 3006 312 3049 ex
335 2990 457 3065 Europa
481 2990 509 3046 in
532 2989 635 3049 Asiam
653 2991 819 3059 transtulit,
837 2990 1047 3066 cogitavitque,
1069 2986 1132 3051 Deo

173 3069 348 3148 adjuvante,
362 3076 503 3129 conatum
516 3086 607 3131 suum·
621 3072 650 3129 in
664 3071 817 3131 Persidem
836 3073 948 3132 ducere
963 3070 1130 3139 chosroen,

172 3167 243 3212 curn
267 3152 363 3211 tribus
391 3151 572 3212 exercitibus
595 3153 771 3228 superarit,
798 3154 956 3229 ipsumque
977 3150 1132 3211 Cbosroiin

172 3234 201 3291 in
226 3234 327 3308 lugam
355 3235 467 3299 vertit,
493 3250 584 3307 quom
611 3252 669 3293 non
692 3235 780 3310 longo
804 3241 869 3308 post
892 3242 1026 3311 tempore
1049 3232 1132 3293 lilius

172 3313 284 3381 Siroiis,
307 3332 374 3378 seu,
398 3319 431 3374 ut
453 3313 503 3371 alii
524 3314 678 3391 appellant
698 3315 879 3384 Simoobius‚
897 3314 1059 3385 interiecit,
1084 3330 1133 3375 re·

172 3414 326 3473 gnunrque
348 3395 386 3455 ab
408 3392 551 3457 Heraclio
573 3397 723 3465 obtinuit,
748 3397 837 3457 certis
858 3392 1038 3473 quibusdam
1060 3413 1132 3457 con-

171 3478 344 3542 ditionibus,
367 3494 498 3553 quarum
526 3478 624 3555 prima
647 3477 715 3549 luit,
744 3483 777 3539 ut
790 3476 918 3539 Crucem
942 3476 1068 3537 Domini.
1086 3497 1133 3539 re-

171 3561 320 3621 stitueret.
343 3556 424 3636 Ergo
445 3557 526 3619 Crux
553 3561 781 3634 quatuordecim
811 3562 897 3619 annis
920 3567 1007 3637 post.
1037 3577 1133 3635 quam

170 3646 295 3701 venerat
316 3642 345 3700 in
368 3646 548 3718 potestatem
563 3639 738 3714 Persarum,
756 3647 877 3720 recepta
895 3648 953 3703 est.
970 3638 1132 3703 Heraclius
