2517 4059
566 208 790 283 *plim-

201 341 291 402 talem
315 357 394 414 quae
416 346 556 416 tanquam
579 343 681 417 spuria
704 339 854 419 rejicitur.
877 337 1072 399 Bollandistae
1095 354 1156 395 non

202 420 339 483 absimile
361 422 557 490 existimant,
581 429 739 501 postquam
762 421 877 482 Helena
900 419 1025 481 Romam
1049 417 1157 479 Crucis

202 514 317 582 partein
341 502 507 571 inimisit,
533 506 579 563 vel
602 523 619 563 e
642 502 804 564 Palaestina
830 504 946 563 rediens
970 501 1030 577 ipsa
1052 518 1155 563 seeum

202 586 296 655 tulit,
321 590 352 643 et
378 586 406 643 in
433 584 557 645 Basilica
580 584 613 644 S.
638 584 742 645 Crucis
764 586 792 644 in
815 583 1013 644 Hierusalem·
1029 584 1155 642 colloca·

200 668 264 734 vit,
298 668 326 725 in
349 667 405 726 hac
428 670 558 743 primurn
581 663 716 726 Ecclesia
739 664 946 727 festivitatem
972 664 1156 724 {aventionis

201 748 233 807 S.
257 747 360 807 Crucis
388 750 533 808 celebrari
566 750 725 826 coepisse,
759 754 849 824 atque
882 749 950 807 inde
982 746 1155 806 aSummis

202 828 392 890 Pontificibus
425 833 453 889 in
476 832 549 889 alias
571 829 686 890 Romae
710 830 859 889 Ecclesias
892 831 1039 889 invectam
1062 845 1153 894 esse,

202 912 282 970 unde
306 912 424 970 endem
457 914 494 971 ad
519 913 718 972 universalem
747 912 913 972 Ecclesiam
941 910 1152 986 permeaverit.

200 992 277 1053 Sane
299 994 335 1052 de
357 1012 392 1053 ea
416 995 529 1053 mentio
551 992 584 1053 fit
606 996 635 1052 in
658 991 896 1053 sacramentario
919 1002 949 1053 et
972 990 1155 1067 Antiphone·

201 1076 246 1133 rio
268 1074 299 1134 S.
324 1073 473 1150 Gregorii.
507 1074 540 1134 ln
564 1074 676 1135 Missali
699 1073 829 1134 Gothico
861 1074 1048 1136 aCardinali
1071 1072 1154 1132 Tho-

202 1158 299 1215 masio
319 1159 472 1233 evulgato,
496 1157 580 1215 adest
601 1156 692 1214 Missa
714 1158 749 1215 itt
771 1155 943 1215 Inventione
972 1153 1090 1218 Crucis.
1118 1153 1151 1213 ln
1176 1224 1178 1230 ι
1255 1182 1256 1225 3

200 1238 405 1311 antiquissimo
421 1238 470 1299 illo
486 1237 725 1305 sacramentario
742 1236 895 1296 Gallicano
912 1236 1040 1297 habetur
1062 1238 1153 1296 Missa

199 1317 237 1377 de
259 1316 443 1377 inventione.
469 1318 683 1397 Martyrologia
714 1320 791 1378 itlcm
814 1318 936 1379 Festum
959 1319 1151 1387 annunciant.

118 1468 122 1473 ⁴
199 1397 297 1462 Unum
321 1400 370 1458 hic
387 1399 484 1460 relcro
506 1401 736 1477 quodomnium
753 1401 991 1476 antiquissimum
1014 1418 1031 1457 a
1053 1399 1152 1459 multis

200 1485 335 1556 putatur,
360 1482 430 1539 itlnd
455 1483 579 1547 scilicet.
602 1482 681 1557 qnod
704 1482 856 1559 evulgavit
878 1481 1091 1541 Florentinins.
1120 1480 1151 1539 ln
1255 1506 1256 1515 ¹

198 1579 235 1621 eo
258 1579 348 1637 porro
372 1563 408 1621 ad
432 1562 451 1621 3
474 1564 544 1624 hlaii
566 1563 646 1623 diem
671 1565 745 1622 haec
769 1564 939 1623 hahentur:
963 1562 1001 1622 ln
1017 1560 1152 1621 Hieroso

197 1646 278 1721 lyme
302 1644 434 1703 inventio
459 1643 491 1704 S.
522 1644 629 1708 Crucis
659 1646 785 1705 Domini
809 1646 905 1705 nostri
928 1644 997 1704 Iesu
1025 1645 1149 1707 Christi.
1255 1670 1256 1705 1

198 1725 363 1801 Gregorius
384 1725 432 1785 Xl
452 1724 541 1803 jussit
570 1728 707 1801 componi
737 1744 793 1785 non
824 1726 912 1785 modo
943 1725 1148 1791 lnvcntionis4

198 1808 249 1865 sed
272 1804 466 1867 Exaltationls
489 1826 609 1883 quoqne
632 1806 663 1866 S.
680 1807 783 1868 Crucis
805 1806 958 1867 Ollieinm.
983 1804 1057 1884 Ejus
1079 1804 1150 1865 Offi-

197 1888 235 1946 cii
258 1896 409 1948 auctorem
433 1888 523 1949 lnisse
548 1887 669 1949 Petrum
693 1888 944 1967 Senogalliensem
967 1889 1149 1965 Episcopum
1255 1888 1256 1901 ²

197 1969 288 2028 tradit
310 1969 464 2030 Bailletus.
499 1970 585 2043 Quod
609 1977 710 2031 autem
735 1978 903 2045 ptinerent,
933 1970 1003 2047 quid
1027 1972 1055 2028 in
1078 1970 1149 2029 San-

196 2049 347 2109 ctissimae
369 2049 473 2110 Crucis
495 2051 669 2113 inventione
692 2054 862 2127 reperiatur
895 2053 953 2112 hac
974 2050 1148 2111 Festiritate
1255 2084 1256 2095 .

196 2130 343 2205 dignnm;
369 2133 583 2206 respondemus
615 2132 820 2193 inventionem
852 2132 956 2194 Crucis
992 2152 1050 2193 non
1083 2149 1148 2193 esse

195 2208 287 2287 hujus
309 2211 492 2273 Festivitatis
515 2212 764 2291 tundamentum,
790 2215 841 2275 sed
862 2213 1045 2275 Festivitatis
1067 2214 1148 2273 insti·

195 2293 325 2354 tuendae
340 2294 528 2356 occasionem
551 2296 738 2373 praebuisse.
764 2294 883 2356 Etenim
907 2299 969 2356 sola
985 2296 1065 2357 Crux
1082 2313 1148 2374 pro·

194 2377 262 2451 pter
287 2374 455 2447 Christum,
480 2378 530 2453 qni
553 2379 580 2437 ei
602 2382 650 2438 est
671 2378 799 2449 affixus,
825 2379 944 2453 ponitur
967 2379 1061 2438 veluti
1084 2377 1148 2437 lun·
1255 2424 1256 2427 ,

195 2455 371 2518 dementum
394 2458 465 2517 huic
488 2458 687 2519 Solemnitati.
721 2458 804 2519 lesus
825 2458 964 2519 Christus
992 2461 1072 2519 enim
1096 2458 1147 2519 oh-

192 2534 308 2614 jectnm
331 2544 377 2599 est
409 2538 570 2617 Religionis
601 2546 720 2601 nostrae
754 2542 975 2619 praecipuum,
1008 2546 1040 2600 et
1065 2540 1145 2603 Crux
1255 2552 1256 2555 ’

194 2625 336 2693 tanquam
361 2626 479 2682 nostrae
502 2621 728 2698 Redemptionis
751 2624 982 2683 instrumentum
1005 2624 1124 2683 colitur.

187 2770 204 2793 -.
233 2698 273 2759 ll.
299 2701 346 2761 Ad
374 2705 598 2764 venerationem
619 2701 725 2763 Crucis
747 2705 877 2779 pertinet
903 2722 1022 2781 quoque
1044 2703 1145 2765 Crucis

194 2783 335 2842 inventio.
370 2783 434 2861 Age
456 2786 557 2861 itaque
580 2790 773 2845 monumenta
796 2786 1008 2862 proteramus,
1039 2786 1144 2861 quihus

193 2861 222 2921 id
244 2870 370 2925 constet.
405 2865 526 2927 Praeire
547 2864 693 2946 Cyrittnm
725 2864 1032 2945 hierosolymitanum
1055 2868 1141 2931 roto.

190 2949 295 3020 utpote
311 2946 456 3014 omnium,
480 2950 530 3023 qni
546 2948 791 3025 expressissimae
808 2949 947 3009 inventae
962 2946 1068 3009 Crucis
1083 2966 1143 3009 me·

191 3026 345 3087 minorent
358 3030 595 3089 vetustissimum
618 3026 670 3110 (1).
690 3028 717 3089 ls
742 3030 769 3087 in
787 3028 923 3109 Epistola
939 3029 979 3088 cd
999 3028 1142 3091 Constan-

225 3194 262 3256 (l)
280 3198 347 3247 Crux
366 3196 469 3249 invento
482 3207 522 3249 cst
540 3213 609 3250 anno
622 3199 716 3251 Christi
730 3200 781 3251 326
798 3200 920 3265 proximo
928 3210 988 3269 post
1000 3200 1141 3255 Concilium

190 3262 558 3339 Nicaennrnssecumcnicum
582 3272 592 3318 l
618 3267 723 3333 imperii
750 3270 913 3320 Constantini
937 3271 1024 3335 Magni
1042 3272 1076 3321 21
1099 3268 1140 3323 Sil·

189 3332 269 3381 rcstri
290 3333 421 3383 ronttflcis
439 3336 482 3385 13.
502 3335 531 3385 ld
549 3337 614 3386 satis
633 3342 741 3401 apparet
768 3348 798 3385 er
816 3338 943 3390 Chronico
961 3338 1086 3395 Eusebii.
1113 3352 1141 3389 cr

188 3397 291 3459 Rufino,
310 3401 369 3451 Lib.
389 3406 410 3453 x
430 3404 558 3455 Historiae
579 3403 773 3455 Ecclesiasticus
792 3408 856 3473 Cep.
875 3408 893 3456 7
904 3420 911 3468 ;
929 3415 956 3459 et
974 3422 1003 3457 ex
1021 3412 1136 3459 sozome-

188 3479 240 3525 no,
259 3468 304 3529 qui
323 3468 383 3519 Lib.
403 3472 508 3537 neap.
528 3474 542 3521 1
563 3470 660 3532 refert,
680 3470 772 3522 eodem
791 3474 844 3524 iere
863 3482 998 3541 tempore,
1018 3490 1070 3539 quo
1090 3488 1139 3525 rne-

188 3540 321 3647 ptorntnm
340 3536 482 3589 Concilium
502 3538 640 3590 dimissum
654 3547 704 3603 est,
724 3542 833 3591 Crucem
852 3541 886 3593 ah
899 3542 995 3595 Helena
1009 3544 1138 3594 inventam

201 3611 280 3651 nisse.
603 3639 606 3645 -
