2517 4059
461 192 646 265 *mim

64 324 156 385 immo
191 322 311 385 nulium
343 319 493 383 habemus
522 322 724 401 exemplum,
753 339 813 401 quo
835 340 1032 404 asmqmmur

62 406 206 467 cumdem
232 406 324 465 ritum
346 403 375 485 in
396 402 522 480 Templo
547 406 649 483 peragi
675 405 893 469 consuevisse:
925 413 1032 471 contre

64 486 196 567 plurima
221 484 361 563 exempla
382 485 541 555 habemus,
569 488 679 565 quihus
693 492 779 549 extra
793 485 956 567 Templum
973 491 1033 553 cir·

63 572 283 632 cumcisionem
298 568 346 645 agi
362 568 569 639 consuevisse,
590 568 751 631 discemus.
774 568 930 633 Abraham
946 572 1030 635 domi

61 654 264 716 circumcisus
283 658 355 721 est,
377 650 420 711 uti
443 649 552 728 legitur
579 648 608 711 in
631 650 724 711 Libro
746 649 822 713 Gen.
846 652 919 731 Cap.
937 652 1030 720 xvu

61 754 90 797 v.
113 733 167 795 23.
195 732 335 811 Sephora
358 732 387 792 in
408 731 598 801 diversorio,
622 733 696 794 dum
719 734 776 793 iter
798 742 911 812 agerer,
935 734 1032 799 filium

60 834 150 879 suum
175 813 378 877 circumcidit.
400 810 483 889 Quid
505 814 585 890 quod
607 816 837 893 expressissime
860 836 913 878 nos
941 820 1030 881 docta

61 896 255 977 Epiphanius
275 900 413 958 vetustus
434 913 505 955 sane
521 894 679 975 Scriptor,
704 898 919 960 circumcisum
934 899 1030 963 fuisse

60 976 221 1043 Christum
246 981 275 1039 in
296 976 371 1038 urbe
392 976 577 1039 Bethleem?
609 977 777 1060 Bethleemi
801 980 917 1059 inquit,
951 980 1033 1043 Hoe-

60 1062 122 1123 resi
144 1060 214 1123 XX
232 1060 284 1122 sub
311 1056 406 1119 Titulo
428 1056 464 1119 de
486 1057 702 1123 incorrectione
722 1060 835 1125 Christi
854 1060 979 1123 Domini
998 1061 1029 1129 b.

62 1144 91 1215 1,
115 1145 153 1205 ire
173 1146 277 1206 lucem
298 1140 403 1211 editus,
419 1151 510 1222 atque
530 1144 565 1205 lu
585 1147 680 1221 specie
702 1144 900 1213 circumcisus,
924 1143 1034 1209 Hiero-

60 1226 183 1305 solymis
216 1226 334 1285 eblotue
365 1232 433 1294 eet,
467 1224 567 1303 ibique
589 1243 609 1285 o
629 1224 764 1287 Simeoue
795 1228 879 1287 iuter
903 1226 1033 1289 bruchio

61 1320 232 1385 susceptus.
254 1304 387 1367 Traditio
409 1302 653 1368 Christianorum
676 1306 893 1376 Orientalium,
917 1308 1028 1389 inipso

61 1408 156 1466 specu
172 1386 388 1451 Bethlemitico
404 1388 617 1449 circumcisum
629 1388 729 1451 lesum
741 1390 883 1451 affirmat.
896 1388 934 1453 Ut
948 1392 1030 1454 diem

63 1471 232 1539 discamus,
255 1488 317 1547 quo
338 1471 535 1531 circumcisus
557 1476 604 1531 cst
625 1470 722 1539 lesus,
745 1473 817 1532 satis
839 1478 939 1535 estut
959 1492 1031 1537 eum

64 1550 226 1631 Evangelii
246 1548 346 1615 locum
370 1551 542 1621 adeamus,
574 1554 605 1613 in
626 1572 686 1631 quo
707 1550 819 1615 Christi
842 1556 1031 1618 circumcisio

65 1635 263 1702 describitur,
287 1634 328 1694 sic
351 1634 432 1693 enim
454 1632 595 1695 sehabet
615 1635 699 1698 locus
722 1636 792 1696 ille:
817 1634 1032 1716 superquam

66 1718 164 1797 inquit
185 1717 285 1777 Lucas
301 1714 375 1793 Cap.
399 1714 428 1777 11
451 1734 482 1775 v.
499 1714 537 1777 21
563 1718 764 1779 consummati
782 1728 854 1781 eunt
875 1717 936 1779 dies
958 1732 1032 1789 octo,

65 1808 100 1859 ut
122 1796 393 1878 circumcideretur
410 1816 514 1875 puer:
547 1809 688 1860 uocatum
710 1808 752 1861 est
772 1819 880 1859 uomere
900 1804 964 1881 ejus
984 1800 1032 1862 Ie-

67 1899 136 1951 sus,
161 1879 243 1961 quod
264 1888 402 1941 uocatum
425 1891 466 1940 est
486 1882 523 1941 ub
546 1878 667 1959 dumio,
688 1883 870 1961 priusquam
890 1882 925 1941 iu
944 1890 1033 1945 utero

68 1965 288 2045 conciperetur.
310 1960 416 2023 Voluit
435 1962 516 2023 enim
540 1962 643 2030 Deus,
677 1962 779 2025 lesum
802 1964 901 2040 ipsum
923 1981 1031 2040 parcre

68 2043 148 2123 legi,
173 2051 317 2107 octavum
339 2042 376 2103 ab
398 2052 466 2105 ortu
490 2045 575 2122 pueri
597 2045 679 2105 diem
701 2044 919 2107 circumcisioni
941 2045 1032 2108 desti·

71 2129 162 2196 nanti,
180 2127 258 2189 haec
273 2126 354 2187 enim
365 2124 520 2187 Abraham
535 2123 662 2203 ejusque
678 2128 805 2205 posteris
820 2127 925 2189 indixit
935 2126 1031 2192 Deus:

71 2206 180 2285 lufaus
201 2219 264 2269 ocio
286 2208 405 2269 dierum
427 2207 662 2269 circumcidetur
683 2213 717 2270 iu
736 2209 826 2269 cobis.

110 2290 166 2351 lv.
191 2289 333 2351 Pluribus
354 2307 393 2349 ex
407 2292 503 2351 causis
525 2291 655 2351 voluisse
669 2289 823 2351 Christum
841 2291 1030 2364 circumcidi,

72 2370 142 2433 dicit
162 2371 196 2434 S.
220 2372 407 2450 Epiphanius
428 2370 554 2434 Haerere·
568 2370 619 2443 30,
644 2378 785 2449 quaeest
802 2370 1025 2435 Ebionitarum.

73 2451 171 2516 Prima
195 2460 230 2515 ut
244 2472 276 2517 so
291 2471 412 2517 carnem
433 2472 505 2515 vere
520 2456 654 2517 induisse
676 2460 869 2517 monstraret.
893 2455 1030 2516 Secunda

76 2541 108 2597 ut
134 2538 397 2617 circumcisionem
429 2554 520 2613 quam
550 2536 634 2599 Deus
664 2534 735 2597 olim
766 2536 960 2607 instituerat,
994 2537 1031 2599 ad

74 2618 237 2680 adventum
259 2636 354 2695 usque
369 2636 456 2679 suum
473 2619 580 2679 merito
596 2620 801 2689 observatam,
823 2620 961 2698 exemplo
975 2638 1031 2696 suo

76 2701 295 2779 comprobaret.
319 2699 418 2762 Tertia
442 2708 476 2761 ut
498 2700 653 2777 probaret,
672 2716 706 2760 se
727 2718 794 2763 essc
816 2700 852 2761 de
868 2718 977 2781 genere
991 2699 1033 2761 A·

77 2779 210 2849 brahae,
235 2782 286 2859 qui
308 2783 546 2845 circumcisionis
568 2781 743 2845 mandatum
766 2787 925 2860 acceperat
945 2783 975 2843 in
992 2782 1033 2845 si-

78 2878 166 2936 gnum
190 2864 272 2933 fidei,
296 2882 387 2941 quam
410 2864 447 2925 de
463 2865 526 2942 ipso
551 2864 712 2926 habuerat.
735 2862 849 2938 Quarta
866 2868 901 2925 ut
916 2882 952 2924 ca
966 2880 1033 2942 per·

79 2940 208 3017 iunctus,
225 2964 292 3007 eam
316 2964 374 3007 non
390 2964 455 3007 essa
477 2947 608 3024 amplius
631 2946 830 3007 necessariam
849 2944 1031 3013 ostenderet.

80 3027 127 3087 scd
149 3028 245 3091 solam
268 3028 526 3089 circumcisionem
540 3027 654 3091 cordis.
677 3024 733 3087 His
748 3046 785 3087 cx
802 3025 969 3106 Epiphanio
984 3027 1032 3087 ad-

79 3106 172 3171 ductis
194 3110 266 3171 alias
288 3116 350 3171 tres
371 3110 500 3171 rationes
532 3109 669 3189 adjungit
698 3108 730 3169 S.
755 3109 888 3169 Thomas
909 3108 929 3169 3
950 3112 1030 3187 part.

82 3198 194 3267 quaest.
219 3190 259 3253 37
290 3191 358 3251 Art.
383 3192 413 3251 1.
449 3190 556 3253 Primo
578 3201 619 3253 est
644 3199 681 3252 ut
702 3190 857 3251 obediendi
886 3194 1032 3254 uirtutem

81 3272 157 3335 uobis
188 3293 242 3335 suo
264 3273 486 3335 commendaret
519 3276 673 3350 eccemplo:
704 3273 784 3333 uude
806 3283 833 3334 et
853 3283 956 3335 octauo
983 3269 1033 3333 die

83 3356 272 3417 circumcisus
293 3364 359 3423 est,
381 3356 460 3416 sicut
482 3354 515 3415 iu
537 3356 598 3433 iope
620 3362 688 3415 eret
703 3367 911 3436 praeceptum.
927 3352 1032 3417 Altera

84 3443 115 3494 ut
134 3440 206 3515 quio
227 3438 261 3497 iu
281 3437 509 3499 similitudinem
529 3436 628 3497 carnia
645 3438 763 3516 peccori
783 3438 963 3507 adverteret,
985 3455 1052 3497 re-.

84 3519 233 3589 medium,
255 3540 314 3601 quo
335 3528 527 3581 consueverat
548 3538 617 3581 coro
638 3517 808 3589 mundari,
830 3538 891 3579 nou
912 3536 1031 3598 respue·

85 3608 136 3660 ret.
162 3600 264 3665 Tertio
284 3612 319 3663 ut
341 3602 414 3681 lepis
434 3619 508 3669 onus
527 3602 562 3663 iu
582 3619 611 3661 ee
632 3602 799 3670 sustiueri-r,
823 3600 898 3661 ulios
918 3617 939 3661 o
958 3602 1032 3680 lepte
