<?xml version="1.0" encoding="UTF-8"?>
<!DOCTYPE html PUBLIC "-//W3C//DTD XHTML 1.0 Transitional//EN"
    "http://www.w3.org/TR/xhtml1/DTD/xhtml1-transitional.dtd">
<html xmlns="http://www.w3.org/1999/xhtml" xml:lang="en" lang="en">
 <head>
  <title>
</title>
<meta http-equiv="Content-Type" content="text/html;charset=utf-8" />
  <meta name='ocr-system' content='tesseract 3.04.00' />
  <meta name='ocr-capabilities' content='ocr_page ocr_carea ocr_par ocr_line ocrx_word'/>
</head>
<body>
  <div class='ocr_page' id='page_1' title='image "./institutionesli00marigoog_0050.png"; bbox 0 0 2517 4059; ppageno 0'>
   <div class='ocr_carea' id='block_1_1' title="bbox 587 196 792 265">
    <p class='ocr_par' dir='ltr' id='par_1_1' title="bbox 587 196 792 265">
     <span class='ocr_line' id='line_1_1' title="bbox 587 196 792 265; baseline -0.005 0"><span class='ocrx_word' id='word_1_1' title='bbox 587 196 792 265; x_wconf 51' lang='lat' dir='ltr'><strong>wioma-</strong></span> 
     </span>
    </p>
   </div>
   <div class='ocr_carea' id='block_1_2' title="bbox 213 323 1174 809">
    <p class='ocr_par' dir='ltr' id='par_1_2' title="bbox 213 323 1174 809">
     <span class='ocr_line' id='line_1_2' title="bbox 217 323 1169 402; baseline -0.003 -16"><span class='ocrx_word' id='word_1_2' title='bbox 217 344 283 386; x_wconf 92' lang='lat' dir='ltr'><strong>rum</strong></span> <span class='ocrx_word' id='word_1_3' title='bbox 307 324 416 384; x_wconf 89' lang='lat' dir='ltr'><strong>dicitur</strong></span> <span class='ocrx_word' id='word_1_4' title='bbox 447 324 524 385; x_wconf 89' lang='lat' dir='ltr'><strong>idest</strong></span> <span class='ocrx_word' id='word_1_5' title='bbox 552 324 589 383; x_wconf 93' lang='lat' dir='ltr'><strong>ad</strong></span> <span class='ocrx_word' id='word_1_6' title='bbox 615 325 785 401; x_wconf 82' lang='lat' dir='ltr'><strong>ungendum</strong></span> <span class='ocrx_word' id='word_1_7' title='bbox 809 323 964 392; x_wconf 80' lang='lat' dir='ltr'><strong>infirmos,</strong></span> <span class='ocrx_word' id='word_1_8' title='bbox 995 326 1169 402; x_wconf 84' lang='lat' dir='ltr'><strong>priusquam</strong></span> 
     </span>
     <span class='ocr_line' id='line_1_3' title="bbox 213 404 1172 485; baseline -0.002 -19"><span class='ocrx_word' id='word_1_9' title='bbox 213 406 382 484; x_wconf 81' lang='lat' dir='ltr'><strong>Episcopus</strong></span> <span class='ocrx_word' id='word_1_10' title='bbox 403 424 439 467; x_wconf 82' lang='lat' dir='ltr'><strong>ea</strong></span> <span class='ocrx_word' id='word_1_11' title='bbox 461 408 552 467; x_wconf 86' lang='lat' dir='ltr'><strong>verbu</strong></span> <span class='ocrx_word' id='word_1_12' title='bbox 577 408 605 464; x_wconf 92' lang='lat' dir='ltr'><strong>in</strong></span> <span class='ocrx_word' id='word_1_13' title='bbox 629 408 720 467; x_wconf 89' lang='lat' dir='ltr'><strong>Missa</strong></span> <span class='ocrx_word' id='word_1_14' title='bbox 743 406 886 484; x_wconf 80' lang='lat' dir='ltr'><strong>proterat,</strong></span> <span class='ocrx_word' id='word_1_15' title='bbox 911 404 971 467; x_wconf 86' lang='lat' dir='ltr'><strong>Per</strong></span> <span class='ocrx_word' id='word_1_16' title='bbox 993 427 1079 485; x_wconf 73' lang='lat' dir='ltr'><strong>prtem</strong></span> <span class='ocrx_word' id='word_1_17' title='bbox 1101 409 1172 481; x_wconf 70' lang='lat' dir='ltr'><strong>boec</strong></span> 
     </span>
     <span class='ocr_line' id='line_1_4' title="bbox 214 487 1173 567; baseline 0.003 -21"><span class='ocrx_word' id='word_1_18' title='bbox 214 487 316 547; x_wconf 77' lang='lat' dir='ltr'><strong>omnio</strong></span> <span class='ocrx_word' id='word_1_19' title='bbox 339 488 466 547; x_wconf 76' lang='lat' dir='ltr'><strong>Domine</strong></span> <span class='ocrx_word' id='word_1_20' title='bbox 487 506 600 567; x_wconf 86' lang='lat' dir='ltr'><strong>semper</strong></span> <span class='ocrx_word' id='word_1_21' title='bbox 622 490 700 552; x_wconf 81' lang='lat' dir='ltr'><strong>bone</strong></span> <span class='ocrx_word' id='word_1_22' title='bbox 720 506 816 559; x_wconf 85' lang='lat' dir='ltr'><strong>creos,</strong></span> <span class='ocrx_word' id='word_1_23' title='bbox 839 489 986 549; x_wconf 89' lang='lat' dir='ltr'><strong>olieratur</strong></span> <span class='ocrx_word' id='word_1_24' title='bbox 1003 490 1057 566; x_wconf 90' lang='lat' dir='ltr'><strong>ipsi</strong></span> <span class='ocrx_word' id='word_1_25' title='bbox 1080 489 1173 549; x_wconf 78' lang='lat' dir='ltr'><strong>bene</strong></span> 
     </span>
     <span class='ocr_line' id='line_1_5' title="bbox 213 567 1173 647; baseline 0 -19"><span class='ocrx_word' id='word_1_26' title='bbox 213 570 385 631; x_wconf 90' lang='lat' dir='ltr'><strong>dicendum.</strong></span> <span class='ocrx_word' id='word_1_27' title='bbox 411 567 518 629; x_wconf 87' lang='lat' dir='ltr'><strong>Oblato</strong></span> <span class='ocrx_word' id='word_1_28' title='bbox 534 568 684 647; x_wconf 80' lang='lat' dir='ltr'><strong>Episcopo</strong></span> <span class='ocrx_word' id='word_1_29' title='bbox 698 569 763 630; x_wconf 88' lang='lat' dir='ltr'><strong>Olei</strong></span> <span class='ocrx_word' id='word_1_30' title='bbox 780 569 970 629; x_wconf 91' lang='lat' dir='ltr'><strong>inllrmorum</strong></span> <span class='ocrx_word' id='word_1_31' title='bbox 986 586 1068 637; x_wconf 77' lang='lat' dir='ltr'><strong>vase,</strong></span> <span class='ocrx_word' id='word_1_32' title='bbox 1084 588 1173 629; x_wconf 88' lang='lat' dir='ltr'><strong>exor-</strong></span> 
     </span>
     <span class='ocr_line' id='line_1_6' title="bbox 214 649 1174 728; baseline 0 -18"><span class='ocrx_word' id='word_1_33' title='bbox 214 653 291 712; x_wconf 87' lang='lat' dir='ltr'><strong>cizat</strong></span> <span class='ocrx_word' id='word_1_34' title='bbox 305 651 388 711; x_wconf 90' lang='lat' dir='ltr'><strong>illud.</strong></span> <span class='ocrx_word' id='word_1_35' title='bbox 405 649 504 723; x_wconf 84' lang='lat' dir='ltr'><strong>Quam</strong></span> <span class='ocrx_word' id='word_1_36' title='bbox 528 652 669 728; x_wconf 88' lang='lat' dir='ltr'><strong>antiquus</strong></span> <span class='ocrx_word' id='word_1_37' title='bbox 689 653 728 712; x_wconf 88' lang='lat' dir='ltr'><strong>sit</strong></span> <span class='ocrx_word' id='word_1_38' title='bbox 741 650 887 711; x_wconf 89' lang='lat' dir='ltr'><strong>Oleorum</strong></span> <span class='ocrx_word' id='word_1_39' title='bbox 902 653 1102 712; x_wconf 82' lang='lat' dir='ltr'><strong>exorcismus.</strong></span> <span class='ocrx_word' id='word_1_40' title='bbox 1120 668 1174 727; x_wconf 88' lang='lat' dir='ltr'><strong>pa-</strong></span> 
     </span>
     <span class='ocr_line' id='line_1_7' title="bbox 213 730 1170 809; baseline 0 -18"><span class='ocrx_word' id='word_1_41' title='bbox 213 738 257 795; x_wconf 87' lang='lat' dir='ltr'><strong>tet</strong></span> <span class='ocrx_word' id='word_1_42' title='bbox 288 751 325 793; x_wconf 86' lang='lat' dir='ltr'><strong>ex</strong></span> <span class='ocrx_word' id='word_1_43' title='bbox 348 733 470 809; x_wconf 87' lang='lat' dir='ltr'><strong>antiquo</strong></span> <span class='ocrx_word' id='word_1_44' title='bbox 491 731 604 792; x_wconf 82' lang='lat' dir='ltr'>Ordine</span> <span class='ocrx_word' id='word_1_45' title='bbox 627 731 764 793; x_wconf 82' lang='lat' dir='ltr'><strong>Romano</strong></span> <span class='ocrx_word' id='word_1_46' title='bbox 796 751 832 793; x_wconf 83' lang='lat' dir='ltr'><strong>ex</strong></span> <span class='ocrx_word' id='word_1_47' title='bbox 854 730 964 793; x_wconf 77' lang='lat' dir='ltr'>Codice</span> <span class='ocrx_word' id='word_1_48' title='bbox 993 732 1170 793; x_wconf 81' lang='lat' dir='ltr'><strong>Mouasle&#39;rii</strong></span> 
     </span>
    </p>
   </div>
   <div class='ocr_carea' id='block_1_3' title="bbox 213 812 1258 891">
    <p class='ocr_par' dir='ltr' id='par_1_3' title="bbox 213 812 1258 891">
     <span class='ocr_line' id='line_1_8' title="bbox 213 812 1258 891; baseline -0.003 -16"><span class='ocrx_word' id='word_1_49' title='bbox 213 813 244 875; x_wconf 86' lang='lat' dir='ltr'><strong>S.</strong></span> <span class='ocrx_word' id='word_1_50' title='bbox 263 815 363 875; x_wconf 78' lang='lat' dir='ltr'><strong>bibini</strong></span> <span class='ocrx_word' id='word_1_51' title='bbox 387 812 620 890; x_wconf 77' lang='lat' dir='ltr'><strong>Andegavensis.</strong></span> <span class='ocrx_word' id='word_1_52' title='bbox 645 820 676 873; x_wconf 86' lang='lat' dir='ltr'><strong>et</strong></span> <span class='ocrx_word' id='word_1_53' title='bbox 698 833 735 874; x_wconf 84' lang='lat' dir='ltr'><strong>ex</strong></span> <span class='ocrx_word' id='word_1_54' title='bbox 757 815 822 873; x_wconf 89' lang='lat' dir='ltr'><strong>allis</strong></span> <span class='ocrx_word' id='word_1_55' title='bbox 843 815 1048 891; x_wconf 78' lang='lat' dir='ltr'>compluribus</span> <span class='ocrx_word' id='word_1_56' title='bbox 1070 815 1173 873; x_wconf 78' lang='lat' dir='ltr'><strong>Libris</strong></span> <span class='ocrx_word' id='word_1_57' title='bbox 1256 841 1258 882; x_wconf 64' lang='grc' dir='ltr'><strong>ι</strong></span> 
     </span>
    </p>
   </div>
   <div class='ocr_carea' id='block_1_4' title="bbox 212 893 1173 973">
    <p class='ocr_par' dir='ltr' id='par_1_4' title="bbox 212 887 1257 973">
     <span class='ocr_line' id='line_1_9' title="bbox 212 893 1173 973; baseline -0.001 -17"><span class='ocrx_word' id='word_1_58' title='bbox 212 898 344 973; x_wconf 78' lang='lat' dir='ltr'><strong>antiquis</strong></span> <span class='ocrx_word' id='word_1_59' title='bbox 367 894 602 955; x_wconf 64' lang='lat' dir='ltr'><strong>Pontifiealibusz</strong></span> <span class='ocrx_word' id='word_1_60' title='bbox 627 893 809 955; x_wconf 81' lang='lat' dir='ltr'><strong>Nullusest</strong></span> <span class='ocrx_word' id='word_1_61' title='bbox 829 895 1090 956; x_wconf 81' lang='lat' dir='ltr'><strong>sacramentorum</strong></span> <span class='ocrx_word' id='word_1_62' title='bbox 1114 893 1173 955; x_wconf 82' lang='lat' dir='ltr'><strong>Co·</strong></span> 
     </span>
    </p>
   </div>
   <div class='ocr_carea' id='block_1_5' title="bbox 214 975 1257 1053">
    <p class='ocr_par' dir='ltr' id='par_1_5' title="bbox 214 975 1257 1053">
     <span class='ocr_line' id='line_1_10' title="bbox 214 975 1257 1053; baseline -0.004 -14"><span class='ocrx_word' id='word_1_63' title='bbox 214 980 292 1044; x_wconf 84' lang='lat' dir='ltr'><strong>dex,</strong></span> <span class='ocrx_word' id='word_1_64' title='bbox 318 979 376 1037; x_wconf 88' lang='lat' dir='ltr'><strong>vel</strong></span> <span class='ocrx_word' id='word_1_65' title='bbox 388 976 477 1035; x_wconf 85' lang='lat' dir='ltr'><strong>Liber</strong></span> <span class='ocrx_word' id='word_1_66' title='bbox 499 975 699 1042; x_wconf 88' lang='lat' dir='ltr'><strong>Pontificalis,</strong></span> <span class='ocrx_word' id='word_1_67' title='bbox 728 978 757 1035; x_wconf 89' lang='lat' dir='ltr'><strong>in</strong></span> <span class='ocrx_word' id='word_1_68' title='bbox 780 994 839 1052; x_wconf 88' lang='lat' dir='ltr'><strong>quo</strong></span> <span class='ocrx_word' id='word_1_69' title='bbox 860 980 1027 1053; x_wconf 78' lang='lat' dir='ltr'><strong>orationem</strong></span> <span class='ocrx_word' id='word_1_70' title='bbox 1058 976 1173 1049; x_wconf 78' lang='lat' dir='ltr'><strong>Emitte</strong></span> <span class='ocrx_word' id='word_1_71' title='bbox 1256 983 1257 1004; x_wconf 72' lang='lat'><strong>,</strong></span> 
     </span>
    </p>
   </div>
   <div class='ocr_carea' id='block_1_6' title="bbox 215 1057 1219 1152">
    <p class='ocr_par' dir='ltr' id='par_1_6' title="bbox 215 1053 1257 1152">
     <span class='ocr_line' id='line_1_11' title="bbox 215 1057 1219 1152; baseline -0.002 -35"><span class='ocrx_word' id='word_1_72' title='bbox 215 1074 393 1152; x_wconf 76' lang='lat' dir='ltr'><strong>poossumus</strong></span> <span class='ocrx_word' id='word_1_73' title='bbox 405 1058 531 1117; x_wconf 79' lang='lat' dir='ltr'><strong>Domane</strong></span> <span class='ocrx_word' id='word_1_74' title='bbox 553 1059 589 1117; x_wconf 90' lang='lat' dir='ltr'><strong>ad</strong></span> <span class='ocrx_word' id='word_1_75' title='bbox 603 1060 838 1119; x_wconf 77' lang='lat' dir='ltr'><strong>benedicendum</strong></span> <span class='ocrx_word' id='word_1_76' title='bbox 850 1057 961 1124; x_wconf 83' lang='lat' dir='ltr'><strong>Oleum</strong></span> <span class='ocrx_word' id='word_1_77' title='bbox 978 1060 1171 1119; x_wconf 82' lang='lat' dir='ltr'><strong>intirmorum</strong></span> <span class='ocrx_word' id='word_1_78' title='bbox 1216 1106 1219 1111; x_wconf 92' lang='lat'>.</span> 
     </span>
    </p>
   </div>
   <div class='ocr_carea' id='block_1_7' title="bbox 212 1138 1257 1217">
    <p class='ocr_par' dir='ltr' id='par_1_7' title="bbox 212 1138 1257 1217">
     <span class='ocr_line' id='line_1_12' title="bbox 212 1138 1257 1217; baseline 0 -17"><span class='ocrx_word' id='word_1_79' title='bbox 212 1158 282 1200; x_wconf 93' lang='lat' dir='ltr'><strong>non·</strong></span> <span class='ocrx_word' id='word_1_80' title='bbox 294 1139 444 1206; x_wconf 81' lang='lat' dir='ltr'><strong>invenias;</strong></span> <span class='ocrx_word' id='word_1_81' title='bbox 469 1158 558 1215; x_wconf 85' lang='lat' dir='ltr'><strong>quam</strong></span> <span class='ocrx_word' id='word_1_82' title='bbox 574 1142 695 1217; x_wconf 82' lang='lat' dir='ltr'><strong>egregie</strong></span> <span class='ocrx_word' id='word_1_83' title='bbox 716 1142 848 1217; x_wconf 85' lang='lat' dir='ltr'><strong>explicat</strong></span> <span class='ocrx_word' id='word_1_84' title='bbox 863 1140 1034 1200; x_wconf 79' lang='lat' dir='ltr'><strong>Amalarius</strong></span> <span class='ocrx_word' id='word_1_85' title='bbox 1049 1138 1143 1199; x_wconf 82' lang='lat' dir='ltr'><strong>Libro</strong></span> <span class='ocrx_word' id='word_1_86' title='bbox 1160 1139 1173 1198; x_wconf 92' lang='lat' dir='ltr'><strong>l</strong></span> <span class='ocrx_word' id='word_1_87' title='bbox 1256 1155 1257 1200; x_wconf 52' lang='grc' dir='ltr'><strong>ι</strong></span> 
     </span>
    </p>
   </div>
   <div class='ocr_carea' id='block_1_8' title="bbox 197 1207 1257 2113">
    <p class='ocr_par' dir='ltr' id='par_1_8' title="bbox 197 1207 1257 2113">
     <span class='ocr_line' id='line_1_13' title="bbox 213 1207 1257 1303; baseline -0.004 -21"><span class='ocrx_word' id='word_1_88' title='bbox 213 1222 257 1282; x_wconf 87' lang='lat' dir='ltr'><strong>De</strong></span> <span class='ocrx_word' id='word_1_89' title='bbox 279 1220 496 1281; x_wconf 60' lang='lat' dir='ltr'><strong>Ecclesiastico</strong></span> <span class='ocrx_word' id='word_1_90' title='bbox 522 1217 654 1303; x_wconf 76' lang='lat' dir='ltr'><strong>Officiis,</strong></span> <span class='ocrx_word' id='word_1_91' title='bbox 676 1219 749 1298; x_wconf 85' lang='lat' dir='ltr'><strong>Cap.</strong></span> <span class='ocrx_word' id='word_1_92' title='bbox 774 1220 846 1282; x_wconf 84' lang='lat' dir='ltr'><strong>xil.</strong></span> <span class='ocrx_word' id='word_1_93' title='bbox 872 1220 1001 1283; x_wconf 87' lang='grc' dir='ltr'>ΝιιΙΙιιιιι</span> <span class='ocrx_word' id='word_1_94' title='bbox 1019 1223 1114 1282; x_wconf 88' lang='lat' dir='ltr'><strong>alium</strong></span> <span class='ocrx_word' id='word_1_95' title='bbox 1139 1222 1174 1279; x_wconf 92' lang='lat' dir='ltr'><strong>li·</strong></span> <span class='ocrx_word' id='word_1_96' title='bbox 1256 1207 1257 1262; x_wconf 38' lang='grc' dir='ltr'>Ψ</span> 
     </span>
     <span class='ocr_line' id='line_1_14' title="bbox 212 1300 1257 1380; baseline -0.002 -18"><span class='ocrx_word' id='word_1_97' title='bbox 212 1320 339 1380; x_wconf 88' lang='lat' dir='ltr'><strong>quorem</strong></span> <span class='ocrx_word' id='word_1_98' title='bbox 356 1300 543 1361; x_wconf 85' lang='lat' dir='ltr'><strong>infirmorum</strong></span> <span class='ocrx_word' id='word_1_99' title='bbox 560 1301 636 1363; x_wconf 89' lang='lat' dir='ltr'><strong>Oleo</strong></span> <span class='ocrx_word' id='word_1_100' title='bbox 651 1305 852 1363; x_wconf 87' lang='lat' dir='ltr'><strong>consecrando</strong></span> <span class='ocrx_word' id='word_1_101' title='bbox 862 1303 1103 1370; x_wconf 82' lang='lat' dir='ltr'><strong>admiscendum,</strong></span> <span class='ocrx_word' id='word_1_102' title='bbox 1121 1302 1170 1361; x_wconf 93' lang='lat' dir='ltr'><strong>do·</strong></span> <span class='ocrx_word' id='word_1_103' title='bbox 1256 1309 1257 1344; x_wconf 56' lang='lat' dir='ltr'><strong>i</strong></span> 
     </span>
     <span class='ocr_line' id='line_1_15' title="bbox 211 1380 1257 1463; baseline 0 -20"><span class='ocrx_word' id='word_1_104' title='bbox 211 1389 264 1444; x_wconf 83' lang='lat' dir='ltr'><strong>cet·</strong></span> <span class='ocrx_word' id='word_1_105' title='bbox 281 1390 500 1463; x_wconf 75' lang='lat' dir='ltr'><strong>nosperpctue</strong></span> <span class='ocrx_word' id='word_1_106' title='bbox 523 1380 675 1446; x_wconf 78' lang='lat' dir='ltr'><strong>Ecclesiae</strong></span> <span class='ocrx_word' id='word_1_107' title='bbox 698 1385 817 1445; x_wconf 86' lang='lat' dir='ltr'><strong>traditio</strong></span> <span class='ocrx_word' id='word_1_108' title='bbox 839 1390 903 1444; x_wconf 87' lang='lat' dir='ltr'><strong>tum</strong></span> <span class='ocrx_word' id='word_1_109' title='bbox 927 1385 1048 1446; x_wconf 85' lang='lat' dir='ltr'><strong>latinae</strong></span> <span class='ocrx_word' id='word_1_110' title='bbox 1066 1390 1172 1450; x_wconf 74' lang='lat' dir='ltr'><strong>‚tum</strong></span> <span class='ocrx_word' id='word_1_111' title='bbox 1256 1409 1257 1426; x_wconf 68' lang='lat'>2</span> 
     </span>
     <span class='ocr_line' id='line_1_16' title="bbox 211 1463 1257 1543; baseline -0.001 -16"><span class='ocrx_word' id='word_1_112' title='bbox 211 1465 355 1527; x_wconf 79' lang='lat' dir='ltr'><strong>Graecae</strong></span> <span class='ocrx_word' id='word_1_113' title='bbox 381 1463 579 1540; x_wconf 85' lang='lat' dir='ltr'><strong>Nequeenim</strong></span> <span class='ocrx_word' id='word_1_114' title='bbox 603 1467 777 1526; x_wconf 76' lang='lat' dir='ltr'><strong>mixtionem</strong></span> <span class='ocrx_word' id='word_1_115' title='bbox 801 1466 931 1543; x_wconf 88' lang='lat' dir='ltr'><strong>aliquam</strong></span> <span class='ocrx_word' id='word_1_116' title='bbox 948 1474 1002 1527; x_wconf 79' lang='lat' dir='ltr'><strong>abt</strong></span> <span class='ocrx_word' id='word_1_117' title='bbox 1016 1464 1170 1526; x_wconf 89' lang='lat' dir='ltr'><strong>Eucholo</strong></span> <span class='ocrx_word' id='word_1_118' title='bbox 1256 1501 1257 1512; x_wconf 49' lang='grc' dir='ltr'><strong>ι</strong></span> 
     </span>
     <span class='ocr_line' id='line_1_17' title="bbox 211 1544 1169 1624; baseline 0.002 -19"><span class='ocrx_word' id='word_1_119' title='bbox 211 1548 258 1624; x_wconf 85' lang='lat' dir='ltr'><strong>gia</strong></span> <span class='ocrx_word' id='word_1_120' title='bbox 280 1545 490 1614; x_wconf 88' lang='lat' dir='ltr'><strong>Graecorum,</strong></span> <span class='ocrx_word' id='word_1_121' title='bbox 513 1552 566 1607; x_wconf 91' lang='lat' dir='ltr'><strong>aut</strong></span> <span class='ocrx_word' id='word_1_122' title='bbox 588 1548 764 1608; x_wconf 88' lang='lat' dir='ltr'><strong>Latinorum</strong></span> <span class='ocrx_word' id='word_1_123' title='bbox 787 1544 972 1610; x_wconf 74' lang='lat' dir='ltr'><strong>pontificalia</strong></span> <span class='ocrx_word' id='word_1_124' title='bbox 996 1554 1169 1609; x_wconf 87' lang='lat' dir='ltr'><strong>recensent.</strong></span> 
     </span>
     <span class='ocr_line' id='line_1_18' title="bbox 210 1628 1175 1723; baseline 0.001 -35"><span class='ocrx_word' id='word_1_125' title='bbox 210 1628 296 1719; x_wconf 88' lang='lat' dir='ltr'><strong>Quod</strong></span> <span class='ocrx_word' id='word_1_126' title='bbox 312 1635 413 1688; x_wconf 84' lang='lat' dir='ltr'><strong>autem</strong></span> <span class='ocrx_word' id='word_1_127' title='bbox 436 1629 467 1686; x_wconf 91' lang='lat' dir='ltr'><strong>iu</strong></span> <span class='ocrx_word' id='word_1_128' title='bbox 482 1630 545 1723; x_wconf 86' lang='lat' dir='ltr'><strong>ipsa</strong></span> <span class='ocrx_word' id='word_1_129' title='bbox 559 1628 695 1699; x_wconf 86' lang='lat' dir='ltr'><strong>oratioue</strong></span> <span class='ocrx_word' id='word_1_130' title='bbox 718 1628 933 1691; x_wconf 84' lang='lat' dir='ltr'><strong>benedictionis</strong></span> <span class='ocrx_word' id='word_1_131' title='bbox 947 1629 1012 1689; x_wconf 89' lang='lat' dir='ltr'><strong>0lei</strong></span> <span class='ocrx_word' id='word_1_132' title='bbox 1034 1628 1175 1689; x_wconf 81' lang='lat' dir='ltr'><strong>intirmo-</strong></span> 
     </span>
     <span class='ocr_line' id='line_1_19' title="bbox 211 1706 1173 1789; baseline 0 -20"><span class='ocrx_word' id='word_1_133' title='bbox 211 1714 292 1779; x_wconf 88' lang='lat' dir='ltr'><strong>rum,</strong></span> <span class='ocrx_word' id='word_1_134' title='bbox 316 1711 352 1769; x_wconf 91' lang='lat' dir='ltr'><strong>ad</strong></span> <span class='ocrx_word' id='word_1_135' title='bbox 376 1706 497 1767; x_wconf 86' lang='lat' dir='ltr'><strong>liucm&#39;</strong></span> <span class='ocrx_word' id='word_1_136' title='bbox 489 1712 582 1786; x_wconf 82' lang='lat' dir='ltr'><strong>ipsius</strong></span> <span class='ocrx_word' id='word_1_137' title='bbox 606 1713 739 1789; x_wconf 86' lang='lat' dir='ltr'><strong>legatur,</strong></span> <span class='ocrx_word' id='word_1_138' title='bbox 763 1714 801 1772; x_wconf 79' lang='lat' dir='ltr'><strong>ait</strong></span> <span class='ocrx_word' id='word_1_139' title='bbox 832 1712 973 1775; x_wconf 80' lang='lat' dir='ltr'><strong>Citriamo</strong></span> <span class='ocrx_word' id='word_1_140' title='bbox 995 1720 1082 1771; x_wconf 84' lang='lat' dir='ltr'><strong>tuum</strong></span> <span class='ocrx_word' id='word_1_141' title='bbox 1102 1728 1173 1787; x_wconf 85' lang='lat' dir='ltr'><strong>per-</strong></span> 
     </span>
     <span class='ocr_line' id='line_1_20' title="bbox 212 1782 1174 1887; baseline 0.002 -37"><span class='ocrx_word' id='word_1_142' title='bbox 212 1792 334 1869; x_wconf 68' lang='lat' dir='ltr'><strong>sectam,</strong></span> <span class='ocrx_word' id='word_1_143' title='bbox 358 1782 558 1851; x_wconf 80' lang='lat' dir='ltr'><strong>Domineelc</strong></span> <span class='ocrx_word' id='word_1_144' title='bbox 583 1793 742 1853; x_wconf 90' lang='lat' dir='ltr'><strong>dicendum</strong></span> <span class='ocrx_word' id='word_1_145' title='bbox 758 1800 820 1863; x_wconf 87' lang='lat' dir='ltr'><strong>est,</strong></span> <span class='ocrx_word' id='word_1_146' title='bbox 843 1795 951 1858; x_wconf 89' lang='lat' dir='ltr'><strong>eoloci</strong></span> <span class='ocrx_word' id='word_1_147' title='bbox 967 1791 1106 1853; x_wconf 88' lang='lat' dir='ltr'><strong>Chrisma</strong></span> <span class='ocrx_word' id='word_1_148' title='bbox 1122 1810 1174 1887; x_wconf 78' lang='lat' dir='ltr'><strong>ge·</strong></span> 
     </span>
     <span class='ocr_line' id='line_1_21' title="bbox 213 1874 1171 1967; baseline -0.001 -35"><span class='ocrx_word' id='word_1_149' title='bbox 213 1876 313 1935; x_wconf 83' lang='lat' dir='ltr'><strong>neriae</strong></span> <span class='ocrx_word' id='word_1_150' title='bbox 335 1874 434 1940; x_wconf 78' lang='lat' dir='ltr'><strong>sumi,</strong></span> <span class='ocrx_word' id='word_1_151' title='bbox 447 1891 566 1967; x_wconf 84' lang='lat' dir='ltr'><strong>nempe</strong></span> <span class='ocrx_word' id='word_1_152' title='bbox 588 1892 643 1950; x_wconf 91' lang='lat' dir='ltr'><strong>pro</strong></span> <span class='ocrx_word' id='word_1_153' title='bbox 665 1881 840 1951; x_wconf 80' lang='lat' dir='ltr'><strong>unguento,</strong></span> <span class='ocrx_word' id='word_1_154' title='bbox 864 1892 917 1935; x_wconf 86' lang='lat' dir='ltr'><strong>scu</strong></span> <span class='ocrx_word' id='word_1_155' title='bbox 939 1893 1003 1953; x_wconf 89' lang='lat' dir='ltr'><strong>pro</strong></span> <span class='ocrx_word' id='word_1_156' title='bbox 1016 1884 1053 1934; x_wconf 82' lang='lat' dir='ltr'><strong>&#39;eo</strong></span> <span class='ocrx_word' id='word_1_157' title='bbox 1075 1874 1171 1939; x_wconf 89' lang='lat' dir='ltr'><strong>omni,</strong></span> 
     </span>
     <span class='ocr_line' id='line_1_22' title="bbox 212 1954 1175 2033; baseline -0.001 -17"><span class='ocrx_word' id='word_1_158' title='bbox 212 1972 272 2031; x_wconf 83' lang='lat' dir='ltr'><strong>qrro</strong></span> <span class='ocrx_word' id='word_1_159' title='bbox 294 1954 361 2032; x_wconf 84' lang='lat' dir='ltr'><strong>quis</strong></span> <span class='ocrx_word' id='word_1_160' title='bbox 383 1954 453 2030; x_wconf 81' lang='lat' dir='ltr'><strong>uugi</strong></span> <span class='ocrx_word' id='word_1_161' title='bbox 476 1960 597 2033; x_wconf 89' lang='lat' dir='ltr'><strong>potest</strong></span> <span class='ocrx_word' id='word_1_162' title='bbox 608 1974 666 2015; x_wconf 93' lang='lat' dir='ltr'><strong>non</strong></span> <span class='ocrx_word' id='word_1_163' title='bbox 689 1974 763 2017; x_wconf 86' lang='lat' dir='ltr'><strong>uero</strong></span> <span class='ocrx_word' id='word_1_164' title='bbox 783 1956 955 2033; x_wconf 81' lang='lat' dir='ltr'><strong>spectfi‹·‚e</strong></span> <span class='ocrx_word' id='word_1_165' title='bbox 971 1974 1042 2024; x_wconf 91' lang='lat' dir='ltr'><strong>seu,</strong></span> <span class='ocrx_word' id='word_1_166' title='bbox 1045 1961 1100 2024; x_wconf 86' lang='lat' dir='ltr'><strong>ut</strong></span> <span class='ocrx_word' id='word_1_167' title='bbox 1116 1972 1175 2016; x_wconf 91' lang='lat' dir='ltr'><strong>su·</strong></span> 
     </span>
     <span class='ocr_line' id='line_1_23' title="bbox 197 1998 1176 2113; baseline -0.001 -17"><span class='ocrx_word' id='word_1_168' title='bbox 197 2043 299 2097; x_wconf 63' lang='lat' dir='ltr'><strong>,munt</strong></span> <span class='ocrx_word' id='word_1_169' title='bbox 320 2035 492 2111; x_wconf 79' lang='lat' dir='ltr'><strong>Theologi,</strong></span> <span class='ocrx_word' id='word_1_170' title='bbox 517 2055 572 2113; x_wconf 89' lang='lat' dir='ltr'><strong>pro</strong></span> <span class='ocrx_word' id='word_1_171' title='bbox 583 2038 720 2103; x_wconf 83' lang='lat' dir='ltr'><strong>mixtura</strong></span> <span class='ocrx_word' id='word_1_172' title='bbox 741 2038 799 2110; x_wconf 89' lang='lat' dir='ltr'><strong>olei</strong></span> <span class='ocrx_word' id='word_1_173' title='bbox 823 2044 853 2099; x_wconf 93' lang='lat' dir='ltr'><strong>et</strong></span> <span class='ocrx_word' id='word_1_174' title='bbox 875 2039 1012 2099; x_wconf 90' lang='lat' dir='ltr'><strong>balsami.</strong></span> <span class='ocrx_word' id='word_1_175' title='bbox 1034 1998 1176 2096; x_wconf 59' lang='lat' dir='ltr'><strong>&#39;Notanda&#39;</strong></span> 
     </span>
    </p>
   </div>
   <div class='ocr_carea' id='block_1_9' title="bbox 211 2105 1259 2197">
    <p class='ocr_par' dir='ltr' id='par_1_9' title="bbox 211 2105 1259 2197">
     <span class='ocr_line' id='line_1_24' title="bbox 211 2105 1259 2197; baseline 0.003 -23"><span class='ocrx_word' id='word_1_176' title='bbox 211 2123 388 2195; x_wconf 86' lang='lat' dir='ltr'><strong>praeterea</strong></span> <span class='ocrx_word' id='word_1_177' title='bbox 388 2122 458 2176; x_wconf 90' lang='lat' dir='ltr'><strong>sunt</strong></span> <span class='ocrx_word' id='word_1_178' title='bbox 480 2119 528 2177; x_wconf 87' lang='lat' dir='ltr'><strong>illa</strong></span> <span class='ocrx_word' id='word_1_179' title='bbox 551 2121 695 2180; x_wconf 87' lang='lat' dir='ltr'><strong>orationis</strong></span> <span class='ocrx_word' id='word_1_180' title='bbox 718 2105 820 2187; x_wconf 88' lang='lat' dir='ltr'><strong>verba,</strong></span> <span class='ocrx_word' id='word_1_181' title='bbox 844 2121 959 2197; x_wconf 87' lang='lat' dir='ltr'><strong>quibus</strong></span> <span class='ocrx_word' id='word_1_182' title='bbox 976 2121 1013 2179; x_wconf 87' lang='lat' dir='ltr'><strong>de</strong></span> <span class='ocrx_word' id='word_1_183' title='bbox 1035 2119 1103 2178; x_wconf 85' lang='lat' dir='ltr'><strong>olco</strong></span> <span class='ocrx_word' id='word_1_184' title='bbox 1124 2118 1173 2177; x_wconf 93' lang='lat' dir='ltr'><strong>di</strong></span> <span class='ocrx_word' id='word_1_185' title='bbox 1258 2142 1259 2161; x_wconf 66' lang='grc' dir='ltr'><strong>ι</strong></span> 
     </span>
    </p>
   </div>
   <div class='ocr_carea' id='block_1_10' title="bbox 190 2188 1174 2359">
    <p class='ocr_par' dir='ltr' id='par_1_10' title="bbox 190 2188 1174 2359">
     <span class='ocr_line' id='line_1_25' title="bbox 190 2188 1174 2280; baseline 0.002 -23"><span class='ocrx_word' id='word_1_186' title='bbox 190 2197 316 2271; x_wconf 86' lang='lat' dir='ltr'><strong>citur:</strong></span> <span class='ocrx_word' id='word_1_187' title='bbox 345 2188 426 2269; x_wconf 76' lang='lat' dir='ltr'><strong>Unde</strong></span> <span class='ocrx_word' id='word_1_188' title='bbox 448 2199 568 2258; x_wconf 74' lang='lat' dir='ltr'><strong>unciali</strong></span> <span class='ocrx_word' id='word_1_189' title='bbox 592 2198 786 2267; x_wconf 72' lang='lat' dir='ltr'><strong>Sacerdotes,</strong></span> <span class='ocrx_word' id='word_1_190' title='bbox 810 2200 915 2280; x_wconf 79' lang='lat' dir='ltr'><strong>Repes,</strong></span> <span class='ocrx_word' id='word_1_191' title='bbox 939 2199 1119 2279; x_wconf 77' lang='lat' dir='ltr'><strong>Prophetes,</strong></span> <span class='ocrx_word' id='word_1_192' title='bbox 1143 2209 1174 2259; x_wconf 88' lang='lat' dir='ltr'><strong>et</strong></span> 
     </span>
     <span class='ocr_line' id='line_1_26' title="bbox 212 2266 1173 2359; baseline -0.002 -16"><span class='ocrx_word' id='word_1_193' title='bbox 212 2266 373 2359; x_wconf 79' lang='lat' dir='ltr'><strong>Martyres.</strong></span> <span class='ocrx_word' id='word_1_194' title='bbox 397 2277 483 2351; x_wconf 83' lang='lat' dir='ltr'><strong>Quod</strong></span> <span class='ocrx_word' id='word_1_195' title='bbox 506 2282 608 2353; x_wconf 92' lang='lat' dir='ltr'><strong>olim</strong></span> <span class='ocrx_word' id='word_1_196' title='bbox 601 2301 629 2341; x_wconf 92' lang='grc' dir='ltr'><strong>ιιι</strong></span> <span class='ocrx_word' id='word_1_197' title='bbox 647 2277 751 2342; x_wconf 86' lang='lat' dir='ltr'><strong>Veteri</strong></span> <span class='ocrx_word' id='word_1_198' title='bbox 773 2281 968 2345; x_wconf 84' lang='lat' dir='ltr'><strong>Testameuto</strong></span> <span class='ocrx_word' id='word_1_199' title='bbox 990 2282 1173 2343; x_wconf 80' lang='lat' dir='ltr'><strong>Sacerdotes</strong></span> 
     </span>
    </p>
   </div>
   <div class='ocr_carea' id='block_1_11' title="bbox 212 2362 1258 2441">
    <p class='ocr_par' dir='ltr' id='par_1_11' title="bbox 212 2362 1258 2441">
     <span class='ocr_line' id='line_1_27' title="bbox 212 2362 1258 2441; baseline -0.002 -20"><span class='ocrx_word' id='word_1_200' title='bbox 212 2363 438 2437; x_wconf 79' lang='lat' dir='ltr'><strong>intingerentur,</strong></span> <span class='ocrx_word' id='word_1_201' title='bbox 463 2369 576 2421; x_wconf 89' lang='lat' dir='ltr'><strong>constat</strong></span> <span class='ocrx_word' id='word_1_202' title='bbox 590 2364 712 2439; x_wconf 87' lang='lat' dir='ltr'><strong>quidem</strong></span> <span class='ocrx_word' id='word_1_203' title='bbox 729 2382 766 2425; x_wconf 84' lang='lat' dir='ltr'><strong>ex</strong></span> <span class='ocrx_word' id='word_1_204' title='bbox 782 2363 888 2441; x_wconf 82' lang='lat' dir='ltr'><strong>Capite</strong></span> <span class='ocrx_word' id='word_1_205' title='bbox 904 2371 1009 2425; x_wconf 83' lang='lat' dir='ltr'><strong>octavo</strong></span> <span class='ocrx_word' id='word_1_206' title='bbox 1027 2362 1169 2433; x_wconf 77' lang='lat' dir='ltr'><strong>bertrici,</strong></span> <span class='ocrx_word' id='word_1_207' title='bbox 1257 2371 1258 2374; x_wconf 75' lang='grc'>’</span> 
     </span>
    </p>
   </div>
   <div class='ocr_carea' id='block_1_12' title="bbox 212 2442 1258 2850">
    <p class='ocr_par' dir='ltr' id='par_1_12' title="bbox 212 2442 1258 2850">
     <span class='ocr_line' id='line_1_28' title="bbox 212 2442 1172 2524; baseline -0.002 -20"><span class='ocrx_word' id='word_1_208' title='bbox 212 2442 338 2521; x_wconf 83' lang='lat' dir='ltr'><strong>ejusque</strong></span> <span class='ocrx_word' id='word_1_209' title='bbox 355 2444 431 2502; x_wconf 92' lang='lat' dir='ltr'><strong>ritus</strong></span> <span class='ocrx_word' id='word_1_210' title='bbox 453 2442 487 2503; x_wconf 89' lang='lat' dir='ltr'><strong>lit</strong></span> <span class='ocrx_word' id='word_1_211' title='bbox 508 2446 598 2503; x_wconf 89' lang='lat' dir='ltr'><strong>etiam</strong></span> <span class='ocrx_word' id='word_1_212' title='bbox 623 2447 735 2505; x_wconf 88' lang='lat' dir='ltr'><strong>mentio</strong></span> <span class='ocrx_word' id='word_1_213' title='bbox 755 2445 861 2524; x_wconf 87' lang='lat' dir='ltr'><strong>Capite</strong></span> <span class='ocrx_word' id='word_1_214' title='bbox 871 2445 956 2519; x_wconf 86' lang='lat' dir='ltr'><strong>XlX</strong></span> <span class='ocrx_word' id='word_1_215' title='bbox 970 2442 1097 2504; x_wconf 84' lang='lat' dir='ltr'><strong>Exodi.</strong></span> <span class='ocrx_word' id='word_1_216' title='bbox 1109 2442 1172 2503; x_wconf 90' lang='lat' dir='ltr'><strong>Un-</strong></span> 
     </span>
     <span class='ocr_line' id='line_1_29' title="bbox 212 2522 1173 2605; baseline -0.002 -19"><span class='ocrx_word' id='word_1_217' title='bbox 212 2526 318 2586; x_wconf 90' lang='lat' dir='ltr'><strong>ctionis</strong></span> <span class='ocrx_word' id='word_1_218' title='bbox 333 2523 450 2599; x_wconf 79' lang='lat' dir='ltr'><strong>Regum</strong></span> <span class='ocrx_word' id='word_1_219' title='bbox 467 2526 587 2585; x_wconf 89' lang='lat' dir='ltr'><strong>mentio</strong></span> <span class='ocrx_word' id='word_1_220' title='bbox 593 2522 626 2585; x_wconf 90' lang='lat' dir='ltr'><strong>lit</strong></span> <span class='ocrx_word' id='word_1_221' title='bbox 638 2527 755 2604; x_wconf 89' lang='lat' dir='ltr'><strong>passim</strong></span> <span class='ocrx_word' id='word_1_222' title='bbox 765 2527 904 2589; x_wconf 74' lang='lat' dir='ltr'><strong>inlibris</strong></span> <span class='ocrx_word' id='word_1_223' title='bbox 915 2528 1043 2605; x_wconf 74' lang='lat' dir='ltr'><strong>Regum.</strong></span> <span class='ocrx_word' id='word_1_224' title='bbox 1059 2524 1173 2585; x_wconf 82' lang='lat' dir='ltr'><strong>Exem-</strong></span> 
     </span>
     <span class='ocr_line' id='line_1_30' title="bbox 212 2604 1258 2686; baseline 0.004 -23"><span class='ocrx_word' id='word_1_225' title='bbox 212 2606 296 2683; x_wconf 94' lang='lat' dir='ltr'><strong>plum</strong></span> <span class='ocrx_word' id='word_1_226' title='bbox 313 2606 459 2666; x_wconf 91' lang='lat' dir='ltr'><strong>unctionis</strong></span> <span class='ocrx_word' id='word_1_227' title='bbox 475 2604 697 2684; x_wconf 83' lang='lat' dir='ltr'><strong>Prophetarum</strong></span> <span class='ocrx_word' id='word_1_228' title='bbox 714 2609 770 2685; x_wconf 81' lang='lat' dir='ltr'><strong>legi</strong></span> <span class='ocrx_word' id='word_1_229' title='bbox 789 2616 886 2684; x_wconf 88' lang='lat' dir='ltr'><strong>potest</strong></span> <span class='ocrx_word' id='word_1_230' title='bbox 893 2605 965 2669; x_wconf 91' lang='lat' dir='ltr'><strong>Lib.</strong></span> <span class='ocrx_word' id='word_1_231' title='bbox 985 2606 1026 2669; x_wconf 95' lang='lat' dir='ltr'><strong>lll</strong></span> <span class='ocrx_word' id='word_1_232' title='bbox 1050 2605 1171 2684; x_wconf 81' lang='lat' dir='ltr'><strong>Regum</strong></span> <span class='ocrx_word' id='word_1_233' title='bbox 1257 2675 1258 2686; x_wconf 20' lang='lat' dir='ltr'><strong>p</strong></span> 
     </span>
     <span class='ocr_line' id='line_1_31' title="bbox 212 2685 1258 2784; baseline 0.002 -37"><span class='ocrx_word' id='word_1_234' title='bbox 212 2685 286 2764; x_wconf 88' lang='lat' dir='ltr'><strong>Cap</strong></span> <span class='ocrx_word' id='word_1_235' title='bbox 295 2686 386 2747; x_wconf 83' lang='lat' dir='ltr'><strong>xlx.</strong></span> <span class='ocrx_word' id='word_1_236' title='bbox 411 2687 633 2765; x_wconf 90' lang='lat' dir='ltr'><strong>Unctiinsuper</strong></span> <span class='ocrx_word' id='word_1_237' title='bbox 644 2690 789 2749; x_wconf 79' lang='lat' dir='ltr'><strong>dicuutur</strong></span> <span class='ocrx_word' id='word_1_238' title='bbox 801 2689 960 2784; x_wconf 78' lang='lat' dir='ltr'><strong>Martyres</strong></span> <span class='ocrx_word' id='word_1_239' title='bbox 978 2689 1172 2767; x_wconf 87' lang='lat' dir='ltr'><strong>percipiendo</strong></span> <span class='ocrx_word' id='word_1_240' title='bbox 1241 2685 1258 2704; x_wconf 59' lang='lat'><strong>&#39;¹</strong></span> 
     </span>
     <span class='ocr_line' id='line_1_32' title="bbox 213 2767 1258 2850; baseline 0 -21"><span class='ocrx_word' id='word_1_241' title='bbox 213 2770 326 2829; x_wconf 83' lang='lat' dir='ltr'><strong>scilicet</strong></span> <span class='ocrx_word' id='word_1_242' title='bbox 340 2768 579 2830; x_wconf 83' lang='lat' dir='ltr'><strong>Conlirrnatiouis</strong></span> <span class='ocrx_word' id='word_1_243' title='bbox 595 2770 836 2840; x_wconf 85' lang='lat' dir='ltr'><strong>Sacramentum,</strong></span> <span class='ocrx_word' id='word_1_244' title='bbox 860 2771 949 2850; x_wconf 82' lang='lat' dir='ltr'><strong>ctrjus</strong></span> <span class='ocrx_word' id='word_1_245' title='bbox 963 2768 1109 2833; x_wconf 82' lang='lat' dir='ltr'><strong>beneficio</strong></span> <span class='ocrx_word' id='word_1_246' title='bbox 1124 2772 1171 2831; x_wconf 87' lang='lat' dir='ltr'><strong>di·</strong></span> <span class='ocrx_word' id='word_1_247' title='bbox 1257 2767 1258 2824; x_wconf 85' lang='lat' dir='ltr'><strong>l</strong></span> 
     </span>
    </p>
   </div>
   <div class='ocr_carea' id='block_1_13' title="bbox 110 2849 1258 3011">
    <p class='ocr_par' dir='ltr' id='par_1_13' title="bbox 110 2849 1258 3011">
     <span class='ocr_line' id='line_1_33' title="bbox 110 2849 1172 2931; baseline 0.009 -27"><span class='ocrx_word' id='word_1_248' title='bbox 110 2896 114 2904; x_wconf 89' lang='lat'>.</span> <span class='ocrx_word' id='word_1_249' title='bbox 202 2852 326 2929; x_wconf 50' lang='lat' dir='ltr'><strong>&#39;uiuitus</strong></span> <span class='ocrx_word' id='word_1_250' title='bbox 342 2852 434 2912; x_wconf 91' lang='lat' dir='ltr'><strong>robur</strong></span> <span class='ocrx_word' id='word_1_251' title='bbox 446 2854 482 2912; x_wconf 91' lang='lat' dir='ltr'><strong>ad</strong></span> <span class='ocrx_word' id='word_1_252' title='bbox 497 2854 698 2913; x_wconf 87' lang='lat' dir='ltr'><strong>resistendum</strong></span> <span class='ocrx_word' id='word_1_253' title='bbox 721 2854 839 2914; x_wconf 87' lang='lat' dir='ltr'><strong>diabolo</strong></span> <span class='ocrx_word' id='word_1_254' title='bbox 855 2852 980 2931; x_wconf 82' lang='lat' dir='ltr'><strong>ejusque</strong></span> <span class='ocrx_word' id='word_1_255' title='bbox 993 2849 1172 2914; x_wconf 85' lang='lat' dir='ltr'><strong>satellitibus</strong></span> 
     </span>
     <span class='ocr_line' id='line_1_34' title="bbox 213 2934 1258 3011; baseline 0.003 -20"><span class='ocrx_word' id='word_1_256' title='bbox 213 2938 425 3011; x_wconf 90' lang='lat' dir='ltr'><strong>perceperunt.</strong></span> <span class='ocrx_word' id='word_1_257' title='bbox 435 2935 484 2994; x_wconf 93' lang='lat' dir='ltr'><strong>uti</strong></span> <span class='ocrx_word' id='word_1_258' title='bbox 492 2935 670 2995; x_wconf 84' lang='lat' dir='ltr'><strong>viderecst&#39;</strong></span> <span class='ocrx_word' id='word_1_259' title='bbox 663 2954 692 2994; x_wconf 91' lang='grc' dir='ltr'><strong>ιιι</strong></span> <span class='ocrx_word' id='word_1_260' title='bbox 705 2936 800 2994; x_wconf 72' lang='lat' dir='ltr'><strong>uariis</strong></span> <span class='ocrx_word' id='word_1_261' title='bbox 811 2934 987 2996; x_wconf 88' lang='lat' dir='ltr'><strong>Sanctorum</strong></span> <span class='ocrx_word' id='word_1_262' title='bbox 996 2935 1170 3011; x_wconf 74' lang='lat' dir='ltr'><strong>Martyrum</strong></span> <span class='ocrx_word' id='word_1_263' title='bbox 1257 2943 1258 2948; x_wconf 77' lang='grc'>’</span> 
     </span>
    </p>
   </div>
   <div class='ocr_carea' id='block_1_14' title="bbox 212 3008 1172 3681">
    <p class='ocr_par' dir='ltr' id='par_1_14' title="bbox 212 3008 1172 3667">
     <span class='ocr_line' id='line_1_35' title="bbox 212 3008 1170 3093; baseline 0.002 -20"><span class='ocrx_word' id='word_1_264' title='bbox 212 3008 291 3073; x_wconf 89' lang='lat' dir='ltr'><strong>Vitis</strong></span> <span class='ocrx_word' id='word_1_265' title='bbox 313 3015 392 3093; x_wconf 88' lang='lat' dir='ltr'><strong>apud</strong></span> <span class='ocrx_word' id='word_1_266' title='bbox 415 3014 637 3077; x_wconf 78' lang='lat' dir='ltr'><strong>bollandianos.</strong></span> <span class='ocrx_word' id='word_1_267' title='bbox 647 3017 817 3093; x_wconf 77' lang='lat' dir='ltr'><strong>Reportato</strong></span> <span class='ocrx_word' id='word_1_268' title='bbox 836 3019 872 3075; x_wconf 90' lang='lat' dir='ltr'><strong>ad</strong></span> <span class='ocrx_word' id='word_1_269' title='bbox 889 3016 1058 3085; x_wconf 87' lang='lat' dir='ltr'><strong>Sacrarium</strong></span> <span class='ocrx_word' id='word_1_270' title='bbox 1082 3032 1170 3075; x_wconf 80' lang='lat' dir='ltr'><strong>sacro</strong></span> 
     </span>
     <span class='ocr_line' id='line_1_36' title="bbox 213 3095 1172 3176; baseline 0.002 -21"><span class='ocrx_word' id='word_1_271' title='bbox 213 3095 401 3155; x_wconf 84' lang='lat' dir='ltr'><strong>intirmorum</strong></span> <span class='ocrx_word' id='word_1_272' title='bbox 412 3096 499 3165; x_wconf 77' lang='lat' dir='ltr'><strong>oleo,</strong></span> <span class='ocrx_word' id='word_1_273' title='bbox 514 3098 593 3157; x_wconf 88' lang='lat' dir='ltr'><strong>lavat</strong></span> <span class='ocrx_word' id='word_1_274' title='bbox 605 3099 770 3176; x_wconf 85' lang='lat' dir='ltr'><strong>Episcopus</strong></span> <span class='ocrx_word' id='word_1_275' title='bbox 786 3114 904 3168; x_wconf 90' lang='lat' dir='ltr'><strong>manus,</strong></span> <span class='ocrx_word' id='word_1_276' title='bbox 914 3106 944 3159; x_wconf 92' lang='lat' dir='ltr'><strong>et</strong></span> <span class='ocrx_word' id='word_1_277' title='bbox 955 3099 991 3157; x_wconf 87' lang='lat' dir='ltr'><strong>ad</strong></span> <span class='ocrx_word' id='word_1_278' title='bbox 1004 3096 1109 3157; x_wconf 88' lang='lat' dir='ltr'><strong>Altare</strong></span> <span class='ocrx_word' id='word_1_279' title='bbox 1123 3114 1172 3157; x_wconf 85' lang='lat' dir='ltr'><strong>ac·</strong></span> 
     </span>
     <span class='ocr_line' id='line_1_37' title="bbox 213 3177 1172 3275; baseline 0.001 -38"><span class='ocrx_word' id='word_1_280' title='bbox 213 3178 322 3237; x_wconf 87' lang='lat' dir='ltr'><strong>cedens</strong></span> <span class='ocrx_word' id='word_1_281' title='bbox 336 3181 541 3275; x_wconf 83' lang='lat' dir='ltr'><strong>prosequitur</strong></span> <span class='ocrx_word' id='word_1_282' title='bbox 543 3177 666 3238; x_wconf 89' lang='lat' dir='ltr'><strong>Missam</strong></span> <span class='ocrx_word' id='word_1_283' title='bbox 678 3181 721 3239; x_wconf 88' lang='lat' dir='ltr'><strong>ab</strong></span> <span class='ocrx_word' id='word_1_284' title='bbox 734 3180 792 3239; x_wconf 86' lang='lat' dir='ltr'><strong>illis</strong></span> <span class='ocrx_word' id='word_1_285' title='bbox 804 3181 917 3241; x_wconf 88' lang='lat' dir='ltr'><strong>verbis:</strong></span> <span class='ocrx_word' id='word_1_286' title='bbox 927 3178 987 3254; x_wconf 84' lang='lat' dir='ltr'><strong>Per</strong></span> <span class='ocrx_word' id='word_1_287' title='bbox 999 3198 1084 3258; x_wconf 78' lang='lat' dir='ltr'><strong>qoem</strong></span> <span class='ocrx_word' id='word_1_288' title='bbox 1099 3178 1172 3238; x_wconf 85' lang='lat' dir='ltr'><strong>boec</strong></span> 
     </span>
     <span class='ocr_line' id='line_1_38' title="bbox 213 3258 1171 3339; baseline 0.004 -21"><span class='ocrx_word' id='word_1_289' title='bbox 213 3258 314 3318; x_wconf 82' lang='lat' dir='ltr'><strong>omnia</strong></span> <span class='ocrx_word' id='word_1_290' title='bbox 329 3258 455 3318; x_wconf 83' lang='lat' dir='ltr'><strong>Domine</strong></span> <span class='ocrx_word' id='word_1_291' title='bbox 478 3260 541 3319; x_wconf 90' lang='lat' dir='ltr'><strong>ut</strong></span> <span class='ocrx_word' id='word_1_292' title='bbox 532 3278 562 3318; x_wconf 92' lang='grc' dir='ltr'><strong>ιιι</strong></span> <span class='ocrx_word' id='word_1_293' title='bbox 577 3259 699 3322; x_wconf 89' lang='lat' dir='ltr'><strong>Canoue</strong></span> <span class='ocrx_word' id='word_1_294' title='bbox 714 3258 836 3328; x_wconf 84' lang='lat' dir='ltr'><strong>Missae,</strong></span> <span class='ocrx_word' id='word_1_295' title='bbox 861 3262 1009 3339; x_wconf 89' lang='lat' dir='ltr'><strong>usquead</strong></span> <span class='ocrx_word' id='word_1_296' title='bbox 1033 3276 1171 3322; x_wconf 90' lang='lat' dir='ltr'><strong>commu·</strong></span> 
     </span>
     <span class='ocr_line' id='line_1_39' title="bbox 213 3338 1169 3413; baseline 0.001 -14"><span class='ocrx_word' id='word_1_297' title='bbox 213 3341 331 3399; x_wconf 88' lang='lat' dir='ltr'><strong>nionem</strong></span> <span class='ocrx_word' id='word_1_298' title='bbox 347 3340 468 3401; x_wconf 88' lang='lat' dir='ltr'><strong>divinae</strong></span> <span class='ocrx_word' id='word_1_299' title='bbox 481 3338 703 3413; x_wconf 88' lang='lat' dir='ltr'><strong>Eucharistiae,</strong></span> <span class='ocrx_word' id='word_1_300' title='bbox 710 3342 765 3402; x_wconf 89' lang='lat' dir='ltr'><strong>uti</strong></span> <span class='ocrx_word' id='word_1_301' title='bbox 785 3343 937 3403; x_wconf 83' lang='lat' dir='ltr'><strong>babetur&#39;</strong></span> <span class='ocrx_word' id='word_1_302' title='bbox 930 3362 960 3403; x_wconf 87' lang='lat' dir='ltr'><strong>ur</strong></span> <span class='ocrx_word' id='word_1_303' title='bbox 975 3347 1076 3403; x_wconf 86' lang='lat' dir='ltr'><strong>nostro</strong></span> <span class='ocrx_word' id='word_1_304' title='bbox 1091 3341 1169 3402; x_wconf 87' lang='grc' dir='ltr'>Ροιι</span> 
     </span>
     <span class='ocr_line' id='line_1_40' title="bbox 212 3421 1170 3515; baseline 0.001 -33"><span class='ocrx_word' id='word_1_305' title='bbox 212 3421 300 3485; x_wconf 81' lang='lat' dir='ltr'><strong>sicali,</strong></span> <span class='ocrx_word' id='word_1_306' title='bbox 324 3423 385 3482; x_wconf 88' lang='lat' dir='ltr'><strong>ot</strong></span> <span class='ocrx_word' id='word_1_307' title='bbox 377 3440 406 3480; x_wconf 90' lang='grc' dir='ltr'><strong>ιιι</strong></span> <span class='ocrx_word' id='word_1_308' title='bbox 429 3422 628 3515; x_wconf 86' lang='lat' dir='ltr'><strong>quibusdam</strong></span> <span class='ocrx_word' id='word_1_309' title='bbox 632 3425 708 3483; x_wconf 88' lang='lat' dir='ltr'><strong>aliis.</strong></span> <span class='ocrx_word' id='word_1_310' title='bbox 733 3423 859 3493; x_wconf 81' lang='lat' dir='ltr'><strong>Peracta</strong></span> <span class='ocrx_word' id='word_1_311' title='bbox 880 3423 1097 3490; x_wconf 87' lang='lat' dir='ltr'><strong>Communione</strong></span> <span class='ocrx_word' id='word_1_312' title='bbox 1119 3442 1170 3483; x_wconf 85' lang='lat' dir='ltr'><strong>re·</strong></span> 
     </span>
     <span class='ocr_line' id='line_1_41' title="bbox 213 3495 1170 3602; baseline 0.004 -39"><span class='ocrx_word' id='word_1_313' title='bbox 213 3504 256 3563; x_wconf 91' lang='lat' dir='ltr'><strong>dit</strong></span> <span class='ocrx_word' id='word_1_314' title='bbox 277 3502 314 3563; x_wconf 89' lang='lat' dir='ltr'><strong>ad</strong></span> <span class='ocrx_word' id='word_1_315' title='bbox 337 3522 422 3565; x_wconf 90' lang='lat' dir='ltr'><strong>suam</strong></span> <span class='ocrx_word' id='word_1_316' title='bbox 432 3504 618 3602; x_wconf 88' lang='lat' dir='ltr'><strong>Episcopus</strong></span> <span class='ocrx_word' id='word_1_317' title='bbox 625 3495 743 3565; x_wconf 89' lang='lat' dir='ltr'><strong>sedem</strong></span> <span class='ocrx_word' id='word_1_318' title='bbox 766 3523 835 3566; x_wconf 91' lang='lat' dir='ltr'><strong>cum</strong></span> <span class='ocrx_word' id='word_1_319' title='bbox 859 3506 1003 3568; x_wconf 86' lang='lat' dir='ltr'><strong>Ministris</strong></span> <span class='ocrx_word' id='word_1_320' title='bbox 1017 3504 1112 3574; x_wconf 90' lang='lat' dir='ltr'><strong>suis,</strong></span> <span class='ocrx_word' id='word_1_321' title='bbox 1127 3511 1170 3567; x_wconf 88' lang='lat' dir='ltr'><strong>et</strong></span> 
     </span>
     <span class='ocr_line' id='line_1_42' title="bbox 212 3576 1168 3681; baseline 0.001 -35"><span class='ocrx_word' id='word_1_322' title='bbox 212 3586 278 3647; x_wconf 92' lang='lat' dir='ltr'><strong>aliis</strong></span> <span class='ocrx_word' id='word_1_323' title='bbox 299 3576 523 3681; x_wconf 78' lang='lat' dir='ltr'><strong>assistentibus,</strong></span> <span class='ocrx_word' id='word_1_324' title='bbox 547 3588 673 3667; x_wconf 86' lang='lat' dir='ltr'><strong>ipsoque</strong></span> <span class='ocrx_word' id='word_1_325' title='bbox 696 3588 736 3647; x_wconf 89' lang='lat' dir='ltr'><strong>ibi</strong></span> <span class='ocrx_word' id='word_1_326' title='bbox 758 3588 901 3663; x_wconf 85' lang='lat' dir='ltr'><strong>sedente,</strong></span> <span class='ocrx_word' id='word_1_327' title='bbox 925 3587 1168 3651; x_wconf 83' lang='lat' dir='ltr'><strong>Archidiacouus</strong></span> 
     </span>
    </p>
   </div>
   <div class='ocr_carea' id='block_1_15' title="bbox 0 0 1264 4059">
    <p class='ocr_par' dir='ltr' id='par_1_15' title="bbox 0 0 1264 4059">
     <span class='ocr_line' id='line_1_43' title="bbox 0 0 1264 4059; baseline 0 0"><span class='ocrx_word' id='word_1_328' title='bbox 0 0 1264 4059; x_wconf 95' lang='lat' dir='ltr'><strong> </strong></span> 
     </span>
    </p>
   </div>
  </div>
 </body>
</html>
