2517 4059
470 212 696 283 quanm

105 336 219 399 aelicta
240 341 280 401 sit
299 352 405 402 sancta
421 351 449 401 et
464 343 670 405 Immaculata
689 344 850 424 conceptio
870 344 982 407 Bealae
997 348 1061 409 etc-

105 420 167 478 ricc
191 422 342 499 Virqinic:
357 429 388 482 ct
409 421 614 486 Franciscauis
629 428 777 487 concessit
798 434 832 488 ut
854 430 881 487 in
903 428 994 490 Missa
1016 430 1060 489 di-

104 509 221 561 ceretur
232 514 261 563 et
277 516 303 563 te
317 506 353 563 in
370 503 564 586 conceptione
578 506 791 568 Immaculata.
809 508 974 587 Gregorius
984 508 1062 571 ΧῊ

104 581 249 659 disposuit
276 587 360 644 utin
382 587 493 647 Missae
513 588 699 653 Praelatioue
721 592 885 651 diceretur:
910 591 950 652 Et
976 602 1005 653 te
1026 594 1061 652 in

105 661 300 743 conceptione
315 665 516 728 Immaculata
527 693 539 743 ,·
559 674 590 730 et
612 672 641 730 in
664 671 786 732 Lilaniis
810 670 986 734 Lauretanis
1000 670 1060 734 ne-

102 747 171 820 pina
186 747 252 805 cine
278 749 342 808 tate
365 750 510 827 oripinali
534 763 682 831 concepta.
707 753 900 815 Beatissimae
922 753 1060 816 Pontifex

102 823 169 887 Pius
190 828 239 889 IX
261 827 398 907 Gregorii
418 829 494 889 xvt
515 832 645 893 Decreta
661 834 870 905 consumavit,
894 836 1058 912 Dsiparam

102 908 161 967 sine
182 909 253 971 labe
270 913 383 987 peccati
398 913 551 990 originalis
566 924 741 993 conceptam
765 917 871 979 facisse
887 918 1058 993 dogmatica

100 988 274 1051 definitione
294 993 345 1053 die
366 991 436 1053 vtn
461 992 531 1055 Dae.
550 994 631 1055 1851·
647 998 774 1057 sancivit
795 1004 826 1058 et
847 1000 968 1077 propria
993 1016 1056 1059 ma·

103 1079 139 1131 nu
160 1074 343 1149 adprobavit
355 1072 495 1135 Officium
517 1078 633 1155 integre
656 1080 812 1157 proprium
828 1097 896 1141 cunr
914 1081 1003 1141 llissa
1026 1080 1058 1140 iu

10 1205 11 1234 ἶ
102 1150 148 1213 die
167 1151 251 1215 Pasti
275 1160 306 1215 et
322 1173 375 1232 per
397 1155 554 1219 Octavam.

466 1392 595 1456 CAPUT
616 1394 689 1455 XV.

102 1639 142 1685 ns
155 1604 270 1689 casro‘
280 1622 532 1691 rnrnsdrrrorus
554 1647 694 1693 srucrna
709 1648 816 1693 nouus
830 1649 1053 1726 transcurras.

139 1877 164 1937 Ι.
187 1881 246 1942 Die
261 1861 378 1941 decima
393 1882 572 1944 Decembris
585 1868 899 1945 Festum'oelebratur
915 1883 1055 1943 Transla-

103 1957 186 2021 tionis
207 1963 338 2024 Sanctae
358 1963 474 2023 Domus
495 1964 693 2027 Laurctanae.
718 1964 763 2024 De
778 1982 813 2025 ea
827 1966 964 2025 meminit
977 1965 1056 2025 Mar-

10 2101 11 2104 ,
101 2042 282 2120 tyrologium
306 2043 475 2105 Romanurn
498 2047 535 2105 ad
551 2047 693 2108 eumdem
717 2046 796 2106 diem
811 2047 850 2107 10
864 2046 1053 2112 Decembris:

101 2115 223 2185 laureti
247 2127 283 2185 in
297 2126 406 2187 Piceno
424 2123 592 2188 Translatio
607 2145 709 2188 sacrae
724 2127 837 2188 Damus
849 2128 906 2188 Ilei
923 2122 1054 2189 Genitri-

10 2217 11 2240 ³
102 2204 140 2263 ric
160 2207 288 2272 Mariae,
311 2212 346 2269 in
366 2227 427 2287 qua
455 2206 579 2270 Verbum
608 2209 688 2273 Caro
712 2209 827 2286 sactum
850 2205 988 2269 eat.‘Sub
1010 2208 1071 2269 In·

101 2292 236 2349 nocentia
257 2288 337 2368 Papa
360 2290 423 2351 ΧΠ
443 2298 543 2352 actum
566 2291 623 2352 init
653 2292 691 2351 de
713 2293 904 2351 concessione
926 2290 1049 2357 Officii,

10 2397 11 2400 κ
102 2371 130 2426 ct
149 2368 258 2431 Missae
273 2374 414 2449 propriae
437 2388 490 2448 pro
506 2374 646 2433 universa
669 2371 768 2431 Piceni
791 2372 959 2439 Provincia,
983 2390 1054 2433 cum

103 2454 185 2510 anna
217 2452 425 2516 celebraretur
453 2454 483 2511 in
505 2455 610 2514 eadem
639 2454 796 2513 Provincia
824 2454 887 2515 sinc
910 2452 1055 2513 Lectioni-

10 2571 11 2574 ,
101 2527 154 2590 hus
175 2537 316 2613 propriis.
341 2534 497 2596 Secundae
518 2542 623 2596 autem·
640 2535 797 2596 Lectiones
817 2533 916 2595 Officii
938 2532 1053 2612 proprii

101 2612 222 2677 subinde
255 2618 389 2678 concessi
417 2616 595 2695 desumptae
616 2622 688 2677 sunt
719 2634 756 2677 ex
785 2616 929 2677 Sermone
951 2616 1052 2677 Sancti

101 2688 241 2757 Bernardi
265 2699 400 2759 abbatis.
433 2696 525 2757 Missa
550 2700 672 2777 propria
694 2704 724 2759 et
755 2696 895 2759 Officium
919 2698 955 2757 ad
977 2695 1053 2757 alias

102 2779 266 2847 provincias
298 2786 455 2841 extensum
472 2778 545 2839 tute.
570 2777 661 2840 liniat
683 2778 826 2844 Lauren,
852 2778 930 2855 quod
959 2795 1054 2853 parra

96 2856 170 2916 <orus
191 2869 223 2922 et
244 2861 342 2923 italica
365 2862 394 2919 in
417 2859 516 2921 Piceni
538 2862 672 2937 regione,
697 2878 773 2920 nunc
796 2860 930 2923 Maronia
955 2856 1054 2919 Areco-

90 2935 204 3002 nr‘tona
219 2944 379 3021 appellata,
393 2943 428 3001 ad
443 2958 527 3001 mare
541 2942 738 3004 Adriaticum:
755 2942 826 3002 illuc
841 2943 919 3001 enim
943 2940 1054 3001 abdu-

102 3018 171 3090 iilis
191 3025 335 3085 translata
350 3032 406 3085 est.
430 3021 530 3100 Hujus
544 3022 745 3083 translationis
766 3021 900 3084 Historia
922 3022 963 3082 sic
984 3036 1053 3099 per·

104 3093 243 3165 hibetur:
278 3122 356 3167 anno
379 3104 457 3166 1291
480 3110 623 3183 occupata
647 3104 843 3165 Terrasancta
866 3122 883 3162 a
905 3102 1054 3178 Seraphin

103 3176 226 3262 Aegypti
248 3187 385 3254 Sullano,
401 3186 508 3263 dngsli
531 3203 647 3245 sacram
671 3186 755 3245 illam
769 3186 892 3269 domum
916 3183 1054 3245 triunda-

102 3268 204 3326 mcntis
225 3268 361 3329 avulsam
384 3268 570 3337 Tannetum,
593 3265 760 3328 Dalmatiae
782 3267 944 3345 oppidum,
968 3265 1054 3325 detu-

104 3338 204 3418 lerunt,
228 3356 260 3410 et
282 3368 373 3427 super
387 3349 494 3410 coliem
518 3365 611 3425 prope
627 3347 698 3409 litus
720 3351 813 3409 maris
835 3347 978 3409 Adriatici
1002 3347 1055 3407 de·

154 3436 284 3499 uerunt,
317 3430 441 3491 Nicolao
462 3429 506 3491 IV
530 3432 558 3489 in
579 3428 729 3491 Cathedra
753 3428 784 3489 S.
809 3427 888 3489 Petri
916 3429 1052 3489 sedente.

120 3508 171 3570 ndc
190 3530 265 3572 vero
288 3531 366 3574 enno
382 3510 466 3573 inan
484 3512 540 3572 sub
561 3508 769 3571 CoelestinoV
793 3512 821 3571 in
838 3509 979 3571 Picenum
1002 3508 1054 3569 de-

105 3580 158 3649 lna
177 3592 244 3663 init,
262 3594 363 3672 ibique
385 3592 667 3671 circumastant,
691 3598 723 3653 et
743 3593 884 3671 deinceps
905 3590 1053 3671 appellata
