2517 4059
451 208 678 283 miltlm·
799 242 805 255 -

90 340 193 411 neoda,
218 345 310 417 atque
330 340 361 399 in
383 340 483 416 prima
503 340 610 399 initiali
633 339 731 401 littera
747 338 921 403 efformatur
943 342 1043 419 imago

90 424 216 483 duorum
244 422 493 499 presbyterorum
507 418 568 481 SS.
592 420 822 481 Sacramentum
846 421 874 481 in
898 440 970 485 vase
991 442 1043 503 ge·

91 505 252 564 statorium
272 504 393 564 omuino
416 509 577 579 apertum,
603 510 637 565 ut
659 520 736 562 nunc
759 500 811 571 stt,
836 502 972 566 humeris
994 524 1045 584 ge·

91 586 243 646 stantium.
267 583 351 645 Idem
376 587 493 645 eruitur
515 602 553 645 ex
574 584 687 644 Missali
704 582 920 655 ltleloduneusi,
937 588 966 647 in
983 606 1044 664 quo

89 668 172 729 Feria
195 668 303 745 quinta
328 673 396 743 post
410 665 534 727 Festum
555 664 608 726 SS.
625 665 780 727 Trinitatis
802 665 932 727 habetur
953 670 1046 731 Missa

92 750 126 810 de'
145 748 201 809 SS.
226 748 425 809 Sacramento
456 748 504 808 cui
532 750 652 825 appicta
680 752 728 807 est
755 750 854 824 imago
876 748 1046 813 Sacerdotis

90 849 202 891 sacram
228 829 451 891 Eucharistiam
474 846 567 889 manu
590 829 754 908 gestantiS,
784 830 840 889 sub
861 830 1045 894 Baldaehino

91 932 107 973 a
124 917 261 989 quatuor
282 914 356 971 viris
377 911 489 981 delam,
513 910 564 986 qui
586 910 710 987 perinde
726 929 759 971 ac
777 910 920 972 Sacerdos
937 916 999 990 ipse
1016 921 1047 977 ot

91 995 193 1071 reliqui
217 993 328 1055 Clerici
344 992 458 1053 nudum
474 995 566 1068 caput
579 992 689 1052 llorum
705 992 821 1052 coronis
836 999 974 1054 ornatum
992 996 1047 1055 ha-

90 1076 166 1136 hent.
191 1075 309 1137 Verum
333 1074 451 1134 nullum
474 1072 628 1134 dubitandi
649 1074 746 1134 locum
764 1074 907 1150 relinquit
921 1074 1047 1137 Ordina-

92 1159 165 1216 rium
187 1157 415 1218 Silvanectense
438 1156 476 1214 ab
496 1156 582 1215 anuis
602 1156 723 1215 circiter
746 1153 805 1216 too
828 1174 917 1216 manu
944 1177 1047 1219 exara·

93 1244 151 1297 tum
184 1241 215 1298 in
250 1256 312 1315 quo
337 1238 414 1297 haec
436 1237 566 1313 legitur:
590 1235 663 1297 Post
685 1233 821 1297 Primam
844 1236 1047 1301 Processioncs

93 1316 143 1380 SS.
167 1320 281 1400 Repeti
303 1330 331 1381 ct
346 1316 532 1387 Framdaldi,
550 1326 577 1377 ct
592 1336 692 1378 omncs
710 1317 820 1378 Caroli
835 1322 963 1380 civitatis
978 1342 1047 1383 caua

92 1402 147 1459 scic
161 1403 377 1482 parochianis,
402 1409 429 1459 ct
454 1399 616 1461 Canonicis
638 1398 670 1459 S.
693 1396 838 1461 Mauritii
859 1405 986 1464 veniant
1007 1402 1048 1463 cd

95 1482 259 1545 Ecclesiam
283 1481 507 1545 Catltcdrolem.
534 1479 608 1541 Tum
633 1480 684 1560 fiet
706 1479 856 1541 Processio
885 1484 920 1541 in
948 1487 1049 1565 cappis

94 1565 194 1633 semeis,
218 1568 257 1625 in
277 1583 339 1643 poa
361 1562 607 1625 sacratissimam
627 1560 741 1641 Corpus
759 1560 874 1623 Cariati
894 1568 927 1625 in
948 1575 1049 1646 aperto

96 1648 208 1707 caseolo
238 1649 375 1723 positam
408 1643 542 1720 desertor
571 1645 607 1704 ab
629 1642 785 1723 Episcopo.
810 1645 968 1707 Praeterea
990 1648 1049 1707 alia

97 1730 201 1803 pariter
224 1726 383 1788 Processio
405 1725 581 1794 dimanavit,
606 1743 674 1784 cum
698 1722 802 1785 Divina
826 1729 970 1806 Mysteria
987 1746 1049 1787 ma·

99 1826 150 1882 gno
170 1811 280 1887 Populi
311 1825 460 1869 concursu
482 1807 519 1866 ad
543 1804 678 1866 infirmos
699 1805 888 1868 deseruntur.
911 1808 958 1868 Ob
980 1828 1048 1870 eam

97 1907 156 1950 rem
176 1893 330 1954 Martinus
351 1888 379 1946 V
402 1888 530 1964 largiora
557 1888 676 1947 celestis
698 1886 847 1949 Thesauri
872 1908 997 1951 munera
1020 1891 1049 1951 in

99 1987 144 2031 eos
169 1975 322 2043 contulit,
355 1970 407 2045 qui
431 1968 620 2030 Dominicum
642 1967 759 2045 Corpus
781 1970 828 2045 pie
851 1974 983 2033 comitati
1006 1990 1050 2033 es·

99 2060 168 2113 sent
191 2055 262 2115 Hac
290 2051 424 2130 prolecto
447 2052 485 2111 de
506 2069 596 2111 cauca
619 2051 716 2127 pietas
738 2052 767 2111 in
789 2050 921 2113 fidelium
944 2054 1050 2115 animis

100 2141 178 2195 aneta
198 2142 258 2204 est,
282 2141 314 2194 et
336 2134 523 2193 sanctissima
545 2133 667 2194 inducta
690 2134 896 2203 consuetudo,
922 2142 954 2196 ut
975 2151 1049 2211 que

100 2212 166 2275 libet
185 2234 291 2278 mense
312 2216 343 2273 in
366 2212 510 2273 Ecclesiis
531 2212 782 2289 Metropolitanis,
806 2213 1049 2285 Catltedralibus,

18 2327 19 2376 1
102 2301 182 2371 atque
203 2299 299 2359 etiam
321 2297 353 2355 in
375 2294 530 2357 Parachiis
552 2294 726 2373 hujusmodi
742 2298 861 2373 publica
877 2298 1051 2375 supplicatio

102 2375 272 2441 haberetur.
289 2378 416 2439 Sanctus
433 2374 560 2439 Carolus
575 2377 776 2437 Borromaeus
792 2377 966 2456 hujusmodi
979 2378 1052 2438 Pro»

102 2462 258 2530 cessiones,
277 2479 356 2537 quae
378 2477 440 2518 uno
462 2476 584 2538 quoquc
607 2476 709 2519 mense
730 2457 798 2521 fieri
813 2461 919 2529 solent,
937 2477 1051 2521 memo·

102 2544 142 2599 rat
161 2543 189 2601 in
211 2549 323 2621 quarto
346 2539 489 2601 Concilio.

373 2736 381 2744 -»
464 2700 592 2763 ctPttr
613 2701 685 2762 XV.

225 2884 272 2927 ott
293 2883 391 2928 FRSTO
413 2882 616 2928 tttvssttrtortts
638 2881 778 2927 stncrtts
801 2880 919 2927 cunels.

139 3024 163 3085 l.
187 3026 433 3090 Vetustissimam
455 3028 534 3087 hanc
554 3045 621 3088 esse
642 3026 850 3087 Festivitatem
879 3028 921 3087 ait
942 3025 1053 3087 Micco-

107 3103 203 3183 logus,
227 3128 358 3185 eamque
380 3112 467 3172 docet
499 3128 515 3169 a
539 3108 570 3169 S.
593 3109 724 3169 Eusebio
747 3110 914 3168 institutam
941 3110 969 3168 in
997 3104 1055 3167 Ot-

108 3192 319 3251 ccrcationibas
332 3190 560 3258 ‚Ecclesiasticic
587 3187 662 3265 Cap.
690 3187 769 3249 LV:
801 3188 942 3250 Eusebius
968 3187 1055 3268 Papo

110 3275 268 3341 constitnit,
295 3282 329 3331 ct
355 3292 455 3335 omncs
474 3272 642 3335 Christiani
668 3271 873 3333 Inventionant
896 3271 927 3332 S.
947 3270 1056 3333 Crucis

109 3354 205 3425 quinto
221 3352 327 3416 Nonas
347 3357 425 3416 Maii
438 3355 607 3415 solemniter
622 3355 814 3415 celebrarent.
839 3348 952 3414 Ead'cm
974 3351 1056 3412 altir-

109 3438 165 3493 nat
186 3436 296 3497 Burius
317 3436 348 3495 in
363 3434 478 3497 Notitia
495 3435 701 3495 Romanorum
724 3435 913 3515 Pontificum.
940 3434 1056 3495 Alludit

25 3588 28 3595 Ι
111 3509 284 3595 literatogus
306 3519 342 3577 ad
359 3516 521 3578 Decretum
543 3516 576 3576 S.
590 3514 713 3577 Eusebii
735 3514 914 3577 aGratiano
925 3516 1054 3576 relatum

22 3645 23 3668 ,
113 3590 143 3650 (le
159 3594 381 3660 Consecratiane
392 3600 472 3659 ilict.
490 3598 509 3658 3
524 3604 555 3660 et
575 3599 611 3657 ad
625 3597 763 3676 ejusdem
779 3596 930 3659 Pontificis
945 3594 1057 3659 Decre-
