2517 4059
507 206 509 211 '
550 220 610 281 esp
633 208 694 269 308
715 216 776 279 aare

184 343 340 405 nrcntariis
356 340 502 403 adversus
518 330 700 412 Donatistas'‚
718 342 755 401 de
769 358 829 416 quo
844 340 935 401 etiarn
952 337 1048 400 edicio
1064 339 1144 399 Acta

185 426 357 503 Martyrum
391 424 509 500 publica
545 426 664 501 saepius
686 428 801 499 agunt3
825 430 856 483 at
878 422 990 482 iterum
1018 422 1141 495 quinam

184 507 269 567 Libri
292 506 387 582 inagis
409 507 484 565 sacri
508 508 564 573 iis,
589 508 617 565 in
641 507 751 581 quibus
766 505 820 564 Dei
843 504 994 566 verbum,
1018 502 1142 563 Veteris

184 590 311 654 scilicet.
324 595 355 649 et
367 586 444 647 Nori
461 588 645 647 Testamenti
669 588 811 664 mysteria
828 588 1028 651 continentur.
1041 591 1071 646 et
1086 584 1142 645 Sa-

183 677 410 747 cramentorum
433 670 569 743 fidelibus
591 669 806 729 tradendorum
821 667 1038 727 administratio
1054 685 1141 742 prae-

183 754 346 814 scribitur!
370 752 501 830 Liturgia
517 770 602 812 sacra
617 753 714 825 inquit
729 750 904 810 Honoratus
919 768 935 808 a
951 750 1058 809 Sancta
1073 747 1142 808 Ma-

183 838 236 913 ria
251 838 280 895 iu
302 852 392 911 opere
415 834 463 894 aui
486 835 601 895 titulus:
616 832 950 893 Animadversionem
970 834 1088 909 rcqalas
1113 846 1143 893 ct

182 936 269 977 arsam
285 917 399 977 critices
414 916 526 976 Lib..V
542 916 700 981 Dissetatio
716 914 759 977 lll
774 914 882 979 saltem
896 932 913 973 a
929 913 1059 973 secundo
1074 932 1142 974 sae·

182 1001 252 1059 culo
274 998 482 1064 redundabat.
506 995 738 1075 quamplurimis
759 995 1004 1077 procationibus,
1027 997 1140 1056 oratio·-

182 1082 290 1151 nib'us,
315 1082 588 1149 obsecrationibus,
613 1081 783 1156 [gratiarum¹
801 1078 988 1145 actionibus,
1012 1077 1140 1154 aliisque

182 1164 284 1224 multis
306 1161 414 1222 Missae
437 1164 592 1239 partibus,
617 1180 634 1221 e
656 1162 754 1223 Sacris
776 1161 898 1222 Litteris
926 1160 1135 1237 depromptis:
1196 1179 1199 1186 ·

182 1262 271 1305 uerno
293 1244 348 1303 sibi
371 1244 552 1323 persuadere
574 1245 706 1321 poterit,
722 1262 788 1304 rem
802 1244 933 1303 diuinam
956 1241 1140 1303 celebratam

181 1327 275 1387 luisse
298 1327 360 1385 sine
385 1320 526 1403 Liturgi'is
547 1328 724 1403 conscriptis
746 1328 776 1388 in
798 1344 885 1385 usum
907 1324 1138 1393 Ministrorum,

182 1415 273 1485 alque
296 1408 383 1468 cilicii
406 1409 516 1485 publici
538 1407 704 1486 exemplar.
728 1408 805 1469 ltem
835 1405 1022 1467 necessariae
1051 1414 1140 1467 eraut

180 1490 218 1549 att
243 1491 421 1550 serrandum
446 1492 689 1567 aequabilitatem
705 1491 873 1551 insanctis
899 1489 964 1548 istis
985 1491 1141 1551 conventi-

161 1573 261 1637 bus,
286 1578 374 1649 atque
398 1574 594 1633 removendos
617 1574 713 1633 malos
744 1590 842 1639 usus,
865 1572 917 1647 qui
946 1571 1027 1631 nullo
1049 1588 1139 1648 nego·

181 1656 223 1715 tio
245 1655 453 1731 irremissam,
485 1656 509 1715 si
537 1655 758 1727 sacerdotum,
786 1654 836 1714 rel
862 1653 1044 1713 adstantium
1074 1656 1141 1729 pie-

181 1736 234 1805 tati
258 1734 385 1797 liberum
414 1736 519 1798 inisset
550 1744 669 1815 tompus
701 1739 730 1795 in
753 1738 788 1797 iis
806 1734 1034 1795 insumendum.
1057 1732 1139 1796 lnter

179 1820 261 1877 viros
284 1818 468 1879 doctissimos
491 1827 648 1896 receptum
669 1839 735 1881 esse
757 1820 867 1886 debet,
891 1818 955 1878 sive
969 1815 1138 1892 Litargiam

180 1898 249 1958 Diri
271 1898 370 1961 lacnbi
395 1898 464 1962 baio
487 1902 628 1979 Apostolo
651 1902 811 1981 adjacent,
835 1900 882 1959 vel
906 1900 997 1977 abeo
1019 1897 1136 1975 abjudi-

179 1987 269 2047 cent,
294 2000 359 2043 cam
376 1988 475 2045 tamea
492 1986 521 2043 in
537 1989 621 2046 more
638 1984 728 2055 tuisse
744 1986 914 2063 primorum
930 1981 1134 2047 sacculorum.

178 2061 325 2123 Conuenit
346 2068 459 2143 pariter
481 2067 684 2132 interamnes
706 2067 736 2127 S.
760 2063 946 2126 Clementem
970 2063 1137 2125 Auctorem

179 2164 238 2205 nou
261 2163 325 2205 esse
347 2145 599 2208 Constitutionum
615 2150 856 2227 Apostolicorum
872 2166 883 2216 ‚·
898 2146 953 2206 bas
974 2144 1012 2203 ab
1035 2146 1137 2221 igunto
1177 2219 1180 2223 .

178 2226 330 2304 Scriptura
354 2227 441 2289 inisse
463 2237 622 2299 exaratas,
639 2238 728 2309 atque
744 2233 891 2290 incertum
914 2243 980 2306 esse
1002 2232 1136 2304 tempus,

179 2326 239 2385 qno
261 2308 412 2388 coniectae
443 2310 586 2382 luerunt3
611 2315 680 2375 licet
711 2315 806 2373 marita
837 2309 1019 2380 utilissima,
1045 2314 1137 2385 atque
1202 2320 1207 2328 ·

179 2390 430 2465 excellentissima
451 2394 703 2472 complectanrun
724 2394 764 2455 Et
784 2411 855 2454 vero
877 2392 1009 2468 plurima
1031 2393 1061 2449 in
1078 2390 1136 2450 illis

180 2474 341 2533 concinunt
362 2476 500 2553 egregiae
522 2487 652 2553 quatuor
674 2478 841 2553 primorum
864 2472 1061 2534 Saeculorum
1078 2470 1137 2533 Ec-

178 2555 559 2635 clesiasticaediscipiinae
582 2566 617 2621 ut
638 2560 855 2636 Albaspiu'aeus
881 2574 938 2614 uon
954 2554 1071 2615 dubitet
1092 2555 1137 2613 al-

179 2635 312 2697 frrmarc.
338 2638 461 2699 Librum
484 2641 563 2703 hunc
586 2643 679 2709 inisse
701 2642 772 2701 olim
795 2638 948 2698 Ecclesiae
970 2635 1063 2696 instar
1085 2636 1137 2695 Ri-

178 2718 288 2795 inalia,
312 2718 519 2793 pontificatis,
544 2732 574 2786 et
595 2723 723 2799 Codicis.
750 2722 980 2785 constitutiones
1000 2720 1069 2779 illas
1091 2720 1136 2777 in·

178 2800 243 2877 quit
265 2799 399 2865 Marinus
421 2803 456 2863 da
481 2802 586 2867 Sacris
616 2801 860 2867 Ordinatioaitus
882 2822 912 2879 p.
936 2799 1011 2859 ‘lin
1034 2800 1133 2877 Pracs.

168 2882 256 2961 'qliae
277 2885 365 2963 aalqo
388 2885 550 2949 Clementis
573 2891 690 2949 aoraiac
711 2888 857 2965 seruatur
882 2900 983 2943 censeo
1006 2881 1136 2960 dicepti-

177 2982 250 3024 aam
278 2984 334 3026 csso
366 2970 593 3031 aeclesiasticam
626 2988 686 3049 qua
712 2967 874 3028 orientalis
896 2966 1033 3026 Ecclesia
1064 2973 1136 3024 anta

180 3045 413 3111 Constantinam*
436 3051 570 3129 primam
602 3054 653 3114 salt
676 3050 810 3111 Etbaicis
831 3046 1066 3127 imperatoribus
1087 3064 1136 3105 ra·

178 3128 312 3206 athalar.
337 3130 474 3211 Denique
496 3137 586 3205 audi,
611 3132 681 3212 quid
699 3134 795 3194 ierant
811 3129 935 3191 Consilii
951 3128 995 3189 lll
1009 3126 1135 3189 Cartba-

178 3210 307 3285 ginensis
328 3210 452 3285 Patres,
477 3216 556 3291 qnod
578 3234 656 3277 anun
677 3213 789 3276 Christi
812 3211 871 3281 397
894 3211 1030 3271 habitum
1054 3208 1133 3269 init:

177 3288 452 3363 Primanorum,
477 3316 526 3358 saa
549 3301 604 3359 ancl
627 3309 654 3359 ct
677 3300 744 3364 lac,
769 3294 847 3375 qaod
878 3312 939 3352 ano
962 3292 1009 3351 ilie
1031 3292 1134 3351 salam·

177 3376 300 3433 aisstrao
316 3394 373 3453 pro
395 3378 547 3456 infantam
562 3380 701 3461 Mystcrt'o
715 3380 787 3441 solat
798 3376 911 3458 offerri
924 3418 931 3443 ‚
950 3376 1086 3453 qaancais
1100 3377 1135 3434 ia

179 3453 274 3513 attari
296 3457 487 3537 offocatum,
512 3482 596 3523 sanna
620 3461 845 3524 lamentabant
865 3458 1024 3536 propriant
1038 3454 1135 3513 Bane·

180 3533 359 3604 dictionem.
384 3553 458 3603 atra
482 3540 673 3605 Sacramenta
695 3540 848 3605 Dominici
867 3539 1005 3618 Corporis
1021 3548 1047 3597 et
1061 3536 1137 3598 San·

180 3618 281 3693 qar‘ais
305 3620 518 3702 clistiapaatar.
544 3625 617 3700 Quis
650 3646 707 3687 nou
738 3624 846 3693 ridet,
869 3620 986 3699 jamdiu
1008 3619 1137 3680 Benedi-
