2517 4059
538 202 680 275 unam
704 212 763 272 tls·

175 333 220 386 tra
243 330 473 408 auriphrygiata
489 332 657 393 adhibenda
673 334 712 393 sit
725 354 733 404 3
748 329 889 390 Durando
905 330 1033 389 succinit
1047 328 1132 388 Ordo

173 407 328 470 Romanus
357 409 435 473 Xlll
460 413 547 491 jussu
576 415 714 492 Gregorii
744 412 787 473 X.
812 411 961 472 Succossu
985 410 1130 488 temporis

169 493 247 568 apud
272 491 391 552 [atinus
423 496 618 556 constitutum
642 501 708 564 est,
733 502 766 555 ut
789 501 849 553 tres
872 492 1030 553 Mitrarurn
1064 509 1133 569 spe-

167 576 233 644 cies
256 573 406 635 haherent
427 572 588 653 Episcopi,
611 596 666 654 pro
689 583 859 652 temporum
883 577 997 634 ratione
1020 574 1058 633 ab
1073 574 1132 633 eis·

170 653 240 716 deur
262 654 450 717 deferendas.
469 656 623 733 Leguntur
647 660 768 735 insuper
790 657 819 714 in
843 657 910 716 ritis
927 657 1132 715 Romanorum

170 734 372 804 Pontificum,
397 739 447 813 qui
471 740 585 798 scilicet
614 747 681 816 post
709 756 822 798 annum
852 738 1042 797 millesimum
1075 734 1132 793 llo-

170 825 312 885 ruernnt‚
328 820 430 878 variae
446 821 652 880 concessiones
667 821 877 898 gestandarum
894 819 1054 878 mitrarum
1072 832 1132 876 non

172 902 261 958 modo
282 898 453 960 Abbatihus
475 899 595 967 iactae,
619 904 671 961 sed
695 910 726 962 et
739 902 896 961 Canoniois
912 897 1129 960 Ecclesiarum.

172 979 268 1040 Porro
289 983 479 1041 consuevisse
502 984 574 1041 olim
596 984 626 1042 in
655 984 791 1043 Ecclesia
814 981 939 1050 Latina,
964 980 1084 1040 contexi
1101 980 1132 1037 in

171 1061 262 1121 Mitra
285 1062 457 1140 Deiparae,
482 1082 517 1122 ac
539 1061 652 1124 Christi
676 1064 818 1135 Domini,
841 1058 871 1123 et
895 1063 1023 1122 aliorum
1056 1060 1131 1123 Cae*

170 1143 258 1202 litum
283 1162 384 1203 sacras
406 1146 574 1222 imagines,
598 1147 720 1222 probari
744 1150 841 1226 potest
862 1162 899 1204 cx
921 1146 1013 1203 variis
1035 1144 1132 1202 eccle·

170 1225 298 1283 siasticis
320 1228 533 1285 monumentis.

212 1305 268 1366 iv,
293 1305 400 1367 Graeci
424 1307 562 1385 Episcopi
585 1308 693 1367 Mitras
720 1326 779 1367 non
807 1312 923 1385 gestant
947 1306 988 1366 uti
1012 1309 1133 1364 constat

171 1406 209 1444 ex
231 1387 370 1448 Simeone
390 1387 650 1449 Thessalonicensi
674 1389 750 1449 libro
773 1389 808 1448 de
835 1385 969 1467 Templo,
993 1386 1043 1445 uhi
1066 1386 1128 1445 ait:

171 1466 332 1547 Episcopor
361 1468 491 1532 Graecos
516 1482 619 1547 operto
644 1472 742 1549 capito
768 1471 864 1531 sacris
888 1469 976 1547 fraqi
1001 1467 1080 1544 qnod
1102 1472 1133 1528 er

173 1549 353 1610 confirmant
375 1550 501 1611 lacohus
523 1571 539 1611 a
563 1552 724 1622 vitriaco,
748 1572 782 1612 ac
804 1554 965 1612 Grelserus
988 1550 1017 1607 in
1042 1548 1134 1613 Codi-

172 1649 246 1691 rrum
271 1632 332 1692 tio.
357 1632 374 1687 Ι
394 1633 470 1711 cap.
500 1634 551 1715 162
574 1633 657 1693 idem
680 1634 717 1694 de
740 1633 863 1693 Graecis
891 1631 1042 1691 modernis
1072 1637 1132 1691 tra·

173 1714 248 1772 dunt
262 1713 388 1774 lacobus
403 1712 484 1774 Goar
506 1716 534 1772 in
559 1716 636 1775 nolis
656 1715 696 1773 od
715 1714 926 1791 Eucholopr'um
945 1712 1134 1773 Graecorum

167 1815 201 1874 p⁴
231 1794 296 1855 451
307 1802 352 1857 el
372 1794 537 1855 Cardinalis
553 1798 634 1856 Bona
656 1796 770 1856 lterum
787 1798 1014 1873 Liturpirornm
1031 1795 1093 1853 lib.
1119 1790 1134 1851 l

173 1874 247 1952 Cap.
272 1875 324 1937 at.
342 1875 389 1935 Ah
412 1876 467 1937 hac
489 1883 589 1936 lamen
613 1881 828 1938 consuetudine
850 1878 1003 1937 eximendi
1026 1875 1133 1936 viden·

173 1963 224 2017 tur
240 1953 433 2017 Patriarchae
448 1976 521 2036 quos
536 1958 625 2019 Mitra
649 1978 717 2018 usos
734 1978 798 2018 esse
814 1966 940 2018 constat.
958 1956 1044 2017 Nunc
1060 1974 1134 2017 vero

173 2039 306 2097 nonnulli
329 2036 516 2099 Graecorum
539 2040 679 2117 Episcopi
703 2040 824 2101 Mitram
841 2042 869 2099 in
886 2039 1072 2100 celebrandis
1086 2055 1135 2097 sa-

173 2121 234 2177 eris
268 2122 419 2196 mysteriis
447 2120 613 2190 adhihent,
638 2129 671 2181 nt
699 2123 836 2197 perhibet
865 2122 924 2182 l.eo
954 2122 1081 2181 Allatius
1103 2120 1133 2178 in

172 2199 304 2275 quadam
327 2201 450 2276 epistola
464 2200 509 2260 'ad
533 2201 674 2263 Iacobum
696 2201 788 2265 Goar.
812 2202 867 2262 Est
887 2204 966 2264 enim
990 2201 1130 2271 rotunda,

174 2298 234 2339 non
257 2283 448 2351 acuminata,
473 2291 526 2342 aut
547 2286 696 2361 oblonga,
721 2288 771 2345 sed
795 2286 919 2351 obtusa,
945 2285 1041 2361 qualis
1068 2282 1132 2343 lero

175 2368 223 2422 est
244 2362 305 2429 illa,
322 2380 391 2421 cum
415 2382 476 2440 qua
499 2374 743 2441 repraesentatur
766 2366 884 2428 Callixli
907 2364 1003 2443 Papae
1026 2364 1054 2423 ll
1070 2364 1133 2424 effi-

175 2443 240 2521 gies
261 2445 292 2501 in
307 2443 502 2505 Bollandiano
524 2446 593 2506 hlaii
606 2448 773 2525 Propilaeo.
791 2448 1087 2517 Mitraemaleriam,
1099 2464 1133 2506 ac

177 2525 308 2584 formam
331 2529 453 2603 egregie
474 2530 605 2603 explicat
627 2530 817 2589 innocentius
833 2527 872 2588 ΙΙΙ
892 2527 1026 2588 Pontifex
1042 2526 1134 2586 Maxi·

176 2624 244 2666 mus
256 2608 285 2664 in
298 2611 420 2685 egregie
434 2626 526 2684 opere
539 2610 574 2667 dc
590 2608 745 2689 Mystcrir'r
756 2611 860 2669 Missua
874 2608 960 2670 tu]
975 2611 1051 2688 Cup.
1067 2605 1131 2669 LX.

175 2686 319 2747 Anterior
341 2708 411 2767 pars
433 2692 540 2751 mitrae
562 2689 699 2762 Novum,
726 2693 872 2769 posterior
889 2692 983 2752 l’elus
999 2690 1135 2767 designat

178 2765 429 2836 Testamentum,
454 2777 488 2832 ut
510 2774 651 2833 cornibus
673 2776 830 2850 utriusque
853 2773 1039 2834 Testamenti
1061 2771 1134 2831 luci-

177 2849 223 2909 dis
245 2850 363 2927 fulgens
386 2854 537 2914 deterreat
560 2855 749 2915 adversarios
771 2856 918 2915 veritatis.

532 3034 658 3109 carun
681 3046 768 3107 xlv.

554 3256 597 3299 DE
619 3257 751 3302 uacum.

217 3407 242 3478 1,
267 3407 370 3469 Variis
392 3412 561 3472 nominibus
576 3417 760 3492 appeliatum
778 3417 848 3475 olim
865 3414 1012 3473 Baculum
1029 3411 1131 3473 Pasto-

176 3489 272 3549 ralem
295 3489 536 3569 Episcoporum‚
559 3498 634 3556 scito
656 3499 797 3558 observat
819 3494 945 3555 loannes
966 3491 1133 3555 Cardinalir

176 3570 259 3632 Bona
282 3578 351 3650 post
364 3572 549 3651 Stephanum
565 3577 694 3638 Duranti
709 3620 717 3647 ,
733 3577 999 3639 Bartholornaeum
1015 3574 1133 3636 Garan-
