2517 4059
487 190 548 269 ἡ
566 182 607 247 93
627 194 688 257 ω·

107 322 245 381 i'arriona
272 324 373 396 purat,
402 319 494 381 sotem
520 318 712 379 obscuratam
735 326 805 389 est,
830 316 1062 399 adsignifionn-

101 401 175 465 dam
198 402 378 477 iudaeorum
396 402 583 462 coecitatem.
612 400 669 459 ma
685 399 779 460 soiern
803 403 995 463 obscnratum
1018 402 1061 460 ie·

108 491 201 553 runt,
226 485 255 543 in
278 484 506 545 detestationem
529 482 602 542 tanti
624 482 780 548 iocinoris,
802 483 883 558 quod
905 482 1006 543 iudaei
1032 483 1060 541 in

107 566 343 643 Redemptarem
367 582 453 625 suum
477 570 706 640 perpetrarunt.
731 561 814 629 Atii,
843 563 1059 628 utitivinitati

106 646 222 709 Christi
243 647 366 714 evidens
390 646 594 707 testimonium
616 644 762 715 daretur3
794 662 862 704 eum
886 646 966 706 enim
988 642 1061 708 Cru-

106 727 149 791 cis
172 727 354 805 supplicium
377 728 463 787 vaide
486 726 713 803 ignominiosum
735 744 814 791 esse,
839 743 959 803 necesso
982 725 1059 787 init.

108 817 141 871 at
163 828 223 869 non
240 818 411 869 moreretur
433 806 495 867 sine
512 806 678 885 ingentibus
694 807 860 867 miraculis.
884 807 942 866 Atii
964 807 1000 865 ad
1022 806 1060 864 si·
1144 819 1147 824 ’

106 890 333 969 ganeandum,
366 887 500 967 justitiae
523 891 616 947 sotem
640 888 818 951 occubuisse
833 904 848 952 ,·
872 885 971 963 juxta.
987 887 1060 946 iilud

105 974 215 1031 Amos:
237 967 353 1031 Occidet
375 968 423 1031 Sol
446 970 480 1027 in
502 969 642 1032 meridia.
889 1015 892 1019 .

96 1094 100 1100 -
146 1050 240 1112 xix.
266 1053 405 1114 Alteram
435 1051 604 1127 prodigiam
632 1057 680 1111 est
701 1049 767 1111 Veii
797 1051 827 1108 in
857 1048 940 1125 duas
961 1055 1060 1123 partes

106 1136 259 1196 scissura:
290 1133 343 1193 sed
368 1149 438 1191 curn
471 1130 581 1207 duplex
600 1131 701 1193 tuerit
728 1133 756 1190 in
778 1130 904 1209 Tempta
933 1132 1058 1200 veiam,

102 1234 200 1278 anum
226 1215 261 1272 ed
285 1212 364 1274 iores
378 1254 389 1282 „
411 1212 539 1271 niteram
562 1214 598 1273 ad
621 1212 895 1286 intimamTempii
919 1216 1059 1285 portem,

107 1314 169 1372 ano
187 1292 331 1355 Sanctam
347 1294 529 1355 Sanctorum
544 1294 613 1353 sotis
628 1295 755 1354 summis
769 1292 977 1353 Sacerdotibus
994 1307 1061 1367 por-

105 1380 177 1446 rin3
202 1376 369 1453 quaeritur,
394 1392 465 1433 nam
488 1374 589 1435 vetum
613 1374 687 1435 iiind
708 1376 844 1442 interius,
867 1392 904 1433 en
927 1375 1060 1434 exterius

104 1459 201 1519 inerit
233 1458 263 1517 in
285 1456 517 1523 Christimorte
540 1456 707 1515 discissam.
737 1456 767 1515 S.
792 1455 999 1532 Hieronymus
1030 1454 1061 1512 in

107 1538 246 1619 Epistola
269 1537 309 1597 ad
331 1536 489 1597 Heditiam
513 1535 632 1597 videtur
648 1554 784 1599 asserere
806 1537 986 1596 conscissam
1010 1552 1060 1595 ve-

108 1622 172 1681 tum
196 1620 342 1681 exterius.
377 1616 461 1677 ldem
483 1618 569 1677 docet
589 1617 734 1695 Origenes
760 1615 859 1683 Traot.
883 1616 1002 1678 XXXV
1031 1617 1059 1675 in

108 1700 308 1763 Mattireeum.
333 1699 390 1759 Sed
413 1695 545 1776 Cyriiius
561 1700 793 1769 Alexandrinus,
814 1701 845 1757 in
871 1700 969 1775 Caput
984 1694 1064 1757 m

107 1782 235 1843 Ioannis
247 1805 262 1851 ‚··
285 1778 489 1858 Euthymios,
523 1782 557 1839 in
580 1779 791 1851 Monmaam,·
817 1781 877 1840 Lea
906 1778 1033 1857 Magnus
1047 1818 1058 1843 ,,

107 1864 248 1923 Sermone
269 1860 301 1921 X
325 1861 360 1920 de
376 1859 516 1920 Passieno
538 1860 670 1932 Domini·
692 1865 815 1923 scissum
840 1866 943 1936 putent
957 1860 1059 1918 votnm

105 1952 176 2004 ante
198 1942 312 2003 Sancta·
329 1941 505 2003 Sanctorum
527 1961 704 2019 expensum.
730 1941 921 2002 Recentiores
940 1954 1060 2017 qrroqne
1090 1942 1100 1960 ¹

107 2026 158 2085 aiii
176 2026 256 2099 ‚aiias
278 2029 347 2085 sunt
368 2027 485 2099 sequuti
509 2024 688 2105 sententies.
722 2023 867 2083 Baronins
881 2023 926 2081 ad
948 2040 1059 2082 annum

105 2105 217 2169 Christi
233 2103 274 2165 st
296 2121 380 2164 nam.
399 2104 458 2163 127
479 2105 641 2174 contendit,
665 2102 835 2183 disruptum
857 2106 992 2165 exterius
1008 2120 1060 2163 ve·

106 2188 170 2249 iarn
188 2188 290 2254 inisse,
308 2185 388 2263 qaod
405 2186 514 2261 populo
529 2188 724 2262 conspicuum
741 2196 817 2247 erat.
835 2186 941 2262 Serry.
959 2182 1059 2245 Exer-

106 2269 247 2329 citatione
270 2266 309 2326 57
332 2284 414 2333 num.
432 2264 469 2333 53
494 2274 524 2325 et
547 2263 665 2332 Gothis,
688 2266 723 2325 da
744 2266 873 2327 Veritatr
897 2266 1061 2344 Roiiqionis

109 2351 304 2415 Christianae
332 2344 405 2421 Cep.
430 2346 466 2405 31
493 2346 553 2419 §2
581 2348 710 2408 Baronio
737 2349 952 2427 suffragantur.
983 2346 1059 2409 Cam

95 2434 143 2491 -iis
164 2432 266 2489 sentiit
280 2426 386 2504 L'amy.
404 2425 575 2497 Harmonia
593 2426 772 2507 annaatioa
788 2429 853 2489 Lib.
871 2428 986 2505 VCap.
1006 2427 1057 2498 36;

106 2513 233 2573 Sunrez.
262 2506 399 2569 Tom.11
416 2508 440 2565 3
453 2520 537 2588 part.
562 2508 673 2589 disput.
698 2510 737 2578 39
759 2518 830 2571 sect.
848 2510 886 2579 2;
909 2511 946 2571 de
968 2528 1003 2569 ea
1028 2528 1061 2570 re

101 2592 165 2654 ¹sibi
179 2592 292 2651 fatetur
309 2609 365 2649 non
383 2590 506 2663 iiqnere.
524 2588 717 2651 Casanbonus
732 2592 832 2653 itidem
850 2611 907 2653 non
924 2597 1060 2653 constare

105 2674 213 2735 sariisit
235 2670 458 2732 Eaaranoaona
481 2668 558 2733 XVI
576 2672 604 2729 in
628 2673 791 2733 Beronium
815 2694 898 2736 nam.
923 2674 974 2733 30.
1000 2675 1062 2734 Atii

101 2756 238 2831 denime
260 2752 443 2823 existimant,
467 2753 568 2812 votnm
593 2754 664 2814 iiind
689 2756 813 2815 interius
834 2758 959 2817 scissum
982 2773 1058 2825 esse.

105 2837 188 2915 quod
205 2841 274 2893 ante
289 2834 395 2894 Sancta
418 2832 597 2895 Sanctorum
615 2829 863 2912 ,praetexebatun
881 2855 971 2911 quarn
994 2853 1062 2895 sen·

108 2920 234 2986 tentiam
252 2922 283 2975 nt
299 2932 488 2976 communem
503 2934 580 2977 nune
593 2916 657 2975 iere
673 2935 776 2977 omnes
786 2923 963 2993 sequantur.
973 2917 1013 2975 Et
1028 2934 1061 2977 re

107 3000 232 3077 quidem
255 3015 327 3057 vora
350 2996 406 3068 hae
422 2998 563 3058 scissione
586 2996 856 3073 significatumon,
882 3016 935 3072 per
949 2998 1060 3059 Christi

105 3085 239 3141 mortem
263 3084 430 3137 reseratam
448 3079 531 3138 nobis
553 3096 619 3139 esse
642 3082 795 3139 coetorum
818 3078 951 3146 aditum,
974 3097 1061 3141 revo-

108 3162 166 3223 lata
190 3177 311 3225 arcana,
336 3158 480 3235 impietas*
496 3158 619 3234 figuras,
643 3168 674 3220 et
695 3178 772 3235 quae
794 3161 956 3221 sacratiora
978 3163 1062 3219 erant

108 3242 227 3305 ludaeis
248 3240 465 3310 'Sacramentm
490 3258 548 3300 nna
570 3258 638 3299 cnm
663 3242 755 3301 veteri
778 3240 950 3303 sacerdotio
979 3241 1062 3301 abro-

107 3330 198 3401 gata:
222 3338 297 3396 anas
320 3318 550 3397 significationes
567 3321 657 3397 tradit
679 3321 838 3395 Apostolus
853 3324 889 3381 ad
904 3318 1060 3383 Hebraeos

108 3406 183 3489 Cap.
202 3402 245 3462 vt
269 3402 421 3463 scribens:
449 3399 534 3482 Spem
549 3402 624 3463 sicat
648 3402 812 3461 anchoram
834 3404 980 3473 totamm,
993 3403 1062 3465 ani-

109 3503 174 3549 mae
192 3495 287 3545 totam
302 3501 337 3543 aa
351 3484 482 3563 firmam,
507 3494 533 3543 et
545 3482 732 3553 innodantem
747 3502 840 3563 usqae
855 3484 896 3543 ari
910 3486 1062 3545 interiora

106 3565 275 3635 solaminis,
298 3566 351 3625 att
367 3582 548 3645 praaoarsor
565 3564 722 3646 pronubis
743 3563 883 3625 introivit
904 3564 997 3637 laras,
1019 3584 1060 3627 re·
