2517 4059
573 207 798 282 *ibim*

211 343 241 401 in
264 341 384 406 Christo
406 339 606 407 substantias,
630 337 842 406 Divinitstem,
865 337 1023 409 Animam,
1046 333 1168 397 etCor·

211 441 289 500 pus,
308 439 366 498 qna
383 421 530 498 triplicem
546 419 683 499 ejusdem
697 425 821 491 statum,
837 438 906 482 cum
924 419 1084 498 aliquando
1100 419 1168 480 lue·

211 506 252 564 rit
274 505 430 569 mortalis,
457 502 617 578 aliquando
640 507 799 568 mortuus,
825 511 859 564 et
880 520 958 562 urrnc
979 503 1019 560 sit
1038 501 1169 560 immor·

212 587 542 653 talis-demonstraret,
566 602 623 661 qua
639 585 815 644 divisionem
836 583 950 646 Christi
970 581 1115 658 Corporis
1136 583 1166 640 in

212 669 348 747 passione
370 667 576 744 exprimeret3
601 664 741 727 Christus
762 666 843 726 enim
868 668 1044 726 vulneratos
1064 663 1122 724 luit
1136 664 1168 722 in

213 750 360 814 manibus,
386 748 523 826 pedibus,
547 754 578 808 et
600 749 714 827 latere,
739 752 772 807 ut
786 765 823 806 ex
847 744 922 807 Divo
943 747 1059 806 Thoma
1085 742 1168 820 Opu-

211 831 297 894 sculo
318 829 358 892 59
380 828 452 907 Cap.
469 830 500 889 7.
525 827 564 889 Et
585 829 777 888 Innocentius
793 827 837 889 lll
859 830 889 888 in
905 826 1038 889 LibroV
1060 825 1166 905 Myos·

211 913 328 974 riorum
351 903 459 972 Missae
480 910 553 988 Cap.
572 910 591 968 3
613 911 727 971 scribit:
751 909 832 987 qood
847 928 994 990 cropore
1009 910 1166 985 enipeum

214 996 324 1074 Caput,
347 993 483 1054 uidelicet
500 991 649 1061 Christos,
673 991 727 1069 qui
740 1002 768 1051 ct
784 990 884 1070 Caput
899 1004 941 1052 ert
962 1001 990 1052 et
1001 1009 1076 1069 porr
1094 989 1165 1052 Cor·

206 1079 305 1157 poris:
328 1077 425 1136 altero
436 1091 511 1152 pore
527 1083 596 1134 sont
611 1075 669 1140 illi,
686 1090 816 1151 quorum
832 1091 957 1150 corporo
972 1073 1165 1150 requiescunt

210 1159 244 1219 in
260 1159 390 1226 tumulis,
415 1166 440 1216 ot
464 1156 585 1214 Animos
602 1163 731 1231 repnont
745 1171 813 1212 com
831 1153 962 1216 Christo:
984 1155 1077 1213 tertio
1087 1169 1164 1231 port

188 1237 246 1300 'io
262 1237 394 1300 Culicem
405 1235 550 1316 ponitur,
575 1235 745 1315 sipnificons
768 1254 833 1303 eor,
857 1240 910 1313 qui
924 1237 1022 1295 adhoc
1042 1237 1077 1293 in
1094 1251 1165 1313 por·

210 1321 292 1382 sione
313 1322 484 1384 consistunt,
509 1317 599 1378 donec
615 1320 651 1378 ab
664 1318 720 1376 lmc
736 1318 801 1377 nito
816 1320 990 1394 miprootcu
1010 1323 1165 1376 transcant

209 1401 250 1462 od
269 1401 365 1480 Caput
379 1419 479 1470 soom,
496 1401 547 1460 obi
562 1418 615 1458 nec
631 1401 806 1458 moriantur
821 1401 964 1476 amplios,
987 1417 1040 1459 nec
1054 1397 1164 1456 ullate-

209 1501 266 1544 nus
276 1483 453 1560 potiantur.
478 1481 565 1541 iuxta
580 1477 765 1540 Gulielmum
782 1479 1070 1548 Antisiodoreusem,
1095 1496 1164 1554 pars

210 1581 288 1640 quae
312 1565 499 1640 insanguine
523 1564 652 1623 mittitur
673 1558 822 1638 significat
843 1564 938 1631 rivos,
962 1580 1022 1623 una
1045 1558 1163 1622 illarum

210 1647 329 1721 eosqui
352 1653 421 1706 sunt
443 1647 471 1703 in
494 1644 680 1721 Purgatorio‚
704 1643 764 1702 alia
786 1661 859 1702 vero
882 1641 947 1705 illos
968 1645 1021 1721 qui
1042 1645 1111 1700 sunt
1133 1643 1163 1700 in

211 1723 363 1786 Paradiso.
388 1725 464 1786 Orat
479 1727 557 1786 enim
575 1723 709 1786 Ecclesia
725 1740 779 1800 pro
795 1724 883 1794 vivis,
909 1734 942 1786 ut
956 1727 986 1784 in
1003 1726 1079 1784 bono
1094 1741 1165 1783 con·

210 1815 392 1878 serventur3
418 1825 471 1882 pro
487 1809 530 1870 eis
551 1808 601 1883 qni
623 1812 695 1866 sunt
716 1807 744 1863 in
760 1802 953 1884 Purgatorio,
978 1811 1013 1866 ut
1027 1805 1113 1864 citius
1130 1805 1164 1864 li-

211 1890 366 1956 berentur,
391 1894 422 1949 et
444 1894 622 1966 purgentum
647 1904 702 1963 pro
724 1887 768 1946 eis
789 1889 841 1963 qui
863 1888 891 1946 in
912 1886 1004 1949 Coelo
1026 1891 1106 1953 sunt,
1131 1891 1166 1947 ut

211 1978 296 2032 orent
318 1988 372 2047 pro
395 1971 489 2030 nobis.
513 1969 587 2032 Pars
604 1971 633 2028 in
648 1966 748 2028 Calice
770 1972 868 2045 posita
884 1976 960 2031 teste
975 1966 1118 2029 ubrando
1134 1968 1166 2026 in

212 2050 371 2112 Rationoli
392 2050 458 2111 Lib.
483 2051 524 2111 lV
546 2051 646 2125 Caput
666 2049 703 2110 51
730 2049 879 2125 siguificat
899 2052 1016 2126 Corpus
1037 2049 1162 2118 Christi,

210 2135 290 2210 quod
312 2134 349 2193 de
371 2130 495 2211 Virgine
518 2134 626 2202 traxit,
644 2149 715 2208 pars
735 2139 870 2193 comesta
891 2131 1038 2212 significat
1059 2147 1164 2192 ornnes

212 2211 336 2284 fideles3
362 2232 431 2290 pars
453 2220 606 2274 reservata
628 2231 723 2288 usque
747 2213 775 2270 in
798 2213 890 2275 linem
912 2215 1033 2283 Missae,
1057 2229 1164 2272 sccun-

210 2295 284 2356 dum
308 2296 465 2370 antiquum
489 2293 643 2356 Ecclesiae
664 2293 818 2356 Romanae
841 2314 975 2367 morem,
999 2311 1055 2373 pro
1078 2293 1166 2354 mini-

211 2377 281 2438 stris
295 2377 342 2437 vcl
358 2375 495 2444 infirmis,
513 2375 660 2454 significat
674 2393 780 2436 ornnes
797 2382 941 2439 mortuos.
964 2374 1050 2436 Circa
1065 2376 1167 2436 varias

212 2460 334 2534 insuper
358 2459 449 2519 trium
473 2457 597 2518 Divinae
619 2455 744 2517 Hostiae
773 2460 903 2534 partium
931 2457 1167 2536 significationes

212 2540 280 2600 ride
297 2540 456 2600 Alberturn
473 2541 628 2617 Magnum,
654 2538 689 2598 de
708 2536 808 2620 Officio
821 2538 931 2602 Missae
947 2541 1013 2600 Lib.
1030 2538 1082 2609 11,
1102 2539 1166 2600 Du-

213 2622 352 2694 randum,
369 2620 540 2684 Rationalis
556 2621 740 2683 Dicinorom
761 2617 930 2704 officiorum
945 2622 1011 2683 Lib.
1030 2618 1073 2682 lV
1089 2619 1164 2699 Cap.

211 2703 264 2772 e1;
289 2703 423 2780 aliosque
446 2719 574 2779 nuperos
595 2702 765 2780 Liturgicos
787 2705 966 2784 Scriptores.

253 2783 293 2842 ll.
317 2785 462 2845 Sacerdos
486 2792 590 2846 tenens
614 2802 703 2844 manu
727 2785 853 2846 dextera
876 2788 1053 2862 particulam
1078 2801 1169 2862 prae·

145 2905 148 2912 ι
211 2868 303 2926 cisam
327 2867 366 2926 ab
388 2866 521 2927 inferiori
545 2873 630 2943 parte
651 2863 789 2936 Hostiae,
812 2868 885 2928 dicit
907 2869 972 2930 Parc
987 2868 1111 2928 Domini
1126 2869 1170 2928 ait

175 3001 188 3024 ,
212 2965 324 3028 semper
339 2948 498 3016 vobiscum,
523 2947 594 3008 licet
614 2949 726 3008 salutet
747 2950 901 3026 populum,
925 2957 1025 3012 tamen
1041 2949 1171 3008 adeum

212 3046 244 3090 se
268 3047 325 3088 non
349 3029 519 3096 convertit,
549 3031 618 3107 quia
642 3030 725 3089 circa
746 3030 973 3096 Sacramentum
1000 3033 1169 3107 occupatus

212 3114 280 3180 est,
303 3112 355 3172 sed
378 3112 482 3188 siper
505 3113 646 3172 meritum
670 3107 816 3183 Hostiae,
841 3131 932 3190 quam
948 3114 1050 3192 tregit,
1076 3112 1170 3172 bene·

212 3192 295 3261 dicit,
318 3200 349 3252 et
371 3191 476 3268 pacem
499 3193 666 3265 annuntiat,
691 3193 799 3270 populo
820 3195 1018 3272 respondente
1041 3191 1082 3253 Et
1096 3211 1170 3252 coos

211 3273 324 3352 spirito
340 3282 402 3332 tuo.
426 3273 517 3334 Ducit
538 3275 595 3336 tria
610 3276 715 3338 Crucis
736 3275 820 3352 signa
841 3295 933 3355 super
947 3275 1092 3345 Calicem,
1116 3272 1169 3334 rel

213 3354 249 3413 ad
273 3353 463 3414 indicandum
486 3351 639 3418 Christum
662 3358 751 3418 tertia
772 3357 821 3416 die
843 3359 1044 3421 resurrexisse
1065 3355 1103 3416 ad
1119 3356 1166 3417 vi·

213 3437 296 3503 tam,
327 3441 360 3494 ut
381 3436 468 3495 docet
495 3435 622 3499 Sanctus
644 3437 798 3504 Thomas.
828 3441 876 3501 vel
898 3443 935 3503 ad
957 3437 1167 3518 significandas

213 3519 276 3574 tres
290 3515 411 3576 Sanctae
426 3516 588 3594 Mulieres,
611 3537 689 3596 quae
704 3520 858 3586 Christum
874 3525 1058 3600 quaerebant
1077 3519 1116 3580 ad
1133 3537 1168 3578 o·

212 3595 305 3654 stium
328 3600 525 3672 monumenti,
548 3597 627 3678 quod
649 3603 759 3666 ostium
783 3604 812 3664 in
827 3604 885 3668 hoc
906 3607 972 3667 loco
994 3622 1049 3684 per
1062 3619 1098 3664 os
1111 3598 1167 3663 Ca·
