2517 4059
498 162 728 283 merone
803 236 808 246 ·

138 343 259 415 pietate,
285 345 425 415 tantaque
447 341 539 399 divini
562 339 690 418 Spiritus
714 340 853 401 unctione
875 338 1041 404 reiectum.
1061 342 1098 397 ut

137 422 210 481 illud
233 440 302 495 mox
325 438 429 491 mrrnes
447 423 598 482 Ecclesiae
613 423 669 481 sibi
685 422 905 483 decantandum
922 420 1098 497 persolven-

137 504 271 579 dumque
293 504 374 562 ultro
397 505 595 581 susceperint.
620 504 665 565 Ile
688 505 813 581 solemni
829 501 920 578 hujus
941 502 1000 560 diei
1023 518 1096 576 pro·

136 586 291 651 cessione,
323 602 359 643 ne
388 587 544 646 minimum
567 587 689 662 quidem
712 587 839 644 verbum
864 586 891 641 iu
914 581 1024 641 Urbani
1050 580 1096 639 tv

136 666 234 735 bulla,
260 684 317 741 qna
336 664 533 727 sacratissimi
549 667 691 744 Corporis
707 667 819 729 Christi
839 666 1029 727 testivitatem
1047 665 1096 721 in·

134 749 243 809 stituit.
268 746 334 805 Non
356 749 407 807 diu
432 757 531 808 tamen
555 758 621 825 post
643 750 709 810 testi
726 750 907 809 erectionem
923 747 1093 804 institutam

135 828 228 890 luisse
251 829 360 889 docent
381 848 434 889 nos
455 832 571 907 antiqui
593 832 674 890 libri
697 830 832 891 Rituales
854 830 932 888 circa
949 828 998 886 illa
1014 833 1093 887 tem-

134 927 207 988 pora
240 910 354 987 scripti.
381 911 412 970 ln
436 912 587 986 aliquibus
615 931 689 973 vero
711 911 800 976 locis,
831 930 887 970 non
910 910 1007 968 solum
1032 909 1092 967 hac

135 993 204 1057 dte,
234 994 285 1052 sed
315 994 405 1051 etiam
429 1012 482 1069 per
505 998 599 1052 totam
621 992 766 1054 Octavam
789 991 823 1051 iit
845 995 899 1051 ista
921 991 1089 1049 Processio.

135 1074 181 1133 hd
204 1074 285 1132 illam
308 1092 391 1142 vero,
416 1092 494 1151 quae
516 1072 550 1133 iit
571 1077 600 1132 in
624 1075 773 1152 praedicta
794 1068 923 1133 FeriaV
939 1071 1028 1149 hujus
1046 1072 1092 1130 ic-

134 1155 284 1224 elivitalis‚
299 1162 418 1215 tenetur
428 1154 533 1216 Cieros
546 1156 725 1224 Saecularis,
742 1162 773 1216 et
784 1155 941 1231 Regularis
953 1154 1089 1213 omnium

134 1234 292 1302 Ordinum‚
316 1243 406 1311 atque
430 1239 496 1314 piae
518 1238 696 1299 Sodalitates
723 1239 884 1296 convenire
909 1234 992 1312 juxta
1015 1233 1090 1292 Con·

115 1310 194 1375 ¹cilii
226 1316 392 1376 Tridentini
424 1314 636 1380 sanctionem.
671 1337 749 1394 quaa
783 1319 912 1377 habetur
939 1317 1017 1377 Sess.
1048 1315 1091 1376 25

133 1396 205 1473 Cap.
232 1398 271 1457 13
294 1401 323 1457 in
346 1417 406 1473 qua
434 1401 598 1461 statuitur:
626 1398 713 1475 Quod
735 1409 796 1460 torn
822 1399 935 1460 Clerici
957 1397 1090 1474 nepota-

134 1497 201 1547 rcs,
232 1498 322 1557 quom
347 1480 526 1541 Saeculares
547 1485 747 1560 quicumque„
772 1482 862 1545 etiam
884 1478 1025 1540 Monaclrr'
1047 1478 1090 1537 od

127 1562 264 1638 publicae
286 1558 486 1622 Processioncs
498 1566 596 1623 vocati
610 1558 750 1641 accedere
765 1562 991 1642 compellantur.
1008 1559 1087 1620 Cum

131 1640 297 1708 Processio‚
321 1661 398 1718 qnae
421 1642 552 1704 iacienda
575 1652 621 1705 est
644 1646 675 1702 in
694 1645 751 1703 hac
768 1644 967 1707 solemnitate.
985 1641 1017 1702 sn
1033 1641 1089 1704 sol·

132 1724 260 1784 lemnior
274 1725 413 1784 omnibus
429 1720 689 1794 Processiouibus‚
708 1726 874 1785 distinctior
888 1741 1007 1799 qtroquo
1023 1722 1089 1800 ejus

131 1823 258 1882 pompa,
283 1813 314 1865 et
336 1816 497 1882 apparatus
520 1826 586 1867 esse
608 1808 718 1874 debei3
741 1815 863 1866 ornatus
886 1808 964 1865 enim
989 1806 1089 1883 major

131 1886 276 1965 majorem
299 1886 533 1948 sollemnitatem
551 1890 691 1949 ostendit.
711 1890 814 1949 hilare
831 1892 962 1963 insuper,
981 1889 1089 1963 inquo

130 1975 174 2027 est
191 1970 324 2044 ponenda
338 1970 527 2036 Sanctissima
542 1970 743 2035 Eucharistia‚
761 1970 858 2045 parari
875 1970 964 2028 debet
979 1968 1088 2029 iestivo

130 2056 287 2125 apparatu,
304 2057 335 2110 et
351 2053 518 2126 pretiosiori
535 2052 745 2128 suppellectili.
759 2050 824 2110 Hac
840 2052 899 2116 die,
917 2053 993 2109 dicta
1009 2050 1087 2108 Ter-

130 2132 181 2193 tia,
206 2130 376 2190 celebratur
397 2133 550 2191 sollemnis
573 2135 664 2193 hlissa
687 2133 723 2193 de
748 2151 847 2199 motez
865 2132 967 2191 Tertia
984 2140 1086 2192 tamon

129 2211 215 2270 citius
237 2212 348 2271 cantari
372 2220 484 2285 potest,
510 2223 543 2273 ut
566 2215 655 2274 habet
676 2213 901 2275 Caeremoniale
924 2214 1088 2290 Episcopo·

128 2310 195 2351 rum
225 2289 291 2349 Lib.
317 2291 344 2351 ll
365 2292 439 2370 Cap.
465 2294 504 2352 33
527 2302 556 2366 n.
582 2297 631 2357 15.
657 2296 709 2355 SS.
740 2296 946 2356 Eucharistiae
979 2295 1087 2355 Sacra-

130 2379 288 2437 mentum,
321 2376 349 2432 in
372 2376 587 2441 Processione‚
618 2397 695 2454 quae
724 2376 757 2435 fit
783 2379 810 2434 in
832 2377 922 2437 Festo
944 2376 1086 2453 Corporis

129 2452 240 2515 Christi
264 2455 373 2515 deterri
396 2457 486 2516 debet
508 2460 545 2516 ab
572 2460 682 2535 eo‘qni
706 2458 825 2517 Missam
849 2460 994 2519 celebran-
1018 2456 1087 2517 Cle-

129 2556 180 2597 rus
213 2538 366 2597 Ecclesiae
388 2536 574 2599 Cathedralis
601 2543 701 2601 unitus
725 2541 830 2599 ultimo
859 2541 923 2599 loco
946 2540 1087 2599 incedere
1141 2562 1145 2568 ·

129 2618 218 2680 debet
240 2619 268 2675 in
291 2617 546 2698 processionibus,
570 2640 623 2681 nec
645 2622 763 2688 Clesus,
788 2622 835 2681 rel
859 2620 997 2681 Canonici
1013 2619 1087 2680 alia-

128 2718 197 2759 rum
222 2699 429 2766 Ecclesiarnm
464 2702 574 2763 debent
604 2722 674 2763 cum
700 2703 779 2761 dicto
801 2702 889 2763 Clero
910 2700 1085 2762 Cathedrali

127 2782 281 2842 incedere.
306 2781 350 2843 lta
374 2783 402 2842 S.
423 2783 458 2843 ll.
481 2783 515 2846 C.
539 2784 577 2842 21
603 2785 732 2862 Augusti
750 2782 840 2843 root.
859 2786 905 2843 An
929 2802 1001 2843 vero
1024 2790 1086 2843 sta·

128 2864 181 2922 tim
206 2865 244 2924 ab
265 2864 348 2924 initio
367 2872 502 2939 patenter
518 2866 615 2925 delata
634 2866 724 2926 luerit
741 2864 930 2925 Eucharistia
948 2866 1085 2926 dubitare

127 2946 248 3006 videtur
264 2945 390 3006 loannes
401 2946 533 3025 Baptista
550 2948 706 3007 Thiersius
721 2948 751 3005 in
768 2948 910 3023 singulari
926 2946 1081 3011 Tractare.

125 3046 217 3103 quem
241 3028 277 3086 de
298 3027 351 3087 SS.
377 3028 489 3088 Allaris
516 3028 701 3089 Sacramenti
724 3030 909 3103 expositione
932 3029 1085 3105 inscripsit

126 3108 193 3169 Lib.
213 3108 240 3170 ll
262 3106 334 3184 Cup.
360 3108 379 3167 lt
401 3110 431 3167 in
453 3128 582 3186 eamque
604 3112 773 3187 propendet
795 3112 984 3179 sententiam,
1003 3128 1083 3187 quae

126 3187 243 3268 Cotpus
265 3188 375 3248 Christi
398 3191 427 3248 in
449 3191 548 3252 Caliee
564 3211 616 3253 sen
630 3209 704 3252 ¹vase
721 3192 780 3252 alio
796 3192 1013 3258 absconditum,
1032 3192 1082 3251 de·

126 3279 276 3349 portatum
310 3272 401 3332 luisse
429 3272 565 3333 sustinet.
590 3273 706 3333 Verum
731 3273 800 3333 huic
827 3273 957 3349 opinioni
980 3273 1084 3335 obviat

126 3356 225 3429 primo
247 3353 404 3429 antiquum
427 3353 546 3414 Missale
562 3356 737 3414 Monasterii
755 3353 971 3414 Fiscamneosis
993 3355 1029 3413 ad
1047 3376 1084 3415 u-

124 3452 191 3495 sum
217 3433 368 3494 Ecclesiae
391 3432 618 3513 Rotomagensis
641 3436 798 3513 scriplum,
816 3437 904 3515 cujus
922 3436 1083 3496 character

123 3516 159 3575 ad
183 3535 275 3576 annos
298 3512 359 3575 &00
380 3518 518 3592 proxime
541 3518 706 3579 acceditin
730 3535 789 3593 quo
812 3527 880 3577 ante
904 3516 994 3594 hujus
1019 3517 1077 3578 diei

122 3597 244 3657 Missam
268 3598 505 3675 praemittuntur
526 3617 561 3659 ea
584 3616 660 3676 quae
683 3600 712 3657 in
737 3598 930 3661 Processiono
946 3604 1015 3659 sunt
1030 3616 1077 3659 ca-
