2517 4059
467 212 694 285 *2856ss-

100 364 153 415 se,
179 358 281 403 rernm
305 358 460 401 sacrarum
483 342 653 421 Scriptores
668 343 915 419 praestantissimi
933 342 1063 405 tradide-

98 432 185 487 runt.
209 422 274 483 Hcs
296 424 373 481 inter
395 442 521 499 magnus
536 426 682 485 Beronius
707 426 734 482 in
759 425 835 484 uotis
856 425 892 482 ad
909 422 1062 507 Martyro-

100 510 217 585 iopium
241 505 289 563 dis
310 503 367 564 Vll
391 503 531 583 Augusti.
555 505 670 568 Verum
694 505 769 566 baec
792 506 828 565 de
850 504 998 567 Calicibus
1020 512 1064 569 vi-

100 590 178 648 treis
201 606 260 645 non
283 588 322 645 ita
346 590 518 659 accipienda
540 597 620 648 esset
643 597 744 647 monet
765 588 827 662 ipse
850 587 1005 661 Batonius,
1031 596 1065 651 ul

100 671 184 747 apud
206 686 311 728 omnes
327 670 498 744 promiscue
514 671 610 729 vitrea
627 686 697 727 vasa
721 686 774 745 pro
796 666 946 728 Sacrificio
962 672 989 728 in
1007 690 1064 733 usu

100 756 225 815 essent,
251 766 318 808 nam
341 750 369 807 in
393 752 542 810 rionnullis
556 750 699 809 Ecclesiis
720 758 877 825 orpcntea,
894 753 941 810 vel
958 769 1063 823 aurea,

101 834 176 909 ipsis
197 834 288 891 etiam
313 832 572 906 persecutionibus
607 831 904 896 increbescentibus‚
929 834 965 891 ad
989 834 1064 892 divi·

103 932 178 972 num
201 912 401 971 ministerium
426 930 495 971 vasa
520 913 634 976 luisse,
660 930 716 971 non
740 930 800 971 uno
823 914 992 973 testimonio
1015 914 1067 975 de-

103 999 275 1061 monstrat,
299 994 476 1068 praesertim
498 993 536 1053 de
559 991 695 1053 Ecclesia
720 993 860 1072 Alr'pana
883 1012 919 1053 ex
941 994 1064 1069 Optato,

103 1080 137 1136 el
158 1075 336 1151 Augustino.
362 1072 419 1133 Sed
444 1076 536 1133 instar
558 1076 693 1135 omnium
723 1082 769 1134 est
799 1074 912 1133 illustre
935 1078 1069 1135 testimo·

104 1157 188 1217 nium
213 1173 267 1231 pro
291 1152 424 1215 Ecclesia
439 1153 575 1215 Romana
599 1157 678 1229 apud
694 1155 891 1216 Prudentinm
911 1159 938 1215 in
954 1157 1067 1235 hymno

104 1243 143 1302 de
166 1236 197 1296 S.
223 1237 374 1295 laurentii
409 1239 578 1315 martyrio,
608 1244 639 1296 et
660 1237 763 1297 itidem
793 1256 828 1297 ex
852 1236 882 1297 S.
908 1240 1067 1299 Ambrosio

105 1319 196 1379 libro
218 1316 246 1377 il
270 1316 303 1373 dc
330 1313 438 1397 Officiis
459 1318 534 1392 Cap.
552 1316 670 1377 xxvii
695 1318 1069 1380 uum.136.Siecclesia·

104 1402 196 1460 sticas
218 1398 393 1458 evolvamus
416 1398 578 1469 historias,
603 1399 718 1459 Calices
740 1418 778 1459 ex
800 1400 856 1459 alia
888 1409 978 1477 atque
1010 1404 1069 1462 alia

105 1482 233 1541 materia
257 1480 372 1548 luisse,
396 1487 427 1539 et
450 1482 609 1556 multiplici
640 1479 785 1539 formatos
819 1483 964 1541 varietate
987 1483 1069 1543 inve·

108 1564 221 1622 nimus.
240 1561 433 1636 Approbatns
448 1567 548 1620 autern
565 1563 623 1621 luit
646 1562 709 1622 lere
732 1580 851 1638 semper
874 1582 967 1630 usus,
992 1572 1024 1621 nt
1040 1565 1068 1623 in

63 1706 66 1712 ,
107 1643 257 1705 Celinibus
279 1643 430 1717 argenteis
453 1645 560 1718 magis,
584 1661 675 1719 quam
699 1645 830 1704 stanneis
852 1661 933 1702 sacra
957 1651 1070 1722 myste-

109 1727 154 1784 ria
176 1724 409 1803 conficerentur.
434 1723 511 1783 Nam
535 1726 564 1783 in
589 1726 689 1785 libello
712 1726 749 1785 de
777 1724 930 1783 miraculis
953 1724 983 1783 S.
1010 1726 1071 1785 bu-

111 1806 222 1885 gustiui
247 1806 385 1881 Episcopi
408 1802 657 1875 Cantuariensis,
681 1814 802 1867 auctore
826 1803 978 1865 Goiselino
1008 1824 1072 1866 mo·

111 1887 208 1947 nacho
230 1886 512 1953 babetur,·Soccol.
539 1889 556 1947 1
579 1885 731 1946 Benedici.
757 1905 824 1963 pag.
848 1886 909 1946 bet
930 1888 1072 1963 Augusti·

111 1988 183 2030 uum
206 1986 244 2028 cx
266 1974 389 2045 argento
411 1966 537 2027 conflari
559 1968 684 2045 jussisse
711 1970 855 2044 insignem
878 1968 1008 2029 Calicem
1034 1986 1072 2029 ex

110 2056 258 2127 argento,
283 2056 407 2109 stanneo
435 2048 559 2125 rejecto.
583 2047 708 2108 Reddita
733 2047 886 2108 Ecclesiae
915 2067 988 2126 pace
1016 2050 1072 2110 snb

111 2131 305 2192 Constantino
327 2131 449 2207 Magno,
462 2138 493 2190 et
513 2131 655 2207 deinceps
669 2136 837 2207 coeperunt
852 2128 1005 2193 Ecclesiae
1020 2150 1079 2192 au··

109 2214 195 2277 reis,
219 2215 392 2284 argenteis,
414 2218 447 2270 et
468 2214 628 2288 gemmatis
642 2211 793 2272 Calicibus
815 2213 980 2273 abundare.
997 2212 1073 2285 Quis

112 2298 230 2371 ignorat
251 2293 478 2355 Constantinum
502 2293 646 2367 Magnum
670 2294 799 2369 plurima
814 2310 849 2352 ex
865 2303 1019 2371 argenteo,
1043 2300 1074 2354 et

112 2394 186 2437 auro
209 2392 279 2433 vasa
303 2376 339 2434 ad
363 2390 446 2432 sacra
463 2376 607 2452 mysteria
629 2374 798 2451 peragenda
815 2376 916 2433 multis
933 2375 1074 2437 Ecclesiis

111 2456 392 2518 munificentissime
415 2456 597 2522 contulisse,
620 2472 678 2530 qtre
703 2458 739 2513 dc
770 2474 800 2515 re
824 2453 995 2525 Eusebius,
1021 2457 1074 2517 So·

114 2547 234 2605 crates,
257 2545 289 2596 et
310 2538 515 2604 Sozomenus,
538 2555 573 2595 ac
595 2535 686 2595 Liber
708 2534 906 2602 Pontificalis,
930 2538 1075 2597 Constan-

114 2621 168 2681 tini
191 2621 333 2695 pietatem
356 2636 476 2678 summo
498 2635 645 2677 consensu
669 2620 699 2676 in
723 2619 769 2677 bis
790 2620 967 2694 elargiendis
982 2621 1076 2680 dona-

114 2702 168 2760 riis
190 2701 357 2760 celebrant.
381 2698 617 2776 Cbrysostomus
640 2716 766 2759 aureum
789 2698 916 2760 Calicem
940 2708 971 2762 et
993 2720 1077 2779 gom·

114 2784 173 2843 mis
196 2789 336 2841 ornatum
361 2787 582 2840 commemorat
610 2778 748 2839 Humilia
770 2779 807 2840 51
832 2780 865 2839 in
879 2784 1073 2843 Mottbocum.

116 2860 244 2924 Saeculo
267 2861 293 2921 V
316 2862 347 2922 S.
363 2860 533 2937 Perpetuus
549 2860 716 2937 Episcopus
738 2860 933 2933 Turonensis,
959 2867 1008 2939 qrri
1033 2872 1076 2923 te·

115 2950 264 3006 stamento
291 2943 411 3001 condito
438 2942 476 3001 Α.
501 2941 538 3002 Ι).
564 2939 625 3000 lib
658 2943 735 3019 apud
764 2943 906 3023 Dacbery
936 2944 1073 3024 spicileg.

117 3032 191 3086 torn.
216 3024 245 3084 V
270 3042 338 3101 pag.
365 3021 424 3082 luc
451 3024 526 3083 duos
553 3022 669 3084 Calices
691 3042 800 3084 aureos
826 3022 977 3085 Ecclesiae
1004 3044 1076 3087 suae

117 3108 222 3177 dedit,
246 3123 281 3165 ac
304 3106 425 3181 legavit.
442 3104 556 3164 Omitto
573 3105 707 3179 reliquos
722 3106 860 3185 ejusdem
884 3108 929 3167 vel
954 3124 1076 3183 sequen-

119 3190 195 3249 tium
219 3188 434 3253 saeculorum,
457 3204 589 3261 qnorum
613 3187 781 3250 testimonia
806 3190 834 3247 in
859 3207 890 3250 rc
913 3188 1078 3249 clarissima

119 3268 269 3346 superflua
291 3276 373 3328 sunt.
392 3267 474 3327 inter
491 3266 607 3328 Calices
628 3275 729 3328 autem
746 3286 875 3335 aureos.
893 3273 1019 3349 gemmis
1034 3271 1078 3330 di·

119 3352 264 3415 stinctos,
288 3355 320 3408 ct
340 3355 519 3425 argenteos,
542 3366 618 3425 qtros
633 3346 776 3411 Ecclesiis
790 3354 915 3413 donatos
939 3351 1075 3429 legimus,

121 3433 253 3493 nonnulli
278 3432 387 3507 passim
412 3435 577 3489 occurrunt
592 3434 690 3507 magni
707 3434 846 3509 ponderis
869 3454 926 3495 non
942 3438 1008 3494 usui
1024 3434 1078 3507 sed

120 3520 309 3592 ornamento.
332 3510 489 3573 Conradns
504 3509 672 3589 Episcopus
694 3515 723 3573 iu
743 3515 890 3577 Cbronico
904 3518 1080 3593 dionensiae

121 3612 204 3655 sacra
229 3612 301 3655 rasa
324 3594 404 3655 illius
427 3591 580 3653 Ecclesiae
602 3594 773 3657 describens
795 3597 912 3663 Calices
942 3606 1079 3661 recenset
