2517 4059
488 159 714 231 sumes·

110 281 183 356 da,
209 291 237 347 in
257 288 462 355 Collectoncis,
479 287 552 363 Cap.
570 287 604 347 dc
626 298 733 367 septem
753 285 929 355 Ordinibus3
948 284 1081 353 Alcuini,

124 374 153 430 in
176 369 267 429 Libro
290 370 325 429 de
349 370 461 430 diripis
487 368 609 453 Officiis,
634 370 693 431 Tit.
712 368 794 445 Quid
816 370 979 449 sipnificent
993 366 1080 425 indu.

105 464 222 513 -monta
234 470 246 519 ;
268 452 381 511 Rabani
405 452 524 520 Mauri,
549 455 577 512 in
601 452 668 512 Lib.
692 452 720 514 ll
743 454 780 511 do
802 450 991 511 Institutione
1012 446 1082 511 Cle·-

123 536 277 600 sicerum,
300 532 373 611 Cap.
400 533 448 593 19.
963 581 967 585 ,

165 613 205 674 ll.
230 614 317 687 Quod
341 633 411 674 sane
433 622 667 686 ornamentum,
691 616 810 693 quando
833 612 965 689 coeperit
987 631 1003 674 a
1026 610 1078 670 Sa-

124 698 296 758 cerdotibus
320 699 348 756 in
371 698 464 757 sacris
487 697 645 763 adhiberi,
670 704 701 757 et
722 717 776 757 cur
798 698 825 755 ei
848 689 947 755 Stolae
971 709 1084 752 nomen

123 781 271 840 tributum
294 781 352 844 sit,
377 779 478 837 solerti
501 780 612 853 indiget
626 780 842 856 disquisitione.
860 777 986 850 Quidam
1003 792 1083 833 aevo

122 860 340 938 Apostolorum
363 862 496 936 coepisse
518 862 674 931 scribunt,
699 862 837 936 eoquod
869 860 995 933 legerint
1022 862 1077 915 sbo-
1115 914 1118 920 .

7 952 11 955 ’
123 942 182 1001 lam
207 940 238 1000 S.
263 940 363 1002 iacobi
381 943 515 1017 Apostoli
540 944 661 1001 missam
678 942 770 1003 luisse
786 962 801 1001 a
818 941 987 1001 Theodosio
1004 936 1086 997 Hie--

122 1025 344 1101 rosolymorum
370 1023 515 1100 Episcopo
537 1025 572 1083 ad
588 1023 619 1083 S.
636 1023 780 1097 ignatium
797 1021 1083 1095 Cosiarrtinopolita--

124 1123 218 1172 num3
242 1113 273 1163 et
295 1106 398 1164 stolam
422 1104 453 1164 S.
479 1105 620 1179 Stephani
643 1104 877 1183 Protomartyris
906 1102 1081 1163 nlilacario

123 1188 194 1247 item
217 1184 494 1263 Hierosolymitano
516 1187 615 1246 datam
639 1186 774 1248 Helenae
797 1189 963 1262 Augustae,
988 1190 1019 1243 et
1038 1183 1083 1241 ab

122 1287 158 1329 ca
181 1266 395 1327 Vesontionem
419 1268 712 1329 transmissamSed
737 1271 791 1329 bos
807 1268 973 1343 Scriptores
995 1266 1081 1324 vocis

122 1350 367 1427 aequivocatione
399 1351 541 1424 deceptos
574 1352 696 1411 evidens
717 1357 784 1419 est3
809 1349 883 1408 stola
908 1352 987 1411 enim
1012 1346 1080 1404 illo·

122 1451 191 1491 rum
214 1436 407 1507 temporum,
432 1437 465 1490 ut
487 1443 526 1491 en
551 1431 638 1492 dictis
670 1437 806 1497 constat,
831 1433 922 1491 vestis
953 1428 1079 1501 oblonga

123 1519 190 1574 erat
212 1518 308 1572 totum
332 1530 441 1589 corpus
464 1513 620 1582 ambiens,
645 1514 780 1591 nihilque
804 1513 895 1572 hubel
916 1526 1084 1588 commune

122 1612 192 1654 cum
215 1594 289 1652 stola
313 1592 458 1653 hodierna
481 1602 600 1671 praeter
624 1614 744 1655 nomen.
762 1593 836 1654 illud
860 1600 962 1653 aulem
986 1592 1083 1651 latea-

123 1694 191 1736 mur
213 1681 354 1749 oportet,
378 1678 472 1735 stolae
496 1694 583 1735 usum
615 1678 856 1754 antiquissimum
880 1694 945 1735 esse
970 1674 997 1731 in
1021 1671 1083 1732 Ec-

123 1757 224 1817 clesia.
243 1754 285 1813 De
308 1756 389 1815 Stola
412 1775 501 1833 porro
522 1756 723 1818 Diaronornm
747 1760 775 1816 in
795 1756 1001 1829 ¹ecclesiastico
1025 1754 1079 1813 mi·
1176 1820 1177 1826 ἵ

123 1839 244 1897 nisterio
260 1839 466 1914 apertissimus
482 1840 565 1898 locus
580 1848 625 1899 est
641 1841 717 1915 atiud
735 1842 929 1919 Anonymum
947 1840 974 1895 in
992 1835 1081 1896 brevi

122 1918 308 1997 expositione
324 1921 464 1996 antiquae
481 1919 632 1995 Liturgiae
648 1920 839 1992 Gallicanae,
857 1921 952 1981 editus
968 1918 1005 1978 ab
1021 1917 1077 1976 Ed·
1120 1960 1124 1963 -

121 2001 233 2060 mundo
255 2002 414 2067 Maricae,
439 2020 514 2077 quae
530 2004 650 2075 quidem
673 2006 818 2079 expositio
835 2009 900 2079 ante
917 2001 1014 2062 Caroli
1031 1998 1079 2058 M.

122 2089 250 2143 aetatem
274 2091 395 2142 exarata
418 2091 485 2152 est,
508 2102 543 2141 ac
566 2084 596 2143 S.
621 2082 773 2144 Germano
796 2086 954 2145 Parisiensi
985 2081 1082 2141 adiri·

121 2163 172 2223 bni
191 2170 297 2236 potest.
315 2162 426 2223 Stolam
445 2182 565 2239 semper
580 2173 611 2225 et
627 2167 736 2241 ubique
754 2167 908 2243 gestabant
924 2162 1079 2241 Episcopi,

121 2252 152 2305 et
174 2242 370 2324 Presbyteri3
396 2244 517 2304 Diaconi
540 2248 642 2305 itidem
675 2267 794 2325 semper
816 2256 846 2307 et
870 2248 1000 2322 ubique,
1024 2244 1079 2303 sed

89 2332 96 2344 ’
121 2328 219 2404 primo
242 2333 357 2385 tantum
379 2328 573 2387 ordinationis
595 2347 667 2389 suae
690 2349 777 2389 aurio.
802 2329 834 2389 ln
858 2331 917 2388 vita
941 2329 972 2387 S.
996 2325 1078 2385 Tho-

120 2426 188 2467 mae
211 2405 443 2473 Cantuariensis,
460 2428 550 2485 quam
568 2407 694 2471 loannes
711 2412 933 2471 Salisberiensis
947 2406 1075 2469 conscri-

120 2490 199 2565 psit.
218 2488 292 2549 baec
311 2487 472 2549 habentur:
490 2490 605 2551 Stoiom
619 2502 719 2552 tomen
730 2496 839 2572 jupum
858 2492 972 2553 Christi
986 2504 1081 2551 suove

121 2571 205 2630 circo
228 2572 336 2629 rollum
365 2571 465 2631 diebus
497 2591 533 2631 oc
566 2576 698 2635 noctibus
731 2577 864 2635 habebat.
890 2574 921 2632 ln
944 2572 1077 2632 Concilio

121 2650 298 2727 Mogrrntino
321 2671 398 2712 anno
420 2651 482 2713 813
504 2651 577 2730 Cap.
594 2654 635 2713 28
658 2657 696 2715 ila
721 2662 878 2716 statutum:
901 2650 936 2713 Ut
954 2651 1085 2729 Presby··

122 2732 181 2792 teri
202 2729 266 2791 sino
287 2734 508 2794 intermissione
533 2747 665 2796 utantur
691 2731 812 2797 Oro'rio.
831 2736 898 2797 Hoc
912 2754 986 2794 vero
1002 2739 1081 2793 tem·

85 2876 88 2880 ,
121 2831 195 2890 pore
211 2813 290 2873 solus
306 2813 458 2875 Romanus
469 2816 607 2876 Pontifex
623 2814 754 2879 veterem
773 2817 989 2895 Episcoporum
1009 2815 1080 2873 Pre-

121 2895 371 2973 sbyterorumqne
389 2904 515 2957 morem'
529 2900 653 2960 retinuit
668 2919 786 2975 semper
802 2900 935 2976 gestandi
949 2899 1075 2959 Stolam.

121 2973 252 3053 Longior
274 2985 340 3037 erat
360 2980 523 3055 antiquitus
548 2979 652 3050 Stola,
677 2974 767 3058 q'uam
792 3000 869 3058 quae
893 2984 929 3040 sit
951 3000 998 3047 ea,
1016 2996 1077 3053 qrra

123 3075 202 3116 nunc
227 3060 351 3117 utimur.
376 3058 407 3117 ln
432 3064 549 3119 musivo
571 3061 627 3119 sub
650 3064 782 3123 absidam
805 3065 949 3123 Basilicae
965 3062 996 3123 S.
1013 3062 1082 3121 Ma·

120 3137 184 3198 riae
207 3141 421 3218 transtyberim
446 3140 476 3200 S.
501 3143 660 3215 Clepodius
681 3143 844 3221 Presbyter
866 3144 977 3204 Stolam
1000 3141 1083 3219 gerit

117 3218 155 3277 ad
179 3222 254 3280 talos
277 3238 371 3296 prope
394 3224 632 3302 pertingentem,
657 3244 733 3302 qnae
749 3227 807 3285 albi
824 3226 931 3285 coloris
946 3230 992 3286 cst
1007 3240 1078 3283 oum
1145 3277 1152 3287 .

117 3298 233 3361 fimbris
255 3302 367 3363 rubeis.

160 3380 214 3442 ill.
240 3379 475 3459 Antiquissimns
497 3392 543 3443 est
565 3391 667 3447 autem
690 3384 844 3449 Ecclesiae
867 3406 944 3454 mos,
962 3394 994 3449 ut
1008 3386 1080 3445 Dia·

114 3465 182 3521 coni
204 3462 316 3525 Stolam
340 3484 357 3523 a
381 3466 500 3525 sinistro
523 3466 652 3528 humero
674 3471 711 3528 ad
735 3472 821 3530 tibias
845 3477 922 3531 recta
954 3471 1079 3529 descen·
1129 3504 1135 3511 -

110 3544 236 3606 dentem
259 3552 439 3629 portarent,
464 3545 640 3609 Sacerdotes
662 3569 734 3612 vero
757 3570 823 3611 earn
847 3553 882 3611 ad
906 3553 1028 3618 collum,
1046 3553 1079 3611 et
