2517 4059
7 289 8 294 Ν
443 202 668 279 *esras

7 299 8 390 i
96 336 139 396 riis
157 336 348 414 Indulgentiis
370 333 606 411 locupletarunt,
630 339 707 393 teste
731 333 851 394 Molano
872 334 902 392 in
924 332 1040 415 Marty-

96 418 198 494 roiogio
218 416 345 477 Usuardi
368 422 475 476 aucto:
501 414 714 495 Hierosolymis
738 412 947 475 Praeseutotio
963 414 1040 475 Beo-

95 508 136 557 tos
154 496 209 555 ilci
231 495 394 561 Genitricis
416 498 473 557 Dei
494 496 635 563 Marios,
663 514 753 575 quom
777 494 848 556 Pius
871 504 898 555 ct
920 494 1036 557 Paulus

7 581 8 586 ’
95 576 239 658 Pontifices
263 578 395 638 Romani
415 577 696 658 cumindutqeatiis
719 580 927 637 instituerunt.
953 577 1037 639 idom

95 657 269 720 indlistoria
292 660 488 721 Lombardica
510 660 584 737 Cap.
607 659 649 719 st
673 664 812 719 narratur
840 660 1037 721 enucleatius.

94 739 223 804 litter-m
246 743 275 801 in
297 740 432 802 Historia
454 742 547 821 hujus
569 742 627 803 diei
649 741 820 805 existimat.
844 741 881 799 ab
904 737 1038 802 Ecclesia

94 822 304 883 solemnitatem
327 825 405 883 hanc
427 825 619 892 institutam,
652 828 685 882 ut
708 821 802 881 honor
825 821 973 881 habeatur
996 823 1041 881 in-

7 951 8 958 ,
94 906 237 965 nocentiae
262 923 408 974 morum,
431 923 510 981 quae
532 905 611 965 inter
634 903 786 963 infantiam
810 907 842 963 et
869 904 1042 963 Annuuoia·

94 986 194 1045 tionem
212 989 240 1045 in
257 985 291 1045 B.
312 985 434 1059 Virgine
446 987 564 1048 enituit.
578 986 758 1047 Benedictus
781 983 856 1044 XiV
873 986 1037 1054 existimat,

93 1065 123 1125 B.
138 1067 294 1145 Virginem
317 1068 345 1126 in
361 1066 487 1144 Templo
510 1074 731 1144 praesentatam
748 1084 824 1133 esse,
850 1074 884 1129 ut
906 1067 945 1128 ibi
963 1068 1039 1128 bene

8 1129 13 1178 Ι
93 1148 286 1218 educaretur3
311 1149 391 1224 quod
415 1151 444 1207 in
469 1148 571 1209 Veteri
594 1149 789 1208 'testamento
813 1165 870 1207 non
893 1157 938 1209 est
959 1149 1041 1209 inan·

93 1228 191 1289 ditum.
217 1229 295 1289 Nam
318 1230 384 1290 Lib.
407 1229 589 1307 wilegam
618 1231 691 1306 Cap.
717 1228 743 1288 li
776 1227 881 1289 losoba
908 1228 968 1291 fitia
992 1248 1041 1291 re·

92 1311 131 1388 gis
149 1310 270 1381 loram,
293 1328 380 1375 soror
401 1312 568 1379 ochoziae,
593 1318 628 1372 ut
649 1330 666 1371 a
690 1311 792 1372 lurore
814 1309 954 1379 athaliae
978 1330 1043 1373 sur·
1098 1306 1103 1319 “

94 1394 197 1469 ciperet
217 1390 370 1453 Ochoziae
393 1392 498 1462 silium,
523 1392 675 1453 abscondit
691 1410 757 1452 cum
780 1410 799 1451 o
821 1391 898 1469 socie
915 1396 1040 1461 stactae.

93 1482 122 1533 ut
140 1495 199 1534 oon
221 1476 470 1554 interficeretur,
505 1492 669 1551 secumque
692 1492 744 1533 sex
767 1491 859 1533 annos
883 1475 989 1536 habuit
1011 1476 1041 1534 in

94 1554 221 1633 Templo.
249 1557 387 1635 Eratque
419 1576 487 1618 curn
517 1575 553 1615 eo
580 1574 634 1616 sec
663 1555 753 1614 onais
785 1557 859 1615 elom
894 1559 928 1615 iu
951 1558 1045 1617 Domo
1106 1574 1109 1579 ·

93 1636 208 1778 gosuini
229 1639 310 1714 quod
337 1656 443 1699 rursus
473 1644 612 1699 narratur
636 1638 665 1697 in
691 1637 782 1697 Libro
804 1636 832 1696 ll
858 1635 1040 1715 Paralipom.

113 1735 158 1794 ap.
181 1719 234 1779 22,

126 1799 178 1862 lli.
202 1800 421 1875 Antiquissima
438 1802 541 1877 procul
565 1800 657 1860 dubio
679 1800 779 1874 opinio
793 1804 850 1866 est,
874 1799 1003 1859 Mariam
1026 1817 1044 1859 a

93 1883 258 1955 parentibus
282 1878 345 1940 Deo
366 1882 497 1941 oblatam
520 1882 612 1941 inisse
634 1884 664 1940 in
686 1881 837 1956 Templo,
866 1881 939 1940 dum
966 1881 1045 1943 trina

93 1961 184 2024 adhuc
199 1968 291 2023 esset.
307 1960 495 2039 Nicephorus
517 1962 663 2023 Callistus
678 1963 744 2022 Lib.
764 1962 790 2021 ll
813 1960 893 2022 Hist.
910 1960 984 2038 Cap.
1002 1961 1046 2023 ill

94 2040 162 2103 haec
183 2044 304 2120 scriptis
327 2044 464 2104 tradiditz
493 2042 628 2105 Trimutc
651 2064 718 2105 cum
734 2053 816 2112 esset,
841 2046 875 2103 io
896 2042 1046 2121 Templum

94 2133 129 2183 est
142 2134 348 2202 praesentato,
371 2125 414 2185 ibi
433 2128 469 2187 io
487 2122 607 2186 Sanctis
633 2122 814 2187 Sanctorum
830 2125 972 2187 troducit
987 2145 1042 2186 on-

93 2221 138 2266 sor
156 2208 311 2267 undecim.
322 2206 356 2267 S.
373 2204 536 2285 Gregorius
550 2207 704 2285 Nysseuns
722 2209 749 2266 in
765 2206 908 2269 Oratione
931 2208 966 2267 de
983 2205 1047 2269 No·

94 2286 199 2348 tiaitate
220 2296 295 2350 tom.
319 2287 347 2349 ll
369 2289 442 2348 edit.
466 2286 560 2349 Paris.
587 2288 668 2349 1615
697 2290 771 2349 haec
800 2290 917 2365 inquit:
947 2290 1042 2349 litem
1102 2286 1107 2293 '

92 2366 180 2443 ipisus
200 2367 351 2450 (Mariam)
376 2389 444 2430 cum
454 2372 522 2449 jam
536 2369 755 2447 proudioscuto
778 2382 857 2441 osset,
881 2390 934 2431 uec
956 2373 1046 2430 utere

94 2452 191 2509 notris
212 2450 514 2530 amplissimique,
539 2450 649 2511 ducens
670 2451 711 2511 od
730 2450 882 2532 Templum
895 2452 957 2511 Deo
977 2450 1048 2511 red·

96 2527 177 2602 didit,
202 2543 229 2592 et
251 2530 378 2591 studiose
396 2532 576 2610 promissum
599 2535 734 2595 sesotott.
759 2532 847 2595 Hanc
870 2534 1048 2594 sententiam

95 2616 316 2691 expressissime
330 2615 450 2690 excepit
470 2613 722 2675 Bartholomaeus
738 2615 942 2685 Tridentinus,
966 2614 1047 2675 haud

95 2692 226 2768 ignobilis
240 2696 353 2755 saeculi
372 2693 445 2756 xtlt
461 2694 608 2771 Scriptor.
626 2693 729 2772 Atque
746 2698 823 2757 hanc
839 2698 961 2775 quidem
977 2715 1046 2757 sen·

96 2776 212 2837 tentiam
232 2777 272 2836 ab
294 2774 513 2837 Ecclesiasticis
534 2776 608 2836 siris
628 2776 770 2855 deinceps
792 2778 884 2839 luisse
898 2780 1047 2854 approba-

96 2861 162 2927 tam‚
184 2858 414 2936 Martyroiogia‚
431 2856 575 2926 Masalia,
599 2874 634 2917 ac
651 2857 807 2921 Breriaria
822 2860 981 2920 manifesto
997 2861 1046 2921 de·

96 2937 213 2999 clarant.
237 2936 278 2999 Ut
300 2940 329 2997 in
353 2940 388 2999 iis
409 2940 571 3014 consistam
592 2938 831 3019 Martyroiogiis,
855 2958 933 3016 quae
955 2941 1049 3001 Solle·

96 3019 154 3079 rius
182 3021 315 3097 allegat,
340 3017 562 3099 Hageuoyense
591 3021 668 3081 hacc
695 3024 810 3085 habet:
841 3020 1048 3083 Prosecutotio

97 3096 200 3162 Bootae
218 3102 353 3180 Vispiois
373 3103 408 3160 iu
433 3098 585 3179 Templum
607 3104 643 3163 irs
665 3109 753 3167 tertio
776 3123 857 3165 cauo
880 3105 1049 3166 solicitatis

98 3197 172 3240 moe.
194 3184 316 3245 Missale
339 3184 509 3243 Romanum
531 3202 610 3244 anno
634 3184 714 3246 stas
740 3188 874 3249 Venetiis
894 3184 993 3264 jdssu‚
1017 3193 1049 3248 et

99 3267 226 3339 expensis
252 3265 412 3327 Octaviani
440 3263 520 3326 Scoti
554 3266 736 3344 impressum
761 3267 980 3350 sequentiam,
1003 3268 1049 3330 uti

98 3344 251 3420 appetant,
275 3348 355 3409 hanc
378 3346 492 3406 habet:

335 3426 498 3487 Benedicta
523 3428 611 3507 Virqo
634 3438 708 3491 octo

339 3507 455 3589 Templo
475 3510 557 3571 trimo
574 3514 778 3591 praesentato.

339 3589 370 3650 It
384 3601 439 3695 ‘ter
461 3592 562 3670 quiuis
584 3592 739 3670 proditus.
