2517 4059
452 204 657 278 *915st

98 352 156 397 rum
171 337 290 399 uomina
312 336 387 395 nihil
410 336 495 396 nohis
515 352 581 396 esse
595 340 797 415 compertum.
814 332 902 407 Quod
916 334 1039 409 quidem

98 434 147 477 nou
157 436 192 479 eo
204 419 318 479 dictum
330 418 482 481 volumus.
495 425 530 479 ur
541 416 726 479 Coloniensis
737 416 891 477 Ecclesiae
906 419 973 494 piae
983 424 1041 477 tra·

97 498 188 560 ditioni
211 501 377 577 quidquam
401 500 588 565 detrahatur,
612 516 691 577 quae
705 498 850 567 Ecclesia,
868 504 903 558 ut
917 505 1043 560 testatur

97 580 246 643 Bollaudus
269 584 306 642 ad
321 582 401 643 diem
418 588 533 643 sextam
555 580 695 648 Ianuarii,
712 580 816 657 Magos
836 580 893 641 suh
914 581 1040 641 nomini·

96 661 142 723 hus
161 663 363 733 Melchiorls,
387 662 594 735 Balthasaris,
628 668 660 725 et
679 662 829 738 hesperis
851 669 1014 724 veneratur
1030 682 1040 732 ς

97 762 254 823 eorumque
276 763 403 823 corpora
423 744 602 810 Gelasimus,
626 746 661 804 in
677 742 761 804 Notis
790 742 830 803 cd
854 741 1040 823 Mertprclo·

95 827 166 905 pium
177 846 246 905 pag.
262 827 320 897 133
333 832 365 889 et
377 828 494 893 Sarius,
507 830 543 887 io
556 825 694 887 Historia
712 826 877 906 Corporum
892 824 949 887 SS.
971 823 1042 887 Gor·

94 910 160 968 nesii
181 918 212 969 et
224 910 354 987 Prorupit
377 926 460 969 num.
478 908 519 969 38
540 909 679 970 referunt
698 906 983 983 Constantinopolim
998 906 1041 970 al·

92 988 156 1055 hta,
179 990 250 1049 inde
270 993 307 1051 ah
330 990 490 1069 Eustorgio
512 988 662 1069 Episcopo
682 989 887 1050 Mediolanum
909 996 1035 1056 avecta,

93 1078 153 1147 post
172 1080 386 1133 sexcentorum
408 1076 595 1151 septuaginta
618 1090 766 1132 annorum
787 1072 924 1139 cultum,
948 1089 1041 1150 quem

92 1154 118 1211 in
138 1154 262 1215 Basilica
297 1154 461 1215 abeodem
491 1156 640 1233 Episcopo
668 1152 824 1214 aedificata
844 1151 949 1215 fideles
978 1154 1037 1215 illis

93 1235 267 1307 tribuerunt,
286 1236 406 1297 tandem
421 1237 479 1298 suh
489 1234 644 1298 Eriderico
658 1234 838 1297 Oeuohardo
852 1236 934 1296 illinc
955 1253 1039 1297 amo·

92 1320 129 1385 la,
150 1324 180 1378 et
200 1319 239 1378 ab
261 1318 409 1396 Episcopo
431 1318 577 1380 lleinolrlo
598 1316 752 1379 Coloniam
775 1324 937 1395 asportata.
994 1358 999 1370 ι

127 1398 206 1461 Vlll.
232 1400 279 1460 hd
303 1399 519 1477 professionem
541 1400 700 1479 Magorum
722 1400 802 1478 quod
824 1406 961 1478 spectat,
983 1416 1038 1461 nos
1128 1447 1133 1458 .

92 1477 250 1555 phaenon
273 1483 357 1553 latet,
381 1481 505 1547 Petrum
528 1484 723 1561 quamplures
746 1484 774 1541 iu
797 1500 833 1543 ea
855 1482 948 1544 luisse
969 1500 1037 1561 per·

92 1565 245 1633 suasione,
270 1564 352 1624 viros
374 1565 440 1625 illos
462 1566 616 1643 Magiam,
639 1565 773 1625 curiosas
793 1571 887 1636 artes,
909 1564 1035 1624 astrolo-

92 1642 159 1718 giam
180 1645 373 1723 judiciariam
397 1650 581 1708 exercuisse.
604 1647 675 1707 Alia
691 1653 791 1707 tamen
812 1648 889 1707 sedit
910 1647 947 1707 de
970 1663 1041 1723 pro·

91 1723 211 1789 lessione
233 1726 393 1806 Magorum
405 1729 506 1807 opinio
528 1727 607 1807 apud
623 1729 697 1788 alios
719 1729 822 1790 Patres
843 1736 875 1789 et
888 1728 1040 1804 lnterprc·

90 1810 130 1867 tes
150 1811 282 1880 multos,
306 1827 464 1887 persuasos
487 1811 561 1873 nihil
583 1810 764 1872 diabolicum
794 1810 823 1867 in
846 1827 953 1870 eorum
975 1813 1039 1868 stn-

91 1888 141 1950 diis
160 1891 462 1970 reprehendendum,
486 1893 599 1970 quippe
620 1894 672 1970 qui
694 1893 825 1967 magiam
848 1896 965 1953 tantum
987 1906 1040 1948 na·

91 1971 211 2035 turalem
228 1973 382 2035 callerent.
406 1972 607 2036 Tertullianus
628 1973 674 2033 De
690 1973 841 2034 idolatria
856 1974 982 2036 innuere
995 1971 1038 2029 vl·

91 2052 195 2127 detur,
219 2055 416 2133 astrologicae
438 2058 581 2117 scientiae
604 2056 772 2135 cognitione
792 2051 897 2129 Magos
927 2056 968 2116 de
986 2052 1039 2113 ad·

91 2142 173 2197 rentu
195 2136 267 2198 lesu
289 2133 400 2197 Christi
417 2140 565 2201 certiores
588 2139 683 2200 iactos
704 2138 808 2200 luisse.
842 2134 968 2215 Propius
986 2140 1039 2197 ›ta-

90 2231 152 2277 men
172 2237 248 2279 vero
269 2236 323 2278 nos
338 2220 541 2292 arbitramur,
565 2217 670 2299 Magos
690 2220 756 2281 illos
776 2219 859 2279 viros
881 2220 973 2281 luisse
991 2236 1037 2277 sa·

90 2298 205 2373 pientes,
232 2300 295 2360 veri
317 2299 372 2360 Dei
394 2304 539 2373 cultores,
563 2303 625 2378 qui,
651 2302 695 2364 uti
718 2302 771 2363 lob
792 2300 913 2381 atejus
934 2300 1038 2362 amicis

90 2380 166 2441 multi
187 2385 389 2459 interpretum
409 2384 535 2460 Regiam
558 2383 615 2445 illis
637 2384 774 2445 tribuunt
794 2382 979 2460 dignitatem.
1002 2380 1036 2441 ld

91 2468 182 2523 autem
210 2480 409 2542 permagnum
432 2466 503 2527 huic
526 2466 657 2543 opinioni
683 2465 800 2544 pondus
821 2464 912 2526 atiert
927 2483 941 2534 ,⁴
957 2463 1038 2540 quod

90 2542 116 2601 in
134 2542 320 2625 Epiphaniae
341 2543 430 2607 Festo
463 2549 500 2609 de
522 2548 683 2629 Magorum
705 2546 879 2609 adoratione
899 2545 1036 2607 Ecclesia

89 2620 222 2689 Davidioo
245 2627 295 2688 illo
317 2629 411 2690 utitur
431 2630 573 2691 vaticinio
594 2631 704 2691 Psalmi
725 2629 779 2690 71:
796 2626 890 2709 Reges
903 2627 1038 2690 Arabum

91 2708 213 2769 ctSoha
242 2708 320 2769 dono
349 2709 525 2773 adducent:
549 2712 640 2789 idque
668 2730 686 2773 a
708 2711 813 2788 priscis
834 2713 1032 2790 temporibus.

90 2783 270 2868 Quamquam
285 2797 384 2852 autem
401 2798 501 2855 textus
517 2794 565 2855 ille
581 2811 676 2871 aeque
697 2812 731 2857 ac
746 2793 842 2854 Isaiae
857 2795 1030 2855 oraculum:

90 2864 282 2934 acinacen
300 2866 409 2935 Gentes
420 2877 455 2935 in
469 2875 583 2937 lumine
598 2888 659 2945 tuo,
683 2886 711 2937 et
727 2874 819 2953 lioper
833 2878 868 2936 in
880 2874 1036 2955 splendore

92 2962 162 3013 ortus
175 2957 235 3025 tei,
258 2956 296 3015 de
311 2954 444 3031 Regibus
458 2956 600 3030 ethnicis,
624 2957 820 3033 barbarisque
835 2957 971 3033 gentihus
992 2957 1037 3014 iu·

92 3032 256 3113 telligatur,
286 3042 386 3099 tamen
408 3036 543 3101 Ecclesia
570 3058 648 3115 quae
670 3038 810 3099 vaticinia
838 3037 888 3097 illa
912 3038 950 3097 ad
971 3036 1039 3098 Ma·

86 3126 184 3187 gotum
206 3119 412 3179 adorationem
433 3120 653 3194 accommodat,
671 3122 744 3183 satis
766 3124 868 3197 aperte
890 3119 1034 3188 declarat,

90 3203 301 3274 propensiorem
324 3202 415 3263 seed
441 3220 508 3265 eam
531 3206 711 3265 sententiam
732 3218 809 3262 esse.
833 3200 1035 3264 Tertullianus

87 3273 116 3368 la
133 3279 220 3344 Lihro
241 3282 387 3345 adversus
407 3283 535 3346 ludaeos
556 3282 666 3367 Cap29
686 3285 841 3361 disputans
862 3284 900 3346 de
922 3282 1031 3361 Magis,

90 3373 115 3415 ln
127 3380 189 3424 earn
204 3371 321 3441 partem
335 3364 431 3426 fertur
446 3369 590 3436 oratione,
615 3372 651 3428 ut
671 3368 773 3429 dicere
793 3368 943 3431 rideatur,
967 3365 1033 3426 illos

91 3432 174 3521 Reges
195 3447 298 3508 luisse.
326 3446 424 3508 Verba
446 3449 513 3529 ejus
536 3450 611 3510 haec
633 3456 729 3510 sunt:
753 3447 848 3525 Reges
873 3449 1027 3515 Arctum,

92 3531 113 3580 n
126 3526 197 3589 Sota
212 3529 292 3591 dono
305 3529 447 3611 offerrent
462 3532 528 3593 illi:
549 3548 622 3591 ncrn
638 3539 664 3590 ot
677 3532 781 3610 Magoa
793 3529 885 3608 nepo
898 3532 963 3610 scre
977 3529 1032 3589 lto·

92 3598 146 3669 tots
176 3609 293 3675 Oricos.
326 3610 482 3677 Caesarius
502 3631 577 3677 vero
600 3612 786 3677 Arelatensis
807 3612 948 3675 &rorone
969 3609 1029 3671 139
