2517 4059
522 144 747 215 ammirar-

161 285 219 342 quo
241 264 403 329 Celebrans
430 270 468 329 dc
489 270 627 332 Sacrario
644 318 661 344 ,,
681 276 745 333 sire
769 272 904 333 Pontifex
932 271 970 331 dc
990 270 1123 329 Throno

160 350 327 421 procedunt
349 352 385 410 ad
409 351 524 413 ditare.
550 353 613 413 Non
637 362 683 414 est
704 356 867 415 omittenda
888 351 1043 420 Amaiarii‚
1060 351 1126 411 si-

160 432 252 497 enim,
270 428 369 491 lvonis
385 431 584 502 Carnoicnsis‚
602 436 728 513 Ruperti
750 444 779 497 et
800 436 964 497 iunocentii
984 431 1038 494 ΙΙΙ·
1050 432 1127 491 ani-

160 512 340 581 madversio,
365 518 414 590 qui
437 508 543 577 docent
565 536 617 593 per
638 518 797 579 introitum
820 518 904 577 nobis
926 516 1060 575 revocari
1081 515 1124 571 in

160 594 337 653 memoriam
361 599 524 667 clamores,
550 607 579 659 ct
600 600 749 660 desideria
771 601 962 676 antiquorum
984 594 1126 656 Patriar-

161 676 287 735 charum
305 676 432 737 iiiessiae
454 680 613 741 adventum
629 682 866 759 expectantium
890 680 960 739 hinc
975 680 1051 737 sicui
1064 678 1126 737 isti

160 776 266 835 preces
290 776 343 835 pro
365 761 494 820 adventu
518 762 609 821 iuturi
632 764 761 823 iiicssiae
784 763 977 829 reiterabant‚
1000 762 1039 819 ita
1059 757 1125 817 Sa-

161 840 278 899 cerdos.
303 847 377 900 teste
400 843 574 903 Innocentio
589 842 631 902 111
655 844 722 904 Lib.
739 845 754 905 1
775 846 812 904 de
832 843 985 923 Mysteriis
1000 842 1118 901 Missae

74 930 78 935 “
160 918 232 997 Cap.
260 920 309 987 18,
334 922 496 984 inseruitum
519 925 639 1001 repetii.
662 925 799 996 Caetera,
823 928 1055 1002 quaespectant
1075 922 1124 981 ad
1172 990 1176 993 ⁴

159 1001 348 1071 introitum,
373 1006 468 1064 videri
490 1012 614 1083 possunt
634 1009 713 1085 apud
734 1006 922 1067 Cardinaiem
943 1006 1023 1065 Boua
1043 1001 1121 1063 Lib.

159 1084 188 1144 ΙΙ
210 1082 322 1143 Rerum
338 1083 562 1165 liiuryicurum
582 1084 656 1167 Cap.
684 1087 714 1152 3,
731 1086 942 1149 Esuditissime
964 1088 1053 1146 eiiam
1074 1085 1122 1147 de

160 1166 217 1225 hac
239 1168 335 1239 prima
357 1176 440 1239 parte
456 1169 564 1244 Missae
586 1171 705 1230 disserit
718 1168 808 1248 Hugo
823 1170 986 1232 Meuardus
1007 1168 1036 1225 in
1050 1168 1120 1227 suis

161 1248 338 1306 doctissimis
355 1248 450 1314 Notis,
475 1257 505 1310 et
518 1250 785 1311 Observationibus
807 1252 844 1312 ad
867 1250 992 1311 Librum
1008 1247 1120 1307 Sacra·

161 1335 330 1387 mentorum
355 1330 386 1389 S.
410 1330 547 1409 Gregorii
569 1331 669 1410 Papae
693 1352 722 1409 p.
746 1332 776 1391 3.
801 1332 924 1393 Praeter
946 1332 1018 1389 duos
1040 1329 1132 1389 aiic-.

161 1415 246 1488 gatos
268 1411 524 1485 praeclarissimos
541 1416 699 1479 ductores,
724 1416 843 1491 egregie
859 1430 978 1491 quoque
1001 1411 1119 1469 discur-

160 1497 233 1551 runt
254 1490 291 1549 de
306 1492 414 1554 Missae
429 1496 557 1556 lutroitu
574 1494 751 1555 Edmundus
766 1496 912 1563 Manena
930 1493 965 1552 de
980 1490 1120 1571 antiquis

160 1570 312 1633 Ecclesiae
334 1572 453 1641 Ritidas
475 1576 540 1637 itio.
558 1576 572 1635 Ι
588 1584 646 1637 art.
661 1576 691 1644 3;
709 1583 739 1636 et
755 1576 903 1637 Antonius
918 1574 1056 1639 Belloiic,
1081 1574 1115 1632 in

160 1656 223 1715 suis
245 1655 502 1718 observationibus
525 1676 541 1717 a
566 1676 631 1735 pag.
657 1657 718 1717 372
740 1659 894 1735 usquead
917 1674 985 1734 pag.
1003 1653 1074 1713 375.

200 1736 242 1797 lt
266 1736 358 1796 Lecto
373 1738 499 1800 introitu
516 1739 661 1799 Sacerdos
684 1740 793 1799 iunctis
815 1738 952 1799 manibus
974 1742 1042 1795 ante
1064 1753 1116 1811 pe·

161 1824 228 1878 ctus
249 1818 364 1879 accedit
384 1821 420 1881 ad
444 1820 576 1883 medium
599 1822 724 1889 ditaris,
747 1821 848 1898 ibique
866 1826 953 1880 stans
974 1817 1116 1877 manibus

160 1898 267 1960 iunctis
288 1901 361 1959 dicit
376 1898 472 1980 Kyric
494 1904 610 1973 eleison,
627 1920 684 1961 vox
707 1903 788 1962 enirn
811 1918 919 1977 graeca
938 1904 995 1969 est,
1019 1904 1051 1958 et
1071 1899 1116 1958 ia·

116 2024 118 2029 -
162 1981 223 2042 tine
246 1980 393 2059 significat
408 1984 534 2043 Domine
556 1987 708 2044 miserere.
729 1982 875 2059 {cupierat
896 1984 997 2057 itaque
1011 1981 1123 2040 Sacer·.

161 2063 216 2123 dos
242 2082 299 2123 una
329 2081 397 2125 cum
426 2066 562 2126 ministro
590 2065 720 2125 divinam
750 2065 997 2125 misericordiam.
1020 2062 1116 2121 Porro

161 2146 260 2221 ipsum
284 2143 379 2222 Kprie
402 2146 509 2206 eleison
532 2164 588 2207 non
611 2146 743 2206 humana
766 2146 967 2213 institutione,
991 2144 1043 2203 sed
1065 2160 1116 2200 oc·

160 2226 241 2285 cnito
264 2228 393 2301 quodam
417 2232 543 2288 naturae
564 2230 706 2287 instinctu
735 2227 873 2305 usurpari
897 2226 1030 2302 coepisse
1051 2241 1119 2283 ma·

161 2305 303 2367 niiesium
326 2316 382 2368 est.
406 2307 482 2369 Cum
498 2310 578 2369 enim
601 2309 694 2369 homo
716 2310 819 2368 muitis
842 2309 970 2368 miseriis
992 2306 1029 2365 ab
1052 2306 1134 2382 ipsa·

159 2388 283 2449 infantia
311 2390 351 2449 ob
372 2389 492 2466 cuipam
524 2393 614 2469 primi
636 2390 768 2469 parentis
790 2390 883 2449 reiuti
911 2387 1116 2449 haereditario

158 2471 228 2549 jure
250 2469 401 2548 subjectus
422 2473 470 2537 sit,
488 2472 524 2531 ad
547 2474 627 2533 iliius
650 2489 738 2548 opem
761 2470 984 2549 impiorandum
1006 2474 1132 2528 natura..

159 2555 222 2629 ipsa
235 2551 405 2628 impetiente
416 2554 575 2621 excitatur,
585 2555 636 2630 qui
648 2552 728 2614 solus
743 2554 862 2613 miseris
877 2550 1117 2611 misericordiam

158 2637 323 2712 praestare,
339 2640 370 2694 et
392 2639 435 2693 tot
451 2636 536 2694 maiis
552 2652 726 2713 oppressam
743 2634 903 2694 sublevare
918 2638 1026 2710 potest.
1044 2630 1119 2691 ideo

158 2713 314 2775 in'Vcteri
337 2715 529 2777 Testamento
552 2717 611 2777 hae
633 2716 774 2794 precandi
802 2714 951 2774 iormuiae
974 2712 1121 2789 [requen-

159 2796 291 2855 tissimae
312 2802 402 2868 sunt,
426 2796 553 2859 Domine
574 2801 744 2871 miserere:
765 2794 911 2856 Miserere
933 2794 1116 2855 meiDcua:

156 2875 300 2938 Miserere
322 2878 419 2939 nostri
441 2880 520 2949 Deus
542 2882 685 2948 omnium,
709 2885 741 2939 ct
762 2875 1001 2955 aiiaeejusdem
1023 2894 1116 2953 geue·

156 2959 209 3019 ris.
233 2959 344 3021 Eadem
369 2963 501 3037 precatio
523 2962 563 3022 iu¹
576 2960 798 3022 Ecclesiasticis
812 2956 926 3019 Officiis
947 2957 1027 3035 apud
1049 2974 1131 3018 om-.

155 3058 208 3100 nes
230 3043 362 3103 nationes
384 3043 414 3100 in
437 3060 494 3103 usu
517 3047 572 3103 est.
592 3043 689 3120 Saepe
710 3042 790 3103 enim
806 3041 952 3117 repetitur
967 3041 998 3099 in
1012 3037 1132 3099 iacobi.

156 3120 312 3199 Apostoli,
335 3122 582 3200 Graecorumque
610 3125 734 3185 Petrum
756 3122 925 3199 Liturgiisz
956 3123 1131 3198 ipsamque--

156 3220 213 3264 suo
235 3204 377 3265 idiomate
398 3212 545 3282 usurpant
566 3205 647 3285 Syri,
671 3204 810 3269 Armeni,
832 3210 865 3264 ei
884 3202 936 3261 aiii
951 3202 1131 3265 Christiani.

157 3283 352 3359 Orientaies,
377 3284 606 3362 quorum‘ritus
629 3286 831 3362 antiquissimi
852 3289 935 3343 suut.
950 3282 1034 3356 'Quis
1061 3300 1117 3343 au-

158 3373 220 3427 tern
242 3384 258 3425 a
275 3366 485 3439 Graecis‚eam
501 3368 538 3427 ad
554 3368 674 3429 Latinos
696 3366 873 3429 traduxerit,
892 3366 1039 3425 incertum
1055 3373 1114 3423 est.

157 3445 247 3524 Hugo
271 3449 461 3509 Victorinus.
486 3448 551 3507 Lib.
575 3449 605 3509 ll
627 3448 663 3508 de
685 3447 797 3509 diuinis
823 3442 933 3526 Officiis
950 3445 1026 3521 Cap.
1051 3443 1112 3513 1t;

158 3526 270 3598 Some,
295 3528 358 3589 Lib.
382 3527 431 3589 IV
452 3526 533 3589 Seni.
551 3528 622 3589 dist.
644 3531 685 3589 15
706 3539 821 3609 quaesi.
845 3528 866 3585 2
891 3524 992 3586 urii
1013 3530 1045 3585 ei
1066 3525 1116 3586 aiii
