<?xml version="1.0" encoding="UTF-8"?>
<!DOCTYPE html PUBLIC "-//W3C//DTD XHTML 1.0 Transitional//EN"
    "http://www.w3.org/TR/xhtml1/DTD/xhtml1-transitional.dtd">
<html xmlns="http://www.w3.org/1999/xhtml" xml:lang="en" lang="en">
 <head>
  <title>
</title>
<meta http-equiv="Content-Type" content="text/html;charset=utf-8" />
  <meta name='ocr-system' content='tesseract 3.04.00' />
  <meta name='ocr-capabilities' content='ocr_page ocr_carea ocr_par ocr_line ocrx_word'/>
</head>
<body>
  <div class='ocr_page' id='page_1' title='image "./institutionesli00marigoog_0016.png"; bbox 0 0 2517 4059; ppageno 0'>
   <div class='ocr_carea' id='block_1_1' title="bbox 576 204 781 276">
    <p class='ocr_par' dir='ltr' id='par_1_1' title="bbox 576 204 781 276">
     <span class='ocr_line' id='line_1_1' title="bbox 576 204 781 276; baseline -0.01 0"><span class='ocrx_word' id='word_1_1' title='bbox 576 204 781 276; x_wconf 57' lang='lat' dir='ltr'><strong><em>wimt-</em></strong></span> 
     </span>
    </p>
   </div>
   <div class='ocr_carea' id='block_1_2' title="bbox 199 326 1156 2280">
    <p class='ocr_par' dir='ltr' id='par_1_2' title="bbox 199 326 1156 2280">
     <span class='ocr_line' id='line_1_2' title="bbox 202 326 1155 411; baseline -0.002 -15"><span class='ocrx_word' id='word_1_2' title='bbox 202 333 290 396; x_wconf 89' lang='lat' dir='ltr'><strong><em>annis</em></strong></span> <span class='ocrx_word' id='word_1_3' title='bbox 305 331 430 411; x_wconf 79' lang='lat' dir='ltr'><strong><em>cinpnlis</em></strong></span> <span class='ocrx_word' id='word_1_4' title='bbox 445 329 508 393; x_wconf 88' lang='lat' dir='ltr'><strong><em>dies</em></strong></span> <span class='ocrx_word' id='word_1_5' title='bbox 516 331 695 411; x_wconf 71' lang='lat' dir='ltr'><strong><em>praedictae</em></strong></span> <span class='ocrx_word' id='word_1_6' title='bbox 708 330 903 393; x_wconf 69' lang='lat' dir='ltr'><strong><em>solemnitatis</em></strong></span> <span class='ocrx_word' id='word_1_7' title='bbox 918 326 1057 403; x_wconf 85' lang='lat' dir='ltr'><strong><em>eoeniret,</em></strong></span> <span class='ocrx_word' id='word_1_8' title='bbox 1082 331 1155 395; x_wconf 82' lang='lat' dir='ltr'><strong><em>Sedi</em></strong></span> 
     </span>
     <span class='ocr_line' id='line_1_3' title="bbox 201 412 1156 495; baseline 0.003 -21"><span class='ocrx_word' id='word_1_9' title='bbox 201 416 381 494; x_wconf 73' lang='lat' dir='ltr'><strong><em>spostolicae</em></strong></span> <span class='ocrx_word' id='word_1_10' title='bbox 395 413 597 491; x_wconf 75' lang='lat' dir='ltr'><strong><em>indicaretur,</em></strong></span> <span class='ocrx_word' id='word_1_11' title='bbox 624 423 658 475; x_wconf 87' lang='lat' dir='ltr'><strong><em>nt</em></strong></span> <span class='ocrx_word' id='word_1_12' title='bbox 673 416 763 495; x_wconf 78' lang='lat' dir='ltr'><strong><em>tejas</em></strong></span> <span class='ocrx_word' id='word_1_13' title='bbox 776 414 896 491; x_wconf 87' lang='lat' dir='ltr'><strong><em>scriptis</em></strong></span> <span class='ocrx_word' id='word_1_14' title='bbox 913 412 952 472; x_wconf 94' lang='lat' dir='ltr'><strong><em>od</em></strong></span> <span class='ocrx_word' id='word_1_15' title='bbox 966 415 1156 495; x_wconf 84' lang='lat' dir='ltr'><strong><em>lonqinqoio·</em></strong></span> 
     </span>
     <span class='ocr_line' id='line_1_4' title="bbox 201 495 1153 579; baseline 0.002 -22"><span class='ocrx_word' id='word_1_16' title='bbox 201 514 248 557; x_wconf 88' lang='lat' dir='ltr'><strong><em>ree</em></strong></span> <span class='ocrx_word' id='word_1_17' title='bbox 264 495 410 557; x_wconf 83' lang='lat' dir='ltr'><strong><em>Ecclesiae</em></strong></span> <span class='ocrx_word' id='word_1_18' title='bbox 424 495 573 558; x_wconf 80' lang='lat' dir='ltr'><strong><em>indiciam</em></strong></span> <span class='ocrx_word' id='word_1_19' title='bbox 597 498 780 574; x_wconf 81' lang='lat' dir='ltr'><strong><em>poneretiter</em></strong></span> <span class='ocrx_word' id='word_1_20' title='bbox 792 504 997 576; x_wconf 75' lang='lat' dir='ltr'><strong><em>perterreret.</em></strong></span> <span class='ocrx_word' id='word_1_21' title='bbox 1020 497 1153 579; x_wconf 76' lang='lat' dir='ltr'><strong><em>Cyrillus</em></strong></span> 
     </span>
     <span class='ocr_line' id='line_1_5' title="bbox 201 576 1152 659; baseline 0.005 -22"><span class='ocrx_word' id='word_1_22' title='bbox 201 580 265 657; x_wconf 88' lang='lat' dir='ltr'><strong><em>ipse</em></strong></span> <span class='ocrx_word' id='word_1_23' title='bbox 287 578 508 639; x_wconf 78' lang='lat' dir='ltr'><strong><em>Alexandrinus</em></strong></span> <span class='ocrx_word' id='word_1_24' title='bbox 529 578 558 637; x_wconf 91' lang='lat' dir='ltr'><strong><em>in</em></strong></span> <span class='ocrx_word' id='word_1_25' title='bbox 579 576 708 655; x_wconf 90' lang='lat' dir='ltr'><strong><em>Prologo</em></strong></span> <span class='ocrx_word' id='word_1_26' title='bbox 729 596 820 655; x_wconf 93' lang='lat' dir='ltr'><strong><em>quem</em></strong></span> <span class='ocrx_word' id='word_1_27' title='bbox 844 578 963 654; x_wconf 78' lang='lat' dir='ltr'><strong><em>scripsit</em></strong></span> <span class='ocrx_word' id='word_1_28' title='bbox 984 596 1039 656; x_wconf 90' lang='lat' dir='ltr'><strong><em>pro</em></strong></span> <span class='ocrx_word' id='word_1_29' title='bbox 1059 578 1152 659; x_wconf 73' lang='lat' dir='ltr'><strong><em>Cyclo</em></strong></span> 
     </span>
     <span class='ocr_line' id='line_1_6' title="bbox 200 660 1155 737; baseline 0.004 -16"><span class='ocrx_word' id='word_1_30' title='bbox 200 660 286 722; x_wconf 83' lang='lat' dir='ltr'><strong><em>XCV</em></strong></span> <span class='ocrx_word' id='word_1_31' title='bbox 307 679 466 737; x_wconf 85' lang='lat' dir='ltr'><strong><em>annorum,</em></strong></span> <span class='ocrx_word' id='word_1_32' title='bbox 491 662 560 721; x_wconf 90' lang='lat' dir='ltr'><strong><em>satis</em></strong></span> <span class='ocrx_word' id='word_1_33' title='bbox 581 661 679 721; x_wconf 86' lang='lat' dir='ltr'>innuit</span> <span class='ocrx_word' id='word_1_34' title='bbox 699 660 791 720; x_wconf 91' lang='lat' dir='ltr'><strong><em>ritum</em></strong></span> <span class='ocrx_word' id='word_1_35' title='bbox 813 660 893 721; x_wconf 90' lang='lat' dir='ltr'><strong><em>hunc</em></strong></span> <span class='ocrx_word' id='word_1_36' title='bbox 908 661 972 719; x_wconf 82' lang='lat' dir='ltr'><strong><em>siue</em></strong></span> <span class='ocrx_word' id='word_1_37' title='bbox 994 667 1155 724; x_wconf 86' lang='lat' dir='ltr'><strong><em>consuetu·</em></strong></span> 
     </span>
     <span class='ocr_line' id='line_1_7' title="bbox 201 739 1154 820; baseline 0.001 -18"><span class='ocrx_word' id='word_1_38' title='bbox 201 744 327 811; x_wconf 84' lang='lat' dir='ltr'><strong><em>clinem,</em></strong></span> <span class='ocrx_word' id='word_1_39' title='bbox 362 746 397 802; x_wconf 85' lang='lat' dir='ltr'><strong><em>ut</em></strong></span> <span class='ocrx_word' id='word_1_40' title='bbox 418 743 642 804; x_wconf 83' lang='lat' dir='ltr'><strong><em>Alexandrinus</em></strong></span> <span class='ocrx_word' id='word_1_41' title='bbox 662 739 831 820; x_wconf 81' lang='lat' dir='ltr'><strong><em>Episcopus</em></strong></span> <span class='ocrx_word' id='word_1_42' title='bbox 852 741 989 801; x_wconf 85' lang='lat' dir='ltr'><strong><em>Romano</em></strong></span> <span class='ocrx_word' id='word_1_43' title='bbox 1016 742 1154 805; x_wconf 87' lang='lat' dir='ltr'><strong><em>Pontifici</em></strong></span> 
     </span>
     <span class='ocr_line' id='line_1_8' title="bbox 201 822 1152 902; baseline 0.001 -17"><span class='ocrx_word' id='word_1_44' title='bbox 201 828 375 902; x_wconf 83' lang='lat' dir='ltr'><strong><em>proximum</em></strong></span> <span class='ocrx_word' id='word_1_45' title='bbox 390 824 544 886; x_wconf 87' lang='lat' dir='ltr'><strong><em>Paschatis</em></strong></span> <span class='ocrx_word' id='word_1_46' title='bbox 559 825 641 886; x_wconf 89' lang='lat' dir='ltr'><strong><em>diem</em></strong></span> <span class='ocrx_word' id='word_1_47' title='bbox 656 822 848 900; x_wconf 86' lang='lat' dir='ltr'><strong><em>significaret.</em></strong></span> <span class='ocrx_word' id='word_1_48' title='bbox 865 824 1072 886; x_wconf 80' lang='lat' dir='ltr'><strong><em>Perseveravit</em></strong></span> <span class='ocrx_word' id='word_1_49' title='bbox 1085 845 1152 888; x_wconf 92' lang='lat' dir='ltr'><strong><em>mos</em></strong></span> 
     </span>
     <span class='ocr_line' id='line_1_9' title="bbox 200 903 1156 983; baseline 0.002 -16"><span class='ocrx_word' id='word_1_50' title='bbox 200 908 256 968; x_wconf 90' lang='lat' dir='ltr'><strong><em>iste</em></strong></span> <span class='ocrx_word' id='word_1_51' title='bbox 279 910 307 967; x_wconf 90' lang='lat' dir='ltr'><strong><em>in</em></strong></span> <span class='ocrx_word' id='word_1_52' title='bbox 329 904 468 973; x_wconf 74' lang='lat' dir='ltr'><strong><em>Ecclesia</em></strong></span> <span class='ocrx_word' id='word_1_53' title='bbox 486 905 700 973; x_wconf 81' lang='lat' dir='ltr'><strong><em>Alexandrina,</em></strong></span> <span class='ocrx_word' id='word_1_54' title='bbox 725 907 856 983; x_wconf 84' lang='lat' dir='ltr'><strong><em>quandiu</em></strong></span> <span class='ocrx_word' id='word_1_55' title='bbox 877 903 1051 969; x_wconf 76' lang='lat' dir='ltr'><strong><em>Catholicae</em></strong></span> <span class='ocrx_word' id='word_1_56' title='bbox 1071 925 1156 969; x_wconf 90' lang='lat' dir='ltr'><strong><em>eom·</em></strong></span> 
     </span>
     <span class='ocr_line' id='line_1_10' title="bbox 201 987 1154 1066; baseline 0.003 -17"><span class='ocrx_word' id='word_1_57' title='bbox 201 990 352 1050; x_wconf 90' lang='lat' dir='ltr'><strong><em>munionis</em></strong></span> <span class='ocrx_word' id='word_1_58' title='bbox 375 990 417 1048; x_wconf 92' lang='lat' dir='ltr'><strong><em>ihi</em></strong></span> <span class='ocrx_word' id='word_1_59' title='bbox 439 990 578 1051; x_wconf 83' lang='lat' dir='ltr'><strong><em>sederant</em></strong></span> <span class='ocrx_word' id='word_1_60' title='bbox 599 987 762 1066; x_wconf 82' lang='lat' dir='ltr'><strong><em>Episcopi3</em></strong></span> <span class='ocrx_word' id='word_1_61' title='bbox 786 994 945 1066; x_wconf 82' lang='lat' dir='ltr'><strong><em>postquam</em></strong></span> <span class='ocrx_word' id='word_1_62' title='bbox 967 992 1049 1051; x_wconf 89' lang='lat' dir='ltr'><strong><em>enim</em></strong></span> <span class='ocrx_word' id='word_1_63' title='bbox 1081 991 1154 1052; x_wconf 86' lang='lat' dir='ltr'><strong><em>hae·</em></strong></span> 
     </span>
     <span class='ocr_line' id='line_1_11' title="bbox 202 1070 1154 1151; baseline 0.003 -21"><span class='ocrx_word' id='word_1_64' title='bbox 202 1072 373 1151; x_wconf 86' lang='lat' dir='ltr'><strong><em>resiarchae</em></strong></span> <span class='ocrx_word' id='word_1_65' title='bbox 396 1071 503 1132; x_wconf 85' lang='lat' dir='ltr'><strong><em>intrusi</em></strong></span> <span class='ocrx_word' id='word_1_66' title='bbox 518 1076 598 1142; x_wconf 91' lang='lat' dir='ltr'><strong><em>sunt,</em></strong></span> <span class='ocrx_word' id='word_1_67' title='bbox 623 1074 822 1148; x_wconf 88' lang='lat' dir='ltr'><strong><em>interceptum</em></strong></span> <span class='ocrx_word' id='word_1_68' title='bbox 845 1088 965 1147; x_wconf 90' lang='lat' dir='ltr'><strong><em>quoquo</em></strong></span> <span class='ocrx_word' id='word_1_69' title='bbox 979 1070 1154 1150; x_wconf 85' lang='lat' dir='ltr'><strong><em>hujusmodi</em></strong></span> 
     </span>
     <span class='ocr_line' id='line_1_12' title="bbox 201 1152 421 1215; baseline -0.023 0"><span class='ocrx_word' id='word_1_70' title='bbox 201 1152 421 1215; x_wconf 85' lang='lat' dir='ltr'><strong><em>luit&#39;officium.</em></strong></span> 
     </span>
     <span class='ocr_line' id='line_1_13' title="bbox 236 1233 1155 1303; baseline 0.002 -9"><span class='ocrx_word' id='word_1_71' title='bbox 236 1233 1155 1303; x_wconf 83' lang='lat' dir='ltr'><strong><em>V.hntcConciliumNicaenum,celebratumannoCCCXXV,</em></strong></span> 
     </span>
     <span class='ocr_line' id='line_1_14' title="bbox 200 1314 1155 1393; baseline 0.002 -18"><span class='ocrx_word' id='word_1_72' title='bbox 200 1317 332 1393; x_wconf 84' lang='lat' dir='ltr'><strong><em>uiguisse</em></strong></span> <span class='ocrx_word' id='word_1_73' title='bbox 355 1316 511 1393; x_wconf 89' lang='lat' dir='ltr'><strong><em>antiquum</em></strong></span> <span class='ocrx_word' id='word_1_74' title='bbox 534 1314 686 1377; x_wconf 82' lang='lat' dir='ltr'><strong><em>Ecclesiae</em></strong></span> <span class='ocrx_word' id='word_1_75' title='bbox 708 1334 809 1386; x_wconf 90' lang='lat' dir='ltr'><strong><em>usum,</em></strong></span> <span class='ocrx_word' id='word_1_76' title='bbox 832 1321 867 1375; x_wconf 90' lang='lat' dir='ltr'><strong><em>nt</em></strong></span> <span class='ocrx_word' id='word_1_77' title='bbox 887 1333 906 1375; x_wconf 87' lang='lat' dir='ltr'><strong><em>a</em></strong></span> <span class='ocrx_word' id='word_1_78' title='bbox 925 1316 1062 1383; x_wconf 79' lang='lat' dir='ltr'><strong><em>Romano</em></strong></span> <span class='ocrx_word' id='word_1_79' title='bbox 1077 1316 1155 1377; x_wconf 88' lang='lat' dir='ltr'><strong><em>Pon-</em></strong></span> 
     </span>
     <span class='ocr_line' id='line_1_15' title="bbox 201 1397 1155 1469; baseline 0 -10"><span class='ocrx_word' id='word_1_80' title='bbox 201 1397 293 1469; x_wconf 84' lang='lat' dir='ltr'><strong><em>tifice‚</em></strong></span> <span class='ocrx_word' id='word_1_81' title='bbox 319 1403 352 1459; x_wconf 89' lang='lat' dir='ltr'><strong><em>ut</em></strong></span> <span class='ocrx_word' id='word_1_82' title='bbox 366 1398 440 1458; x_wconf 91' lang='lat' dir='ltr'><strong><em>alias</em></strong></span> <span class='ocrx_word' id='word_1_83' title='bbox 456 1400 604 1469; x_wconf 88' lang='lat' dir='ltr'><strong><em>omittam,</em></strong></span> <span class='ocrx_word' id='word_1_84' title='bbox 627 1398 803 1459; x_wconf 87' lang='lat' dir='ltr'><strong><em>Paschalem</em></strong></span> <span class='ocrx_word' id='word_1_85' title='bbox 816 1399 897 1458; x_wconf 88' lang='lat' dir='ltr'><strong><em>diem</em></strong></span> <span class='ocrx_word' id='word_1_86' title='bbox 913 1398 1068 1462; x_wconf 87' lang='lat' dir='ltr'><strong><em>Ecclesiae</em></strong></span> <span class='ocrx_word' id='word_1_87' title='bbox 1083 1398 1155 1460; x_wconf 87' lang='lat' dir='ltr'><strong><em>Gal·</em></strong></span> 
     </span>
     <span class='ocr_line' id='line_1_16' title="bbox 199 1478 1154 1559; baseline 0.003 -19"><span class='ocrx_word' id='word_1_88' title='bbox 199 1480 316 1540; x_wconf 88' lang='lat' dir='ltr'><strong><em>licanae</em></strong></span> <span class='ocrx_word' id='word_1_89' title='bbox 332 1486 521 1556; x_wconf 89' lang='lat' dir='ltr'><strong><em>quaererent,</em></strong></span> <span class='ocrx_word' id='word_1_90' title='bbox 545 1485 648 1559; x_wconf 89' lang='lat' dir='ltr'><strong><em>aperte</em></strong></span> <span class='ocrx_word' id='word_1_91' title='bbox 671 1480 830 1541; x_wconf 87' lang='lat' dir='ltr'><strong><em>deducitur</em></strong></span> <span class='ocrx_word' id='word_1_92' title='bbox 853 1498 890 1539; x_wconf 84' lang='lat' dir='ltr'><strong><em>ex</em></strong></span> <span class='ocrx_word' id='word_1_93' title='bbox 912 1478 1031 1541; x_wconf 89' lang='lat' dir='ltr'><strong><em>Canoue</em></strong></span> <span class='ocrx_word' id='word_1_94' title='bbox 1055 1484 1154 1559; x_wconf 92' lang='lat' dir='ltr'><strong><em>primo</em></strong></span> 
     </span>
     <span class='ocr_line' id='line_1_17' title="bbox 201 1559 1154 1639; baseline 0.003 -17"><span class='ocrx_word' id='word_1_95' title='bbox 201 1559 325 1623; x_wconf 91' lang='lat' dir='ltr'><strong><em>Concilii</em></strong></span> <span class='ocrx_word' id='word_1_96' title='bbox 348 1561 544 1627; x_wconf 79' lang='lat' dir='ltr'><strong><em>Arelatensis,</em></strong></span> <span class='ocrx_word' id='word_1_97' title='bbox 569 1562 649 1639; x_wconf 91' lang='lat' dir='ltr'><strong><em>quod</em></strong></span> <span class='ocrx_word' id='word_1_98' title='bbox 672 1560 857 1623; x_wconf 83' lang='lat' dir='ltr'><strong><em>celebratum</em></strong></span> <span class='ocrx_word' id='word_1_99' title='bbox 879 1568 926 1622; x_wconf 90' lang='lat' dir='ltr'><strong><em>est</em></strong></span> <span class='ocrx_word' id='word_1_100' title='bbox 946 1580 1023 1621; x_wconf 92' lang='lat' dir='ltr'><strong><em>anno</em></strong></span> <span class='ocrx_word' id='word_1_101' title='bbox 1038 1562 1154 1626; x_wconf 85' lang='lat' dir='ltr'><strong><em>Christi</em></strong></span> 
     </span>
     <span class='ocr_line' id='line_1_18' title="bbox 200 1641 1154 1722; baseline 0.001 -18"><span class='ocrx_word' id='word_1_102' title='bbox 200 1641 349 1706; x_wconf 86' lang='lat' dir='ltr'><strong><em>CCCXlV</em></strong></span> <span class='ocrx_word' id='word_1_103' title='bbox 371 1644 423 1703; x_wconf 92' lang='lat' dir='ltr'><strong><em>ubi</em></strong></span> <span class='ocrx_word' id='word_1_104' title='bbox 446 1645 486 1703; x_wconf 93' lang='lat' dir='ltr'><strong><em>ita</em></strong></span> <span class='ocrx_word' id='word_1_105' title='bbox 501 1642 604 1702; x_wconf 91' lang='lat' dir='ltr'><strong><em>Patres</em></strong></span> <span class='ocrx_word' id='word_1_106' title='bbox 626 1643 658 1703; x_wconf 91' lang='lat' dir='ltr'><strong><em>S.</em></strong></span> <span class='ocrx_word' id='word_1_107' title='bbox 672 1644 814 1705; x_wconf 87' lang='lat' dir='ltr'><strong><em>Silvestre</em></strong></span> <span class='ocrx_word' id='word_1_108' title='bbox 830 1643 927 1721; x_wconf 84' lang='lat' dir='ltr'><strong><em>Papae</em></strong></span> <span class='ocrx_word' id='word_1_109' title='bbox 942 1645 1090 1722; x_wconf 89' lang='lat' dir='ltr'><strong><em>inquiunt:</em></strong></span> <span class='ocrx_word' id='word_1_110' title='bbox 1108 1647 1154 1705; x_wconf 87' lang='lat' dir='ltr'><strong><em>De</em></strong></span> 
     </span>
     <span class='ocr_line' id='line_1_19' title="bbox 201 1724 1156 1807; baseline 0.002 -22"><span class='ocrx_word' id='word_1_111' title='bbox 201 1727 403 1788; x_wconf 85' lang='lat' dir='ltr'><strong><em>observatione</em></strong></span> <span class='ocrx_word' id='word_1_112' title='bbox 421 1724 561 1793; x_wconf 82' lang='lat' dir='ltr'><strong><em>Paschae,</em></strong></span> <span class='ocrx_word' id='word_1_113' title='bbox 578 1734 614 1784; x_wconf 83' lang='lat' dir='ltr'><strong><em>at</em></strong></span> <span class='ocrx_word' id='word_1_114' title='bbox 628 1744 688 1785; x_wconf 87' lang='lat' dir='ltr'><strong><em>nno</em></strong></span> <span class='ocrx_word' id='word_1_115' title='bbox 704 1725 762 1792; x_wconf 87' lang='lat' dir='ltr'><strong><em>die,</em></strong></span> <span class='ocrx_word' id='word_1_116' title='bbox 779 1735 807 1784; x_wconf 90' lang='lat' dir='ltr'><strong><em>et</em></strong></span> <span class='ocrx_word' id='word_1_117' title='bbox 820 1737 948 1802; x_wconf 87' lang='lat' dir='ltr'><strong><em>tempore</em></strong></span> <span class='ocrx_word' id='word_1_118' title='bbox 966 1746 1024 1807; x_wconf 93' lang='lat' dir='ltr'><strong><em>per</em></strong></span> <span class='ocrx_word' id='word_1_119' title='bbox 1039 1744 1156 1787; x_wconf 87' lang='lat' dir='ltr'><strong><em>ornnem</em></strong></span> 
     </span>
     <span class='ocr_line' id='line_1_20' title="bbox 200 1805 1156 1887; baseline 0.002 -20"><span class='ocrx_word' id='word_1_120' title='bbox 200 1810 298 1869; x_wconf 80' lang='lat' dir='ltr'><strong><em>orbern</em></strong></span> <span class='ocrx_word' id='word_1_121' title='bbox 325 1809 502 1878; x_wconf 81' lang='lat' dir='ltr'><strong><em>observetur,</em></strong></span> <span class='ocrx_word' id='word_1_122' title='bbox 520 1818 547 1867; x_wconf 91' lang='lat' dir='ltr'><strong><em>et</em></strong></span> <span class='ocrx_word' id='word_1_123' title='bbox 557 1810 653 1887; x_wconf 78' lang='lat' dir='ltr'><strong><em>juata</em></strong></span> <span class='ocrx_word' id='word_1_124' title='bbox 674 1805 915 1867; x_wconf 80' lang='lat' dir='ltr'><strong><em>consuetudinem</em></strong></span> <span class='ocrx_word' id='word_1_125' title='bbox 930 1809 1045 1869; x_wconf 84' lang='lat' dir='ltr'><strong><em>litteras</em></strong></span> <span class='ocrx_word' id='word_1_126' title='bbox 1067 1808 1108 1869; x_wconf 90' lang='lat' dir='ltr'><strong><em>ad</em></strong></span> <span class='ocrx_word' id='word_1_127' title='bbox 1122 1824 1156 1869; x_wconf 91' lang='lat' dir='ltr'><strong><em>o·</em></strong></span> 
     </span>
     <span class='ocr_line' id='line_1_21' title="bbox 200 1887 1155 1970; baseline 0 -19"><span class='ocrx_word' id='word_1_128' title='bbox 200 1910 281 1951; x_wconf 85' lang='lat' dir='ltr'><strong><em>nenos</em></strong></span> <span class='ocrx_word' id='word_1_129' title='bbox 303 1898 337 1949; x_wconf 78' lang='lat' dir='ltr'><strong><em>tce</em></strong></span> <span class='ocrx_word' id='word_1_130' title='bbox 352 1888 478 1970; x_wconf 80' lang='lat' dir='ltr'><strong><em>diripos.</em></strong></span> <span class='ocrx_word' id='word_1_131' title='bbox 495 1887 534 1950; x_wconf 91' lang='lat' dir='ltr'><strong><em>Ut</em></strong></span> <span class='ocrx_word' id='word_1_132' title='bbox 549 1906 607 1950; x_wconf 79' lang='lat' dir='ltr'><strong><em>rano</em></strong></span> <span class='ocrx_word' id='word_1_133' title='bbox 623 1890 714 1969; x_wconf 90' lang='lat' dir='ltr'><strong><em>igitur</em></strong></span> <span class='ocrx_word' id='word_1_134' title='bbox 729 1889 895 1965; x_wconf 87' lang='lat' dir='ltr'><strong><em>eodemque</em></strong></span> <span class='ocrx_word' id='word_1_135' title='bbox 918 1889 965 1949; x_wconf 91' lang='lat' dir='ltr'><strong><em>die</em></strong></span> <span class='ocrx_word' id='word_1_136' title='bbox 986 1908 1041 1968; x_wconf 92' lang='lat' dir='ltr'><strong><em>per</em></strong></span> <span class='ocrx_word' id='word_1_137' title='bbox 1055 1895 1155 1951; x_wconf 91' lang='lat' dir='ltr'><strong><em>totum</em></strong></span> 
     </span>
     <span class='ocr_line' id='line_1_22' title="bbox 201 1969 1155 2049; baseline -0.002 -15"><span class='ocrx_word' id='word_1_138' title='bbox 201 1974 306 2034; x_wconf 89' lang='lat' dir='ltr'><strong><em>orbem</em></strong></span> <span class='ocrx_word' id='word_1_139' title='bbox 322 1970 437 2033; x_wconf 84' lang='lat' dir='ltr'><strong><em>Pascha</em></strong></span> <span class='ocrx_word' id='word_1_140' title='bbox 453 1972 670 2042; x_wconf 86' lang='lat' dir='ltr'><strong><em>celebraretur,</em></strong></span> <span class='ocrx_word' id='word_1_141' title='bbox 695 1970 900 2049; x_wconf 82' lang='lat' dir='ltr'><strong><em>dirigebantur</em></strong></span> <span class='ocrx_word' id='word_1_142' title='bbox 915 1972 951 2030; x_wconf 89' lang='lat' dir='ltr'><strong><em>ad</em></strong></span> <span class='ocrx_word' id='word_1_143' title='bbox 966 1990 1071 2032; x_wconf 88' lang='lat' dir='ltr'><strong><em>omnes</em></strong></span> <span class='ocrx_word' id='word_1_144' title='bbox 1085 1969 1155 2049; x_wconf 89' lang='lat' dir='ltr'><strong><em>Epi·</em></strong></span> 
     </span>
     <span class='ocr_line' id='line_1_23' title="bbox 201 2054 1156 2132; baseline 0 -18"><span class='ocrx_word' id='word_1_145' title='bbox 201 2072 307 2131; x_wconf 87' lang='lat' dir='ltr'><strong><em>scopos</em></strong></span> <span class='ocrx_word' id='word_1_146' title='bbox 330 2055 459 2126; x_wconf 87' lang='lat' dir='ltr'><strong><em>litterae,</em></strong></span> <span class='ocrx_word' id='word_1_147' title='bbox 473 2072 550 2132; x_wconf 90' lang='lat' dir='ltr'><strong><em>quae</em></strong></span> <span class='ocrx_word' id='word_1_148' title='bbox 572 2054 601 2113; x_wconf 88' lang='lat' dir='ltr'><strong><em>id</em></strong></span> <span class='ocrx_word' id='word_1_149' title='bbox 617 2055 806 2131; x_wconf 88' lang='lat' dir='ltr'><strong><em>potissimum</em></strong></span> <span class='ocrx_word' id='word_1_150' title='bbox 828 2054 1003 2114; x_wconf 88' lang='lat' dir='ltr'><strong><em>indicarent.</em></strong></span> <span class='ocrx_word' id='word_1_151' title='bbox 1017 2054 1156 2114; x_wconf 89' lang='lat' dir='ltr'><strong><em>Praeter·</em></strong></span> 
     </span>
     <span class='ocr_line' id='line_1_24' title="bbox 200 2135 1150 2213; baseline -0.001 -16"><span class='ocrx_word' id='word_1_152' title='bbox 200 2153 235 2197; x_wconf 85' lang='lat' dir='ltr'><strong><em>ea</em></strong></span> <span class='ocrx_word' id='word_1_153' title='bbox 258 2154 316 2195; x_wconf 92' lang='lat' dir='ltr'><strong><em>non</em></strong></span> <span class='ocrx_word' id='word_1_154' title='bbox 338 2138 448 2198; x_wconf 90' lang='lat' dir='ltr'><strong><em>mirum</em></strong></span> <span class='ocrx_word' id='word_1_155' title='bbox 472 2154 536 2197; x_wconf 89' lang='lat' dir='ltr'><strong><em>esse</em></strong></span> <span class='ocrx_word' id='word_1_156' title='bbox 559 2135 673 2206; x_wconf 84' lang='lat' dir='ltr'><strong><em>debet,</em></strong></span> <span class='ocrx_word' id='word_1_157' title='bbox 696 2136 720 2196; x_wconf 88' lang='lat' dir='ltr'><strong><em>si</em></strong></span> <span class='ocrx_word' id='word_1_158' title='bbox 743 2137 772 2194; x_wconf 94' lang='lat' dir='ltr'><strong><em>iu</em></strong></span> <span class='ocrx_word' id='word_1_159' title='bbox 796 2137 975 2213; x_wconf 88' lang='lat' dir='ltr'><strong><em>pervetustis</em></strong></span> <span class='ocrx_word' id='word_1_160' title='bbox 995 2136 1150 2196; x_wconf 88' lang='lat' dir='ltr'><strong><em>Ecclesiae</em></strong></span> 
     </span>
     <span class='ocr_line' id='line_1_25' title="bbox 200 2217 1154 2280; baseline 0 -2"><span class='ocrx_word' id='word_1_161' title='bbox 200 2220 402 2280; x_wconf 87' lang='lat' dir='ltr'><strong><em>monumentis</em></strong></span> <span class='ocrx_word' id='word_1_162' title='bbox 424 2218 520 2279; x_wconf 90' lang='lat' dir='ltr'><strong><em>solum</em></strong></span> <span class='ocrx_word' id='word_1_163' title='bbox 543 2218 581 2277; x_wconf 91' lang='lat' dir='ltr'><strong><em>de</em></strong></span> <span class='ocrx_word' id='word_1_164' title='bbox 603 2218 770 2277; x_wconf 90' lang='lat' dir='ltr'><strong><em>nunciando</em></strong></span> <span class='ocrx_word' id='word_1_165' title='bbox 796 2217 844 2277; x_wconf 91' lang='lat' dir='ltr'><strong><em>die</em></strong></span> <span class='ocrx_word' id='word_1_166' title='bbox 866 2217 1017 2279; x_wconf 85' lang='lat' dir='ltr'><strong><em>Paschatis</em></strong></span> <span class='ocrx_word' id='word_1_167' title='bbox 1039 2218 1154 2279; x_wconf 87' lang='lat' dir='ltr'><strong><em>mentio</em></strong></span> 
     </span>
    </p>
   </div>
   <div class='ocr_carea' id='block_1_3' title="bbox 200 2291 1255 2377">
    <p class='ocr_par' dir='ltr' id='par_1_3' title="bbox 200 2291 1255 2377">
     <span class='ocr_line' id='line_1_26' title="bbox 200 2291 1255 2377; baseline 0 -18"><span class='ocrx_word' id='word_1_168' title='bbox 200 2298 264 2360; x_wconf 87' lang='lat' dir='ltr'><strong><em>fiat.</em></strong></span> <span class='ocrx_word' id='word_1_169' title='bbox 288 2291 386 2360; x_wconf 82' lang='lat' dir='ltr'><strong><em>Ceteri</em></strong></span> <span class='ocrx_word' id='word_1_170' title='bbox 409 2300 530 2377; x_wconf 89' lang='lat' dir='ltr'><strong><em>quidem</em></strong></span> <span class='ocrx_word' id='word_1_171' title='bbox 552 2298 616 2359; x_wconf 89' lang='lat' dir='ltr'><strong><em>dies</em></strong></span> <span class='ocrx_word' id='word_1_172' title='bbox 632 2298 699 2360; x_wconf 81' lang='lat' dir='ltr'><strong><em>sesti</em></strong></span> <span class='ocrx_word' id='word_1_173' title='bbox 716 2300 841 2358; x_wconf 88' lang='lat' dir='ltr'><strong><em>mobiles</em></strong></span> <span class='ocrx_word' id='word_1_174' title='bbox 857 2317 1014 2376; x_wconf 86' lang='lat' dir='ltr'><strong><em>progressu</em></strong></span> <span class='ocrx_word' id='word_1_175' title='bbox 1037 2307 1156 2377; x_wconf 90' lang='lat' dir='ltr'><strong><em>tempo·</em></strong></span> <span class='ocrx_word' id='word_1_176' title='bbox 1254 2343 1255 2348; x_wconf 19' lang='grc' dir='ltr'>η</span> 
     </span>
    </p>
   </div>
   <div class='ocr_carea' id='block_1_4' title="bbox 127 2379 1183 2788">
    <p class='ocr_par' dir='ltr' id='par_1_4' title="bbox 127 2379 1183 2688">
     <span class='ocr_line' id='line_1_27' title="bbox 199 2379 1157 2460; baseline -0.001 -20"><span class='ocrx_word' id='word_1_177' title='bbox 199 2382 242 2441; x_wconf 88' lang='lat' dir='ltr'><strong><em>ris</em></strong></span> <span class='ocrx_word' id='word_1_178' title='bbox 264 2382 354 2441; x_wconf 89' lang='lat' dir='ltr'><strong><em>additi</em></strong></span> <span class='ocrx_word' id='word_1_179' title='bbox 388 2388 467 2449; x_wconf 91' lang='lat' dir='ltr'><strong><em>sunt,</em></strong></span> <span class='ocrx_word' id='word_1_180' title='bbox 491 2382 670 2460; x_wconf 89' lang='lat' dir='ltr'><strong><em>praesertim</em></strong></span> <span class='ocrx_word' id='word_1_181' title='bbox 703 2396 775 2439; x_wconf 82' lang='lat' dir='ltr'><strong><em>vero</em></strong></span> <span class='ocrx_word' id='word_1_182' title='bbox 807 2380 871 2439; x_wconf 87' lang='lat' dir='ltr'><strong><em>dics</em></strong></span> <span class='ocrx_word' id='word_1_183' title='bbox 892 2381 984 2441; x_wconf 87' lang='lat' dir='ltr'><strong><em>iestus</em></strong></span> <span class='ocrx_word' id='word_1_184' title='bbox 1014 2379 1157 2457; x_wconf 83' lang='lat' dir='ltr'><strong><em>Corporis</em></strong></span> 
     </span>
     <span class='ocr_line' id='line_1_28' title="bbox 127 2460 1155 2539; baseline -0.001 -15"><span class='ocrx_word' id='word_1_185' title='bbox 127 2525 129 2529; x_wconf 80' lang='grc'><strong>,</strong></span> <span class='ocrx_word' id='word_1_186' title='bbox 199 2460 322 2531; x_wconf 90' lang='lat' dir='ltr'><strong><em>Christi,</em></strong></span> <span class='ocrx_word' id='word_1_187' title='bbox 347 2465 398 2539; x_wconf 92' lang='lat' dir='ltr'><strong><em>qui</em></strong></span> <span class='ocrx_word' id='word_1_188' title='bbox 419 2464 470 2523; x_wconf 90' lang='lat' dir='ltr'><strong><em>diu</em></strong></span> <span class='ocrx_word' id='word_1_189' title='bbox 493 2469 560 2539; x_wconf 85' lang='lat' dir='ltr'><strong><em>post</em></strong></span> <span class='ocrx_word' id='word_1_190' title='bbox 575 2480 685 2522; x_wconf 92' lang='lat' dir='ltr'><strong><em>annum</em></strong></span> <span class='ocrx_word' id='word_1_191' title='bbox 709 2461 901 2521; x_wconf 88' lang='lat' dir='ltr'><strong><em>millesimum</em></strong></span> <span class='ocrx_word' id='word_1_192' title='bbox 924 2463 1070 2522; x_wconf 85' lang='lat' dir='ltr'><strong><em>celebrari</em></strong></span> <span class='ocrx_word' id='word_1_193' title='bbox 1085 2480 1155 2523; x_wconf 86' lang='lat' dir='ltr'><strong><em>coe·</em></strong></span> 
     </span>
     <span class='ocr_line' id='line_1_29' title="bbox 199 2542 1183 2623; baseline 0 -19"><span class='ocrx_word' id='word_1_194' title='bbox 199 2546 294 2623; x_wconf 89' lang='lat' dir='ltr'><strong><em>pitin</em></strong></span> <span class='ocrx_word' id='word_1_195' title='bbox 315 2547 456 2608; x_wconf 85' lang='lat' dir='ltr'><strong><em>universa</em></strong></span> <span class='ocrx_word' id='word_1_196' title='bbox 478 2542 623 2616; x_wconf 86' lang='lat' dir='ltr'><strong><em>Ecclesia,</em></strong></span> <span class='ocrx_word' id='word_1_197' title='bbox 645 2542 766 2604; x_wconf 91' lang='lat' dir='ltr'><strong><em>Urbano</em></strong></span> <span class='ocrx_word' id='word_1_198' title='bbox 779 2542 823 2603; x_wconf 88' lang='lat' dir='ltr'><strong><em>lv</em></strong></span> <span class='ocrx_word' id='word_1_199' title='bbox 843 2542 985 2604; x_wconf 86' lang='lat' dir='ltr'><strong><em>Pontificc</em></strong></span> <span class='ocrx_word' id='word_1_200' title='bbox 1006 2544 1152 2614; x_wconf 86' lang='lat' dir='ltr'><strong><em>Maximo,</em></strong></span> <span class='ocrx_word' id='word_1_201' title='bbox 1174 2605 1183 2611; x_wconf 74' lang='grc'>,</span> 
     </span>
     <span class='ocr_line' id='line_1_30' title="bbox 200 2628 543 2688; baseline -0.006 -1"><span class='ocrx_word' id='word_1_202' title='bbox 200 2628 243 2687; x_wconf 91' lang='lat' dir='ltr'><strong><em>uti</em></strong></span> <span class='ocrx_word' id='word_1_203' title='bbox 267 2632 403 2688; x_wconf 90' lang='lat' dir='ltr'><strong><em>auctores</em></strong></span> <span class='ocrx_word' id='word_1_204' title='bbox 424 2628 543 2688; x_wconf 89' lang='lat' dir='ltr'><strong><em>docent.</em></strong></span> 
     </span>
    </p>

    <p class='ocr_par' dir='ltr' id='par_1_5' title="bbox 243 2706 1156 2788">
     <span class='ocr_line' id='line_1_31' title="bbox 243 2706 1156 2788; baseline 0.001 -21"><span class='ocrx_word' id='word_1_205' title='bbox 243 2706 298 2767; x_wconf 90' lang='lat' dir='ltr'><strong><em>Vl.</em></strong></span> <span class='ocrx_word' id='word_1_206' title='bbox 313 2710 471 2788; x_wconf 82' lang='lat' dir='ltr'><strong><em>Magorum</em></strong></span> <span class='ocrx_word' id='word_1_207' title='bbox 483 2709 645 2770; x_wconf 86' lang='lat' dir='ltr'><strong><em>aduentum</em></strong></span> <span class='ocrx_word' id='word_1_208' title='bbox 659 2711 689 2766; x_wconf 86' lang='lat' dir='ltr'><strong><em>et</em></strong></span> <span class='ocrx_word' id='word_1_209' title='bbox 700 2707 903 2768; x_wconf 85' lang='lat' dir='ltr'><strong><em>adorationem</em></strong></span> <span class='ocrx_word' id='word_1_210' title='bbox 919 2714 1021 2767; x_wconf 87' lang='lat' dir='ltr'><strong><em>narrat</em></strong></span> <span class='ocrx_word' id='word_1_211' title='bbox 1032 2707 1063 2768; x_wconf 86' lang='lat' dir='ltr'><strong><em>S.</em></strong></span> <span class='ocrx_word' id='word_1_212' title='bbox 1076 2706 1156 2768; x_wconf 86' lang='lat' dir='ltr'><strong><em>Mat-</em></strong></span> 
     </span>
    </p>
   </div>
   <div class='ocr_carea' id='block_1_5' title="bbox 107 2788 1156 2871">
    <p class='ocr_par' dir='ltr' id='par_1_6' title="bbox 107 2788 1156 2871">
     <span class='ocr_line' id='line_1_32' title="bbox 107 2788 1156 2871; baseline 0.003 -24"><span class='ocrx_word' id='word_1_213' title='bbox 107 2842 109 2847; x_wconf 91' lang='lat'><strong><em>.</em></strong></span> <span class='ocrx_word' id='word_1_214' title='bbox 200 2789 309 2851; x_wconf 86' lang='lat' dir='ltr'><strong><em>thaeus</em></strong></span> <span class='ocrx_word' id='word_1_215' title='bbox 339 2789 413 2871; x_wconf 91' lang='lat' dir='ltr'><strong><em>Cap.</em></strong></span> <span class='ocrx_word' id='word_1_216' title='bbox 438 2791 476 2852; x_wconf 93' lang='lat' dir='ltr'><strong><em>ll.</em></strong></span> <span class='ocrx_word' id='word_1_217' title='bbox 501 2790 607 2851; x_wconf 82' lang='lat' dir='ltr'><strong><em>Refert</em></strong></span> <span class='ocrx_word' id='word_1_218' title='bbox 627 2788 732 2868; x_wconf 85' lang='lat' dir='ltr'><strong><em>Magos</em></strong></span> <span class='ocrx_word' id='word_1_219' title='bbox 763 2789 800 2850; x_wconf 91' lang='lat' dir='ltr'><strong><em>ab</em></strong></span> <span class='ocrx_word' id='word_1_220' title='bbox 822 2788 945 2849; x_wconf 88' lang='lat' dir='ltr'><strong><em>Oriente</em></strong></span> <span class='ocrx_word' id='word_1_221' title='bbox 976 2789 1156 2869; x_wconf 73' lang='lat' dir='ltr'><strong><em>Hierosoly-</em></strong></span> 
     </span>
    </p>
   </div>
   <div class='ocr_carea' id='block_1_6' title="bbox 200 2870 1156 2951">
    <p class='ocr_par' dir='ltr' id='par_1_7' title="bbox 200 2870 1156 2951">
     <span class='ocr_line' id='line_1_33' title="bbox 200 2870 1156 2951; baseline -0.001 -19"><span class='ocrx_word' id='word_1_222' title='bbox 200 2890 280 2933; x_wconf 89' lang='lat' dir='ltr'><strong><em>mam</em></strong></span> <span class='ocrx_word' id='word_1_223' title='bbox 298 2874 433 2944; x_wconf 80' lang='lat' dir='ltr'><strong><em>venisse3</em></strong></span> <span class='ocrx_word' id='word_1_224' title='bbox 456 2878 666 2951; x_wconf 88' lang='lat' dir='ltr'><strong><em>percunctatos</em></strong></span> <span class='ocrx_word' id='word_1_225' title='bbox 681 2872 733 2933; x_wconf 91' lang='lat' dir='ltr'><strong><em>ubi</em></strong></span> <span class='ocrx_word' id='word_1_226' title='bbox 748 2879 836 2932; x_wconf 91' lang='lat' dir='ltr'><strong><em>natus</em></strong></span> <span class='ocrx_word' id='word_1_227' title='bbox 857 2879 937 2931; x_wconf 86' lang='lat' dir='ltr'><strong><em>essct</em></strong></span> <span class='ocrx_word' id='word_1_228' title='bbox 951 2870 1015 2929; x_wconf 84' lang='lat' dir='ltr'><strong><em>Rex</em></strong></span> <span class='ocrx_word' id='word_1_229' title='bbox 1026 2871 1156 2931; x_wconf 86' lang='lat' dir='ltr'><strong><em>ludaeo-</em></strong></span> 
     </span>
    </p>
   </div>
   <div class='ocr_carea' id='block_1_7' title="bbox 105 2953 1253 3115">
    <p class='ocr_par' dir='ltr' id='par_1_8' title="bbox 105 2953 1253 3115">
     <span class='ocr_line' id='line_1_34' title="bbox 199 2953 1253 3029; baseline -0.001 -14"><span class='ocrx_word' id='word_1_230' title='bbox 199 2972 288 3026; x_wconf 82' lang='lat' dir='ltr'><strong><em>rum3</em></strong></span> <span class='ocrx_word' id='word_1_231' title='bbox 311 2973 343 3016; x_wconf 90' lang='lat' dir='ltr'><strong><em>se</em></strong></span> <span class='ocrx_word' id='word_1_232' title='bbox 366 2958 445 3016; x_wconf 88' lang='lat' dir='ltr'><strong><em>enim</em></strong></span> <span class='ocrx_word' id='word_1_233' title='bbox 468 2955 583 3017; x_wconf 87' lang='lat' dir='ltr'><strong><em>stellam</em></strong></span> <span class='ocrx_word' id='word_1_234' title='bbox 605 2955 636 3013; x_wconf 94' lang='lat' dir='ltr'><strong><em>in</em></strong></span> <span class='ocrx_word' id='word_1_235' title='bbox 657 2954 779 3014; x_wconf 88' lang='lat' dir='ltr'><strong><em>Oriente</em></strong></span> <span class='ocrx_word' id='word_1_236' title='bbox 801 2953 987 3029; x_wconf 90' lang='lat' dir='ltr'><strong><em>conspicatos</em></strong></span> <span class='ocrx_word' id='word_1_237' title='bbox 1012 2953 1080 3013; x_wconf 91' lang='lat' dir='ltr'><strong><em>ideo</em></strong></span> <span class='ocrx_word' id='word_1_238' title='bbox 1100 2970 1155 3014; x_wconf 83' lang='lat' dir='ltr'><strong><em>re·</em></strong></span> <span class='ocrx_word' id='word_1_239' title='bbox 1252 2967 1253 3014; x_wconf 67' lang='lat' dir='ltr'><strong><em>t</em></strong></span> 
     </span>
     <span class='ocr_line' id='line_1_35' title="bbox 105 3035 1155 3115; baseline -0.001 -20"><span class='ocrx_word' id='word_1_240' title='bbox 105 3058 107 3063; x_wconf 95' lang='lat'>·</span> <span class='ocrx_word' id='word_1_241' title='bbox 200 3037 290 3105; x_wconf 81' lang='lat' dir='ltr'><strong><em>nisse,</em></strong></span> <span class='ocrx_word' id='word_1_242' title='bbox 315 3042 348 3097; x_wconf 94' lang='lat' dir='ltr'><strong><em>ut</em></strong></span> <span class='ocrx_word' id='word_1_243' title='bbox 370 3056 440 3100; x_wconf 88' lang='lat' dir='ltr'><strong><em>eum</em></strong></span> <span class='ocrx_word' id='word_1_244' title='bbox 462 3038 634 3098; x_wconf 87' lang='lat' dir='ltr'><strong><em>adorarent.</em></strong></span> <span class='ocrx_word' id='word_1_245' title='bbox 661 3035 796 3097; x_wconf 77' lang='lat' dir='ltr'><strong><em>Vidimus</em></strong></span> <span class='ocrx_word' id='word_1_246' title='bbox 811 3035 890 3094; x_wconf 88' lang='lat' dir='ltr'><strong><em>enim</em></strong></span> <span class='ocrx_word' id='word_1_247' title='bbox 904 3036 1020 3094; x_wconf 82' lang='lat' dir='ltr'><strong><em>stellam</em></strong></span> <span class='ocrx_word' id='word_1_248' title='bbox 1035 3038 1099 3115; x_wconf 79' lang='lat' dir='ltr'><strong><em>ejas</em></strong></span> <span class='ocrx_word' id='word_1_249' title='bbox 1118 3036 1155 3095; x_wconf 83' lang='lat' dir='ltr'><strong><em>in</em></strong></span> 
     </span>
    </p>
   </div>
   <div class='ocr_carea' id='block_1_8' title="bbox 205 3115 1154 3187">
    <p class='ocr_par' dir='ltr' id='par_1_9' title="bbox 205 3115 1154 3187">
     <span class='ocr_line' id='line_1_36' title="bbox 205 3115 1154 3187; baseline 0 -10"><span class='ocrx_word' id='word_1_250' title='bbox 205 3116 336 3187; x_wconf 83' lang='lat' dir='ltr'><strong><em>Oriente,</em></strong></span> <span class='ocrx_word' id='word_1_251' title='bbox 365 3132 392 3181; x_wconf 90' lang='lat' dir='ltr'><strong><em>et</em></strong></span> <span class='ocrx_word' id='word_1_252' title='bbox 406 3121 541 3181; x_wconf 80' lang='lat' dir='ltr'><strong><em>uenientes</em></strong></span> <span class='ocrx_word' id='word_1_253' title='bbox 566 3117 696 3179; x_wconf 89' lang='lat' dir='ltr'><strong><em>adorare</em></strong></span> <span class='ocrx_word' id='word_1_254' title='bbox 713 3135 788 3176; x_wconf 81' lang='lat' dir='ltr'><strong><em>earn.</em></strong></span> <span class='ocrx_word' id='word_1_255' title='bbox 814 3115 925 3177; x_wconf 86' lang='lat' dir='ltr'><strong><em>Variae</em></strong></span> <span class='ocrx_word' id='word_1_256' title='bbox 947 3124 1016 3176; x_wconf 89' lang='lat' dir='ltr'><strong><em>sunt</em></strong></span> <span class='ocrx_word' id='word_1_257' title='bbox 1038 3119 1074 3177; x_wconf 90' lang='lat' dir='ltr'><strong><em>de</em></strong></span> <span class='ocrx_word' id='word_1_258' title='bbox 1096 3116 1154 3177; x_wconf 90' lang='lat' dir='ltr'><strong><em>hac</em></strong></span> 
     </span>
    </p>
   </div>
   <div class='ocr_carea' id='block_1_9' title="bbox 200 3198 1252 3359">
    <p class='ocr_par' dir='ltr' id='par_1_10' title="bbox 200 3198 1252 3359">
     <span class='ocr_line' id='line_1_37' title="bbox 200 3198 1252 3284; baseline 0 -23"><span class='ocrx_word' id='word_1_259' title='bbox 200 3198 293 3261; x_wconf 86' lang='lat' dir='ltr'><strong><em>Stella</em></strong></span> <span class='ocrx_word' id='word_1_260' title='bbox 308 3202 482 3261; x_wconf 86' lang='lat' dir='ltr'><strong><em>sententiae.</em></strong></span> <span class='ocrx_word' id='word_1_261' title='bbox 505 3199 644 3261; x_wconf 89' lang='lat' dir='ltr'><strong><em>Nonnulli</em></strong></span> <span class='ocrx_word' id='word_1_262' title='bbox 656 3204 772 3276; x_wconf 84' lang='lat' dir='ltr'><strong><em>putant.</em></strong></span> <span class='ocrx_word' id='word_1_263' title='bbox 797 3198 889 3259; x_wconf 88' lang='lat' dir='ltr'><strong><em>luisse</em></strong></span> <span class='ocrx_word' id='word_1_264' title='bbox 900 3204 1015 3258; x_wconf 91' lang='lat' dir='ltr'><strong><em>astrum</em></strong></span> <span class='ocrx_word' id='word_1_265' title='bbox 1038 3216 1154 3261; x_wconf 86' lang='lat' dir='ltr'><strong><em>novum</em></strong></span> <span class='ocrx_word' id='word_1_266' title='bbox 1251 3233 1252 3284; x_wconf 68' lang='lat' dir='ltr'><strong><em>i</em></strong></span> 
     </span>
     <span class='ocr_line' id='line_1_38' title="bbox 200 3281 1152 3359; baseline -0.002 -18"><span class='ocrx_word' id='word_1_267' title='bbox 200 3284 312 3341; x_wconf 87' lang='lat' dir='ltr'><strong><em>micans</em></strong></span> <span class='ocrx_word' id='word_1_268' title='bbox 334 3284 363 3341; x_wconf 92' lang='lat' dir='ltr'><strong><em>in</em></strong></span> <span class='ocrx_word' id='word_1_269' title='bbox 379 3299 471 3352; x_wconf 79' lang='lat' dir='ltr'><strong><em>aere3</em></strong></span> <span class='ocrx_word' id='word_1_270' title='bbox 496 3282 640 3348; x_wconf 87' lang='lat' dir='ltr'><strong><em>nonnulli,</em></strong></span> <span class='ocrx_word' id='word_1_271' title='bbox 663 3281 815 3359; x_wconf 83' lang='lat' dir='ltr'><strong><em>Angelum</em></strong></span> <span class='ocrx_word' id='word_1_272' title='bbox 830 3296 975 3356; x_wconf 85' lang='lat' dir='ltr'><strong><em>corporea</em></strong></span> <span class='ocrx_word' id='word_1_273' title='bbox 990 3282 1063 3340; x_wconf 84' lang='lat' dir='ltr'><strong><em>luce</em></strong></span> <span class='ocrx_word' id='word_1_274' title='bbox 1079 3282 1152 3340; x_wconf 84' lang='lat' dir='ltr'><strong><em>cmi·</em></strong></span> 
     </span>
    </p>
   </div>
   <div class='ocr_carea' id='block_1_10' title="bbox 201 3360 1151 3442">
    <p class='ocr_par' dir='ltr' id='par_1_11' title="bbox 201 3360 1151 3442">
     <span class='ocr_line' id='line_1_39' title="bbox 201 3360 1151 3442; baseline -0.001 -18"><span class='ocrx_word' id='word_1_275' title='bbox 201 3370 318 3425; x_wconf 87' lang='lat' dir='ltr'><strong><em>cantem</em></strong></span> <span class='ocrx_word' id='word_1_276' title='bbox 353 3364 380 3422; x_wconf 92' lang='lat' dir='ltr'><strong><em>in</em></strong></span> <span class='ocrx_word' id='word_1_277' title='bbox 402 3366 475 3425; x_wconf 89' lang='lat' dir='ltr'><strong><em>astri</em></strong></span> <span class='ocrx_word' id='word_1_278' title='bbox 497 3364 649 3442; x_wconf 83' lang='lat' dir='ltr'><strong><em>figuram3</em></strong></span> <span class='ocrx_word' id='word_1_279' title='bbox 683 3361 815 3423; x_wconf 93' lang='lat' dir='ltr'><strong><em>nonnulli</em></strong></span> <span class='ocrx_word' id='word_1_280' title='bbox 844 3361 985 3436; x_wconf 89' lang='lat' dir='ltr'><strong><em>Spiritum</em></strong></span> <span class='ocrx_word' id='word_1_281' title='bbox 1008 3360 1151 3423; x_wconf 87' lang='lat' dir='ltr'><strong><em>Sanctum</em></strong></span> 
     </span>
    </p>
   </div>
   <div class='ocr_carea' id='block_1_11' title="bbox 124 3441 1251 3691">
    <p class='ocr_par' dir='ltr' id='par_1_12' title="bbox 124 3441 1251 3691">
     <span class='ocr_line' id='line_1_40' title="bbox 124 3441 1150 3524; baseline -0.004 -15"><span class='ocrx_word' id='word_1_282' title='bbox 124 3470 130 3483; x_wconf 91' lang='lat'><strong>·</strong></span> <span class='ocrx_word' id='word_1_283' title='bbox 200 3446 256 3508; x_wconf 87' lang='lat' dir='ltr'><strong><em>sub</em></strong></span> <span class='ocrx_word' id='word_1_284' title='bbox 279 3452 430 3523; x_wconf 87' lang='lat' dir='ltr'><strong><em>assumpta</em></strong></span> <span class='ocrx_word' id='word_1_285' title='bbox 451 3448 524 3507; x_wconf 89' lang='lat' dir='ltr'><strong><em>astri</em></strong></span> <span class='ocrx_word' id='word_1_286' title='bbox 545 3446 671 3524; x_wconf 82' lang='lat' dir='ltr'><strong><em>specie3</em></strong></span> <span class='ocrx_word' id='word_1_287' title='bbox 705 3444 798 3505; x_wconf 85' lang='lat' dir='ltr'><strong><em>ceteri</em></strong></span> <span class='ocrx_word' id='word_1_288' title='bbox 829 3441 1004 3502; x_wconf 82' lang='lat' dir='ltr'><strong><em>flammeum</em></strong></span> <span class='ocrx_word' id='word_1_289' title='bbox 1027 3444 1150 3521; x_wconf 88' lang='lat' dir='ltr'><strong><em>aliquod</em></strong></span> 
     </span>
     <span class='ocr_line' id='line_1_41' title="bbox 199 3521 1251 3607; baseline -0.002 -18"><span class='ocrx_word' id='word_1_290' title='bbox 199 3528 430 3607; x_wconf 86' lang='lat' dir='ltr'><strong><em>phaenomcnon</em></strong></span> <span class='ocrx_word' id='word_1_291' title='bbox 453 3530 482 3588; x_wconf 92' lang='lat' dir='ltr'><strong><em>in</em></strong></span> <span class='ocrx_word' id='word_1_292' title='bbox 505 3529 603 3589; x_wconf 86' lang='lat' dir='ltr'><strong><em>media</em></strong></span> <span class='ocrx_word' id='word_1_293' title='bbox 629 3528 709 3587; x_wconf 90' lang='lat' dir='ltr'><strong><em>aeris</em></strong></span> <span class='ocrx_word' id='word_1_294' title='bbox 736 3526 884 3603; x_wconf 86' lang='lat' dir='ltr'><strong><em>regione,</em></strong></span> <span class='ocrx_word' id='word_1_295' title='bbox 910 3521 995 3600; x_wconf 85' lang='lat' dir='ltr'><strong><em>juxta</em></strong></span> <span class='ocrx_word' id='word_1_296' title='bbox 1016 3542 1052 3585; x_wconf 89' lang='lat' dir='ltr'><strong><em>ea</em></strong></span> <span class='ocrx_word' id='word_1_297' title='bbox 1074 3543 1154 3603; x_wconf 90' lang='lat' dir='ltr'><strong><em>quae</em></strong></span> <span class='ocrx_word' id='word_1_298' title='bbox 1250 3547 1251 3562; x_wconf 74' lang='lat'>³</span> 
     </span>
     <span class='ocr_line' id='line_1_42' title="bbox 201 3605 1154 3691; baseline -0.001 -20"><span class='ocrx_word' id='word_1_299' title='bbox 201 3608 287 3691; x_wconf 89' lang='lat' dir='ltr'><strong><em>plene</em></strong></span> <span class='ocrx_word' id='word_1_300' title='bbox 309 3610 461 3673; x_wconf 87' lang='lat' dir='ltr'><strong><em>hahentur</em></strong></span> <span class='ocrx_word' id='word_1_301' title='bbox 475 3611 554 3688; x_wconf 86' lang='lat' dir='ltr'><strong><em>apud</em></strong></span> <span class='ocrx_word' id='word_1_302' title='bbox 569 3608 686 3675; x_wconf 86' lang='lat' dir='ltr'><strong><em>Calmet</em></strong></span> <span class='ocrx_word' id='word_1_303' title='bbox 699 3609 733 3667; x_wconf 88' lang='lat' dir='ltr'><strong><em>in</em></strong></span> <span class='ocrx_word' id='word_1_304' title='bbox 743 3625 799 3668; x_wconf 85' lang='lat' dir='ltr'><strong><em>sao</em></strong></span> <span class='ocrx_word' id='word_1_305' title='bbox 811 3605 1022 3668; x_wconf 86' lang='lat' dir='ltr'><strong><em>Dissertatione</em></strong></span> <span class='ocrx_word' id='word_1_306' title='bbox 1036 3609 1071 3666; x_wconf 92' lang='lat' dir='ltr'><strong><em>in</em></strong></span> <span class='ocrx_word' id='word_1_307' title='bbox 1085 3606 1154 3670; x_wconf 86' lang='lat' dir='ltr'><strong><em>Mo·</em></strong></span> 
     </span>
    </p>
   </div>
   <div class='ocr_carea' id='block_1_12' title="bbox 0 0 1264 4059">
    <p class='ocr_par' dir='ltr' id='par_1_13' title="bbox 0 0 1264 4059">
     <span class='ocr_line' id='line_1_43' title="bbox 0 0 1264 4059; baseline 0 0"><span class='ocrx_word' id='word_1_308' title='bbox 0 0 1264 4059; x_wconf 95' lang='lat' dir='ltr'><strong><em> </em></strong></span> 
     </span>
    </p>
   </div>
  </div>
 </body>
</html>
