2517 4059
574 183 800 255 &limitta-

211 333 283 373 uum
306 320 395 381 erat,
419 321 454 375 ut
476 315 636 385 nocturni,
660 321 693 375 et
714 314 851 375 matutini
872 310 970 373 Offlcii
993 315 1109 373 teneret
1125 310 1168 369 lo-

209 414 300 464 cum,
323 397 476 464 videlicet,
499 396 708 463 hlatutinum,
733 396 859 461 Laudes,
883 402 913 454 et
935 394 1057 453 Missam
1078 410 1164 451 com·

208 477 408 555 plecteretur.
423 476 605 552 Micrologus
621 478 695 556 Cap.
716 478 758 537 lX
781 484 813 537 ut
836 481 919 535 notat
941 476 1029 535 etiam
1045 474 1166 533 Garan-

210 566 268 624 tus,
292 560 426 624 Missam,
451 578 540 634 qrram
557 560 685 635 legimus
700 559 752 619 SS.
766 558 929 625 Trinitatis,
947 556 1072 615 Alcuiuo
1089 562 1167 617 taru-

208 657 299 714 quam
323 641 446 700 Auctori
468 641 618 708 attribuit,
642 642 693 702 sed
716 640 782 718 cjds
800 640 916 700 Auctor
932 639 1078 698 Atouinus
1094 652 1166 715 pro·

208 721 289 783 lecto
311 740 370 781 non
392 727 448 791 est,
474 728 506 780 ut
526 719 589 797 jam
611 723 760 783 doctiores
782 729 956 799 agnoscunt.
983 717 1081 778 Codex
1104 716 1166 775 Re·

210 805 322 864 meusis
344 804 421 880 apud
444 802 622 863 Menardum
647 806 720 863 nihil
739 805 830 863 hahet
842 802 934 882 hujus
950 800 1070 867 Missae,
1082 802 1166 883 ⁵sicut

210 887 322 963 pariter
345 903 399 945 nec
422 884 696 945 Sacramentarium
713 885 950 962 Gregorianuma
974 902 1011 943 cx
1027 882 1166 943 Barnous

134 980 139 987 '
210 968 353 1044 Aegiensi
377 974 499 1034 tamen,
521 974 553 1027 ct
574 986 611 1027 ex
635 969 682 1034 iis,
706 986 790 1044 quae
806 967 916 1026 habeut
939 964 1113 1030 Menardus,
1137 967 1167 1021 ct

210 1046 361 1108 Pometios
384 1050 413 1106 in
429 1046 513 1107 Notis
528 1048 850 1109 resacramenrarium
863 1048 893 1107 S.
907 1044 1055 1122 Gregorii,
1074 1042 1167 1121 conji-

209 1148 280 1189 cere
314 1147 473 1206 possumus
503 1130 558 1189 hae
581 1130 628 1190 die
651 1132 835 1191 mentionem
858 1130 988 1204 aliquam
1011 1126 1166 1185 Trinitatis

205 1217 276 1271 'esse
298 1212 463 1286 antiquitus
490 1209 623 1280 iactam,
647 1231 704 1271 nou
728 1212 850 1289 quidem
874 1212 902 1269 in
924 1208 1090 1276 Oratione,
1116 1210 1168 1267 aut

209 1291 312 1357 lllissa,
336 1293 387 1352 sed
411 1295 440 1351 in
461 1292 629 1361 versiculis,
654 1298 683 1353 et
696 1292 893 1359 praefatione,
910 1310 987 1367 quae
1002 1290 1123 1367 Pelagio
1139 1285 1166 1347 ll

210 1376 287 1431 solet
308 1371 447 1437 adscribi.
474 1393 530 1432 non
554 1378 625 1450 quia
648 1376 813 1450 pertineret
835 1381 905 1434 tunc
928 1372 964 1431 ad
987 1372 1113 1433 Missam
1129 1371 1164 1431 de

208 1454 373 1523 Trinitatc,
398 1456 467 1531 qrria
491 1458 622 1515 nondum
645 1458 780 1517 instituta
803 1462 880 1523 crat,
906 1455 956 1514 sed
980 1455 1048 1531 quia
1071 1454 1165 1513 couti-

211 1538 299 1596 uehat
321 1538 540 1612 expositionem
555 1536 727 1599 Catholicae
751 1536 832 1599 Fidei
855 1542 959 1597 contra
982 1536 1162 1603 haereticos,

210 1621 387 1696 praesertim
404 1620 550 1687 Arianos,
567 1639 670 1695 quarn,
696 1618 868 1695 abjurantes
891 1618 1040 1679 haeresim
1064 1634 1163 1684 suam,

207 1704 240 1759 et
262 1698 426 1760 Ecclesiam
449 1701 659 1776 ingredientes,
677 1702 810 1779 proliteri
830 1699 1023 1778 jubebantur,
1049 1706 1082 1759 ut
1104 1698 1165 1759 aul·

143 1844 152 1863 ,
209 1783 372 1843 madvertit
392 1780 568 1843 Graucolas.
1201 1774 1208 1791 '

569 1942 701 2005 CAPUT
724 1944 809 2006 xlv.

442 2124 485 2167 nu
507 2124 606 2167 resno
628 2124 778 2167 scurnum
801 2124 934 2169 ounrsrr.

252 2267 278 2327 I.
302 2267 428 2327 Festum
453 2266 650 2330 sacratissimi
674 2268 814 2347 Corporis
835 2268 946 2329 Christi
969 2269 1097 2345 primam
1121 2263 1163 2323 sui

139 2406 141 2410 .
209 2350 357 2425 originem
381 2349 471 2408 debet
492 2348 717 2411 leodiensibus.
742 2352 791 2425 qui
815 2358 883 2411 autc
899 2369 1002 2411 omnes
1018 2346 1165 2407 Ecclesiae

211 2431 282 2490 illud
307 2436 497 2505 receperunt,
524 2433 666 2493 hortante
689 2434 865 2507 praesertim
887 2433 920 2492 B.
947 2432 1058 2492 luliaua
1082 2429 1164 2488 lllon-

117 2558 121 2562 .
212 2513 249 2571 tis
271 2512 493 2589 Corneliiapud
506 2512 654 2573 leodium
672 2513 906 2577 sanctimoniali,
924 2523 954 2574 et
971 2514 1164 2589 promovente

211 2592 354 2657 Roberro,
378 2592 512 2670 ejusdem
537 2596 665 2654 civitatis
689 2594 849 2671 Episcopo,
873 2598 919 2655 cui
942 2614 1010 2655 cum
1033 2592 1164 2652 lullanae

211 2675 249 2734 de
272 2675 453 2735 restituenda
479 2695 555 2736 nova
579 2675 740 2737 testivitate
757 2682 859 2737 votum
876 2674 1116 2752 compromissae
1134 2675 1164 2729 ιιι

211 2756 325 2817 habeut
345 2757 422 2816 Acta
444 2755 475 2815 S.
502 2757 633 2816 luliauae
645 2760 733 2833 ¹arrud
750 2757 923 2818 Bollaudum
940 2759 959 2819 5
976 2756 1085 2833 Aprilis
1103 2751 1164 2812 uui-

210 2839 307 2898 versis
327 2836 548 2899 Ecclesiasticis
571 2858 644 2899 snae
668 2840 850 2907 dioeceseos,
876 2858 929 2917 per
944 2840 1111 2915 elegantem
1128 2830 1164 2891 E-

210 2921 349 2996 pistolam
374 2923 547 2998 praecepit,
577 2923 672 2997 ipsam
696 2922 914 2981 solemnitatem
938 2920 1060 2997 singulis
1082 2916 1163 2975 aunis

88 3049 95 3058 .
209 3002 259 3061 die
282 3002 318 3059 ad
341 3002 398 3061 hoc
421 3008 533 3062 statuto
558 3020 627 3063 cum
651 3002 757 3062 Ollicio
779 3003 936 3069 celebrari,
954 3009 984 3063 et
1006 3003 1043 3060 ab
1058 3014 1162 3061 eorum
1251 3014 1252 3057 ι

210 3081 348 3143 fidelibus
371 3086 449 3143 sicut
471 3085 550 3143 diem
574 3085 760 3144 Dominicam
783 3085 820 3144 ab
846 3084 925 3143 omui
953 3083 1053 3143 servili
1075 3094 1163 3157 opere
1251 3078 1252 3097 ¹

210 3165 400 3228 inviolabiter
433 3165 599 3225 observari.
623 3163 717 3225 Porro
749 3184 786 3227 ne
819 3166 953 3241 piissimo
974 3163 1162 3223 fraudaretur
1251 3170 1252 3239 ι

210 3251 280 3305 voto
303 3244 463 3313 Robertus,
481 3248 637 3323 proposuit
659 3248 686 3304 in
709 3265 762 3307 sua
784 3246 923 3323 Synodo,
947 3245 1027 3322 quod
1051 3260 1104 3321 per
1126 3238 1161 3300 E·

210 3327 349 3404 pistolam
372 3332 517 3387 statuerat
539 3329 608 3385 viva
630 3346 704 3388 roco
727 3327 899 3389 solemniter
922 3328 1088 3404 publicare.
1105 3324 1162 3384 Ve-

212 3425 280 3468 rum
304 3410 368 3485 ipse
390 3415 485 3467 morte
509 3414 689 3487 praeventus
710 3416 844 3470 sanctum
863 3410 1096 3484 haudquaquam
1114 3422 1162 3483 po·
1251 3416 1252 3475 ι

213 3490 270 3548 tuit
301 3488 466 3565 adimplere
490 3494 687 3567 propositum.
712 3490 864 3567 AtHugo
887 3491 917 3551 S.
942 3490 979 3549 ll.
1005 3488 1041 3549 E.
1065 3486 1162 3548 Cardl·
1201 3546 1205 3554 ,
1251 3520 1252 3543 ι

199 3571 285 3630 natis
319 3572 356 3629 ad
378 3578 478 3648 partes
501 3567 697 3657 Alemanniae
720 3592 737 3633 a
760 3573 876 3639 Summi
898 3571 1049 3633 Pontificis
1072 3570 1161 3631 latere
