2517 4059
493 209 553 269 «eu
577 198 634 257 ll?
657 206 717 267 terr·

122 320 195 388 eico
211 334 314 386 temen
325 288 492 405 differretis
505 324 609 408 suffieit
620 326 662 387 ad
673 328 725 389 hoe
737 326 814 407 quod
826 329 934 408 uliquis
945 326 1083 393 uideatur

121 405 161 463 irs
187 407 292 468 elisus
317 405 406 489 effigie
429 424 586 485 opperire.
617 408 700 473 licet
727 416 793 487 post
820 406 1083 473 Resurrectionem

121 503 139 550 e
162 485 269 552 clause
292 496 485 550 monumento
508 489 642 559 exierit,
671 498 701 552 et
722 492 831 551 clausis
851 490 950 569 januis
973 493 1009 551 atl
1034 490 1083 553 Di·

122 568 261 643 scipulos
284 570 450 636 intraverit,
474 570 502 629 id
525 589 582 630 non
605 590 642 631 ex
659 579 775 645 natura,
801 573 841 632 uti
865 574 1006 637 observat
1021 574 1084 633 Au·

121 650 244 726 gelicus
267 648 388 713 Doctor.
412 651 555 729 eorporis,
579 653 630 711 serl
655 656 754 731 potius
775 672 811 715 ex
834 655 946 715 virtute
969 654 1083 715 Divini-

121 732 195 797 tatis
218 733 343 802 unitae,
377 729 447 791 illud
472 751 580 811 eorpus
601 733 637 792 ad
662 735 851 813 Discipulos,
883 734 1081 797 hostrorum

121 820 214 883 esset,
228 814 341 883 elauris
349 812 450 893 januis
465 815 607 875 introivit.
627 814 665 877 Et
678 816 770 877 Divus
783 816 965 893 Augustinus
977 816 1079 879 Traet.

123 893 183 958 121
202 913 296 974 super
318 894 461 955 loannem
485 894 561 955 Moti
575 898 706 975 corporis
728 900 834 975 inquit,
859 899 911 961 uhi
926 898 1082 961 Divinitas

12 982 17 1008 ⁶
122 990 201 1049 eret,
227 976 305 1038 ostie
327 977 435 1049 clause,
451 996 509 1037 son
531 979 715 1041 obstiterunt.
740 978 899 1041 Praeterea
915 980 1080 1041 seeundum

122 1057 232 1126 Fiilem
255 1058 416 1120 tenendum
438 1064 496 1127 est,
522 1060 550 1119 in
572 1056 705 1136 Corpore
726 1060 795 1123 lesu
811 1059 920 1121 Christi
945 1066 1009 1139 post
1023 1058 1082 1123 ue·

122 1141 343 1208 surrectionem
367 1138 460 1199 luisse
488 1158 593 1201 omnes
616 1149 718 1219 portes
751 1144 846 1220 ipsum
870 1142 1082 1221 integrautes.

121 1229 158 1285 ut
181 1222 287 1301 prius,
312 1228 342 1281 et
363 1222 454 1280 etiam
478 1224 665 1299 sanguinem.
688 1223 763 1284 Nam
791 1232 824 1285 ut
846 1224 932 1285 docet
954 1223 1084 1284 Sanctus

121 1304 257 1367 Thomas
280 1301 310 1361 3.
336 1307 415 1379 part.
440 1308 538 1377 quest.
563 1302 603 1363 ei
625 1312 684 1366 art.
709 1304 749 1365 2:
778 1304 893 1381 Corpus
915 1306 1027 1369 Christi
1047 1304 1082 1365 irs

122 1386 356 1449 Resurrectioee
370 1383 430 1459 [uit
447 1382 577 1463 ejusdem
592 1396 733 1457 naturae,
751 1384 798 1446 sed
815 1387 939 1447 alterius
954 1388 1079 1467 pieriae.

126 1466 209 1530 Drstle
226 1464 375 1544 quidquid
402 1463 444 1523 eri
466 1475 608 1527 ueterum
636 1471 764 1547 eorporis
790 1468 916 1527 humaui
936 1469 1080 1545 pertinet,

123 1558 218 1615 totum
238 1548 299 1625 tuit
325 1548 359 1605 iu
378 1548 506 1623 Corpore
525 1546 640 1609 Christi
665 1550 860 1628 resurgentis:
884 1546 1082 1627 Manifestum

122 1642 163 1695 stt
185 1640 301 1698 errem,
325 1626 404 1707 quod
426 1624 626 1689 aduerterent
642 1633 772 1711 corperis
788 1630 915 1689 humori
926 1630 1081 1709 pertinent

124 1730 232 1775 earnes
255 1719 284 1769 et
305 1728 370 1771 osse
393 1719 419 1766 et
451 1711 622 1787 respuisti
652 1712 717 1773 elie
736 1710 919 1792 hujusmodi.
953 1708 992 1769 Et
1013 1708 1080 1767 ideo

124 1795 228 1859 omnia
248 1790 309 1852 iste
331 1793 366 1850 in
385 1788 515 1870 Corpore
541 1792 654 1855 Christi
675 1795 856 1870 resurgentis
878 1792 1028 1869 [uernum
1051 1799 1080 1850 st

125 1878 214 1941 etiem
242 1872 433 1952 integraliter
462 1873 569 1951 aesque
592 1875 673 1934 omui
696 1874 919 1935 diminutione:
941 1869 1078 1949 alioquin

126 1977 182 2020 sorr
202 1955 306 2037 [uisset
316 1953 451 2035 perfecto
473 1958 665 2020 resurreetio.

501 2113 628 2179 CAPUT
650 2116 693 2179 X.

415 2295 465 2367 DE.
478 2295 649 2341 PASCHthS
670 2296 780 2343 FESTO.

162 2444 186 2509 l.
205 2441 332 2507 Sanetus
348 2442 411 2503 dies
428 2441 579 2503 Paschatis
595 2442 673 2519 apud
688 2438 870 2502 Christianos
885 2445 931 2501 est
951 2436 1074 2499 Festum

124 2525 280 2589 hestorum
298 2521 336 2604 [ll
353 2524 538 2593 maximums
562 2525 788 2601 appellaturque
806 2542 928 2601 magnus
944 2520 1018 2583 dies.
1043 2522 1079 2585 uli

109 2609 164 2674 -art
185 2605 218 2666 S·
241 2604 370 2669 loannes
391 2604 464 2684 Cap.
488 2603 569 2668 XlX
590 2624 620 2665 v.
638 2604 689 2665 31:
706 2603 835 2683 Magnus
858 2604 918 2669 dies
940 2604 989 2666 ille
1004 2596 1076 2659 Soh-

123 2690 194 2753 tesi.
220 2687 253 2747 ln
269 2687 511 2751 Sacramentario
532 2686 563 2749 S.
579 2685 716 2766 Gregorii
734 2688 901 2765 appellatur
917 2682 1078 2747 Domitios

124 2770 244 2834 Senete.
268 2768 444 2832 Hodiernus
459 2770 534 2839 dies,
556 2770 634 2829 inter
650 2768 779 2847 reliquos
794 2764 1075 2831 excellentissimus.

123 2850 291 2930 appellatur
308 2849 378 2912 Dies
395 2850 527 2919 Domini.
553 2852 601 2909 vel
617 2850 687 2911 Dies
703 2850 886 2911 Dominicis.
912 2848 936 2910 Α
954 2848 984 2907 S.
1002 2844 1079 2905 Gre-

122 2933 207 3010 gorio
228 2928 413 2994 Nazianzeno
439 2930 583 2994 Oratione
605 2930 640 2991 tle
658 2930 799 2991 Pesrhete
822 2929 1005 3008 appellatur:
1028 2921 1078 2985 Fe-

153 3119 193 3181 (1)
212 3117 312 3172 Purus
330 3118 434 3185 proprie
452 3118 564 3173 denotat*
580 3117 748 3178 tremitum,
769 3125 797 3168 ut
816 3114 948 3180 colligitur
966 3130 996 3169 es
1014 3128 1079 3177 roeo

122 3186 260 3239 Hehreieo
278 3184 388 3239 Perosis.
408 3186 551 3254 Improprie
568 3202 628 3241 vero
648 3186 778 3239 Paschetls
796 3184 899 3237 nomine
920 3180 1077 3245 intelligitur

121 3269 206 3320 sgous
218 3252 352 3307 Paschalls
371 3270 385 3305 s
400 3253 460 3308 lillis
472 3254 551 3307 lsrael
565 3252 743 3307 immolandus
756 3260 782 3305 et
795 3248 979 3305 comedendus.
1000 3252 1076 3305 Pres-

122 3324 193 3393 repit
211 3325 281 3376 Deus
299 3322 418 3375 Hebraeo
437 3322 533 3393 populo
551 3330 581 3375 ut
598 3324 650 3373 hot:
668 3326 778 3375 Festum
796 3320 958 3380 celebraret,
979 3324 1077 3373 etme-

122 3391 235 3443 moriam
255 3389 364 3444 maximi
383 3391 500 3442 beneficti
513 3392 650 3453 recoleres,
670 3404 729 3441 eum
749 3404 778 3441 er
792 3390 978 3459 Aegyptlorom
998 3384 1079 3438 serri-

122 3458 248 3511 russinis
265 3468 381 3526 ereptras,
400 3468 428 3511 et
445 3460 630 3512 exterminator
648 3460 766 3523 Angelus
785 3459 974 3523 primogenitos
993 3460 1078 3521 Δεω-

121 3527 383 3593 pstomutotrrtests.
394 3527 571 3583 llehrseomm
584 3528 675 3579 domos
688 3529 859 3595 preteriens,
869 3526 1077 3593 qusesensuiue

122 3596 181 3663 agni
199 3596 284 3665 pridie
300 3594 361 3661 ejus
377 3595 429 3651 (liei
447 3595 577 3657 irnmoleti
594 3603 684 3649 essent
703 3608 847 3660 respersae.
