2517 4059
488 180 713 253 4103951111»

115 308 261 378 Patrem,
284 310 350 369 cani
372 308 448 371 vult.
470 306 638 370 Concilium
659 307 882 371 Mediolaneuse
897 310 942 371 lll
964 315 1079 388 praeci-

117 380 184 468 pit',
219 392 349 452 utillud
377 393 498 453 omniuo
526 391 644 453 Chorus
671 393 735 451 sine
763 392 868 469 organi
895 393 1088 455 adminiculo

116 474 268 533 concinat.
299 472 389 536 Liber
412 474 464 550 qui
488 472 607 551 Agenda
635 471 739 550 Spirae
760 474 890 543 dicitur,
922 492 971 534 an.
997 475 1076 536 1511

116 554 199 615 idem
222 554 423 625 commendat,
448 562 479 615 01
493 554 659 616 Concilium
675 552 889 625 Cameracense
905 574 983 616 anno
999 554 1079 617 root

117 635 223 696 subdit
236 654 293 695 non
310 655 375 697 esse
392 636 558 697 cauendum
574 654 645 696 cum
661 636 784 697 musicis
807 635 915 705 modis,
939 639 994 697 nisi
1011 638 1080 697 sim·

114 716 212 795 plipes
234 719 306 788 sint,
329 723 360 778 et
381 720 444 777 sine
467 718 680 796 repetionibus.
704 716 971 780 Dominicanorum
989 736 1080 795 gene-

112 799 193 859 ralia
216 798 352 876 Capitula
376 798 561 871 barcinone,
586 797 798 868 Salmanticae,
822 800 953 876 alibique
976 800 1078 860 habita

113 882 397 957 praescripserunt,
422 888 455 942 ut
478 899 535 941 non
558 879 647 941 modo
670 884 765 939 totum
789 898 806 939 a
826 880 928 941 Chore
949 882 1077 960 Symbo-

113 963 179 1024 lum
202 969 372 1023 oaneretnr,
397 962 448 1023 sed
472 962 552 1024 nullo
575 978 698 1038 prorsus
719 962 809 1020 modo
831 980 977 1040 organum
993 980 1075 1023 reso·

112 1050 214 1106 naret.
238 1044 391 1104 Sacerdoti
413 1060 484 1104 cum
507 1044 578 1103 dicit
601 1040 699 1106 Credo
721 1045 898 1118 praescribit
918 1042 1074 1116 Robrica,

115 1131 151 1186 ut
172 1131 231 1187 stet
258 1128 287 1185 in
310 1125 409 1184 medio
431 1123 565 1197 Altaris,
596 1124 718 1193 elevet,
748 1128 779 1183 et
799 1126 941 1186 extendat
968 1143 1078 1188 manus

112 1224 222 1269 versus
243 1205 395 1275 Crucem,
418 1206 469 1283 qui
492 1224 525 1267 se
547 1206 584 1276 ad
608 1203 705 1265 Deum
727 1206 831 1282 erigit,
855 1226 919 1278 cor,
944 1214 975 1269 et
989 1226 1075 1269 men-

113 1295 179 1350 tem
200 1290 320 1359 elevet,
346 1304 468 1349 necesse
490 1294 557 1354 est,
587 1292 618 1348 et
639 1292 763 1347 externa
787 1288 917 1349 elevatio
940 1290 1076 1351 internae

112 1375 327 1449 argumentum
356 1375 411 1430 est.
443 1369 502 1429 Eas
530 1370 639 1429 iterum
666 1366 764 1445 jungit
790 1370 893 1429 dicens
919 1372 953 1429 ic
983 1390 1078 1431 onem

112 1452 228 1523 Decem,
251 1458 281 1512 et
303 1452 425 1528 quidem
448 1468 486 1511 ex
508 1450 637 1527 antiquis
659 1447 801 1509 Romanis
824 1449 1005 1522 Ordinibus,
1030 1454 1079 1511 ln·

112 1534 143 1593 ci
165 1534 210 1593 101
229 1530 342 1602 Credo,
367 1530 732 1598 010000100011110001,
752 1533 863 1610 junget
883 1550 992 1592 manee
1007 1551 1077 1593 soce

111 1552 288 1695 011000.
312 1622 339 1674 et
357 1624 571 1693 prosequerer.
595 1611 642 1673 Ita
659 1631 697 1673 ex
717 1608 830 1671 Ordine
846 1612 983 1672 Romano
999 1612 1078 1674 XVI

112 1714 184 1774 pag.
201 1693 469 1755 19000001100111
489 1696 526 1755 ad
549 1695 642 1755 verba
657 1704 684 1754 et
699 1692 881 1754 incarnatus
902 1704 954 1765 ert,
979 1700 1011 1758 et
1025 1711 1077 1772 ge-
1129 1763 1132 1768 ,

113 1776 288 1838 nullexione
312 1778 361 1837 illa
377 1776 525 1836 indicatur
548 1775 696 1843 adoratio,
720 1792 797 1851 quae
813 1772 933 1835 Christo
952 1794 1006 1852 pro
1023 1794 1075 1838 no·

112 1859 160 1919 bis
183 1859 298 1919 homini
320 1857 421 1927 lacto,
445 1861 475 1916 et
495 1856 584 1918 Cruci
608 1854 697 1915 affixo
719 1854 867 1927 debetur,
891 1862 924 1917 ut
946 1859 987 1919 ait
1008 1855 1074 1920 110-

114 1943 241 2010 norius;
265 1946 312 2001 est
326 1938 463 2017 religiose
480 1938 614 1998 instituta
638 1937 761 1997 humilis
783 1936 873 1998 llexio
895 1956 1029 2015 genuum
1045 1941 1075 1999 10

112 2023 443 2100 repraesentationem,
467 2037 502 2079 ac
524 2020 748 2080 venerationem
771 2019 851 2079 illius
873 2022 1003 2081 eximiae
1020 2021 1077 2083 bu-

114 2103 271 2170 militutis,
295 2120 355 2179 qua
377 2100 547 2162 1001110011
560 2128 573 2170 ,=
591 2108 618 2159 01
640 2102 811 2161 exinanivit
832 2103 959 2178 reipsum
981 2100 1077 2165 Filius

115 2184 175 2247 Dei
196 2186 324 2264 smmum
346 2182 426 2244 aerei
446 2184 613 2261 accipiens,
637 2191 665 2242 et
686 2182 789 2245 babitu
811 2184 952 2244 10000100
972 2186 1076 2245 0110-

114 2284 174 2325 mo.
198 2265 345 2327 Sacerdos
368 2282 399 2325 sc
422 2262 518 2325 Cruce
541 2264 659 2341 signat,
687 2266 840 2339 postrema
861 2265 955 2325 verba
977 2265 1077 2341 proie-

115 2365 205 2415 rens,
231 2357 259 2408 et
283 2348 381 2409 Vitem
405 2350 463 2405 etc.
488 2342 616 2405 Rufinus
638 2347 804 2405 memoriae
827 2346 925 2421 prodit
947 2345 1074 2408 Christi-

113 2428 220 2489 fideles
241 2446 345 2489 omnes
367 2425 491 2489 Saeculo
507 2424 549 2485 1v
571 2425 778 2502 Apostolicum
797 2425 976 2505 Symbolum
999 2429 1076 2487 reci·
1123 2491 1126 2495 ,

115 2516 217 2572 untes
235 2528 278 2577 se,
304 2509 375 2571 dum
398 2508 425 2567 ei
448 2505 537 2568 lmem
561 2509 760 2583 imponerent,
783 2508 813 2565 in
828 2504 932 2568 Crucis
950 2508 1074 2569 modum

114 2592 235 2668 signare
262 2589 474 2661 consuevisse,
505 2606 619 2649 morem
648 2589 727 2648 hunc
756 2587 902 2649 Sacerdos
931 2589 959 2647 10
981 2587 1073 2649 Missa

119 2674 252 2735 retinuit.

479 2827 605 2893 CAPUT
626 2828 714 2893 XVI.
805 2848 808 2854 ·

116 3016 158 3061 DE
181 3012 397 3073 ouuun'roulo,
420 3012 462 3056 ΕΤ
483 3009 526 3055 DE
547 3010 648 3055 Puuuu
670 3007 793 3054 SUSCIPE
814 3010 931 3055 SANCTE
953 3010 1071 3053 PATER.

157 3161 183 3222 1.
207 3158 400 3223 Ollertorium
423 3158 531 3217 nonien
552 3173 643 3216 suum
666 3156 754 3217 abeo
776 3155 882 3223 traxit,
905 3155 986 3233 quod
1002 3152 1075 3217 fide·

115 3247 160 3305 les
180 3242 266 3320 juxta
287 3246 421 3301 ueterem
443 3236 691 3299 consuetudinem
713 3254 832 3314 panem,
854 3242 885 3297 et
904 3239 1019 3307 vinum,
1043 3255 1075 3298 a·

116 3325 218 3403 lisque
241 3324 270 3383 in
291 3317 447 3389 Sacrifieii,
471 3325 503 3380 et
521 3318 719 3379 sacerdotum
735 3338 823 3383 usum
839 3318 995 3379 offerrent.
1021 3316 1078 3377 Ni-

116 3406 161 3467 bil
183 3403 331 3483 usquead
346 3400 505 3463 Saeculum
521 3398 564 3473 IV
586 3400 614 3459 10
630 3400 688 3460 hac
704 3400 853 3461 oblatione
876 3399 1073 3462 recitabatur:
1166 3437 1169 3440 -

116 3488 224 3550 sedin
246 3484 381 3545 Ecclesia
403 3482 631 3561 Carthaginensi
652 3500 670 3542 a
691 3479 722 3542 S.
747 3480 907 3559 Augustini
931 3481 1074 3556 tempori-

116 3569 173 3633 bus
195 3584 262 3629 mos
284 3566 430 3637 invaluit,
456 3570 490 3627 ut
510 3564 629 3626 interim
651 3563 793 3625 versiculi
815 3581 858 3625 ex
877 3562 1005 3626 Psalmis
1027 3578 1077 3621 ca·
