<?xml version="1.0" encoding="UTF-8"?>
<!DOCTYPE html PUBLIC "-//W3C//DTD XHTML 1.0 Transitional//EN"
    "http://www.w3.org/TR/xhtml1/DTD/xhtml1-transitional.dtd">
<html xmlns="http://www.w3.org/1999/xhtml" xml:lang="en" lang="en">
 <head>
  <title>
</title>
<meta http-equiv="Content-Type" content="text/html;charset=utf-8" />
  <meta name='ocr-system' content='tesseract 3.04.00' />
  <meta name='ocr-capabilities' content='ocr_page ocr_carea ocr_par ocr_line ocrx_word'/>
</head>
<body>
  <div class='ocr_page' id='page_1' title='image "./institutionesli00marigoog_0220.png"; bbox 0 0 2517 4059; ppageno 0'>
   <div class='ocr_carea' id='block_1_1' title="bbox 517 177 743 252">
    <p class='ocr_par' dir='ltr' id='par_1_1' title="bbox 517 177 743 252">
     <span class='ocr_line' id='line_1_1' title="bbox 517 177 743 252; baseline 0 -13"><span class='ocrx_word' id='word_1_1' title='bbox 517 177 743 252; x_wconf 60' lang='lat' dir='ltr'>emiliae</span> 
     </span>
    </p>
   </div>
   <div class='ocr_carea' id='block_1_2' title="bbox 146 306 1117 1597">
    <p class='ocr_par' dir='ltr' id='par_1_2' title="bbox 146 306 1117 1597">
     <span class='ocr_line' id='line_1_2' title="bbox 150 306 1115 385; baseline -0.002 -18"><span class='ocrx_word' id='word_1_2' title='bbox 150 306 242 367; x_wconf 87' lang='lat' dir='ltr'>etiam</span> <span class='ocrx_word' id='word_1_3' title='bbox 264 307 453 379; x_wconf 72' lang='lat' dir='ltr'><strong>temporibus</strong></span> <span class='ocrx_word' id='word_1_4' title='bbox 472 308 589 385; x_wconf 81' lang='lat' dir='ltr'>Virgini</span> <span class='ocrx_word' id='word_1_5' title='bbox 612 310 726 385; x_wconf 78' lang='lat' dir='ltr'>gratiae</span> <span class='ocrx_word' id='word_1_6' title='bbox 748 306 959 377; x_wconf 78' lang='lat' dir='ltr'>redderentur,</span> <span class='ocrx_word' id='word_1_7' title='bbox 984 306 1115 377; x_wconf 79' lang='lat' dir='ltr'>statuit,</span> 
     </span>
     <span class='ocr_line' id='line_1_3' title="bbox 152 385 1116 466; baseline 0.002 -19"><span class='ocrx_word' id='word_1_8' title='bbox 152 394 188 447; x_wconf 86' lang='lat' dir='ltr'>ut</span> <span class='ocrx_word' id='word_1_9' title='bbox 212 388 240 447; x_wconf 91' lang='lat' dir='ltr'>in</span> <span class='ocrx_word' id='word_1_10' title='bbox 264 388 300 447; x_wconf 93' lang='lat' dir='ltr'>iis</span> <span class='ocrx_word' id='word_1_11' title='bbox 322 385 474 456; x_wconf 72' lang='lat' dir='ltr'>Ecclesia,</span> <span class='ocrx_word' id='word_1_12' title='bbox 500 393 528 449; x_wconf 92' lang='lat' dir='ltr'>iu</span> <span class='ocrx_word' id='word_1_13' title='bbox 550 391 660 466; x_wconf 90' lang='lat' dir='ltr'>quibus</span> <span class='ocrx_word' id='word_1_14' title='bbox 682 389 808 455; x_wconf 79' lang='lat' dir='ltr'>Altera,</span> <span class='ocrx_word' id='word_1_15' title='bbox 831 408 887 449; x_wconf 90' lang='lat' dir='ltr'>seu</span> <span class='ocrx_word' id='word_1_16' title='bbox 906 386 1025 466; x_wconf 78' lang='lat' dir='ltr'>Capella</span> <span class='ocrx_word' id='word_1_17' title='bbox 1049 388 1116 449; x_wconf 80' lang='lat' dir='ltr'>ito·</span> 
     </span>
     <span class='ocr_line' id='line_1_4' title="bbox 150 468 1114 546; baseline 0.002 -19"><span class='ocrx_word' id='word_1_18' title='bbox 150 469 224 527; x_wconf 87' lang='lat' dir='ltr'>sarii</span> <span class='ocrx_word' id='word_1_19' title='bbox 246 468 334 529; x_wconf 90' lang='lat' dir='ltr'>titulo</span> <span class='ocrx_word' id='word_1_20' title='bbox 356 477 456 531; x_wconf 81' lang='lat' dir='ltr'>crecta</span> <span class='ocrx_word' id='word_1_21' title='bbox 480 478 565 539; x_wconf 83' lang='lat' dir='ltr'>erat,</span> <span class='ocrx_word' id='word_1_22' title='bbox 588 490 624 531; x_wconf 91' lang='lat' dir='ltr'>ea</span> <span class='ocrx_word' id='word_1_23' title='bbox 648 469 803 531; x_wconf 89' lang='lat' dir='ltr'>Dominiea</span> <span class='ocrx_word' id='word_1_24' title='bbox 826 471 886 540; x_wconf 83' lang='lat' dir='ltr'>die,</span> <span class='ocrx_word' id='word_1_25' title='bbox 910 488 987 546; x_wconf 84' lang='lat' dir='ltr'>quae</span> <span class='ocrx_word' id='word_1_26' title='bbox 1010 472 1114 545; x_wconf 85' lang='lat' dir='ltr'>prima.</span> 
     </span>
     <span class='ocr_line' id='line_1_5' title="bbox 150 547 1117 622; baseline 0.002 -13"><span class='ocrx_word' id='word_1_27' title='bbox 150 547 289 609; x_wconf 72' lang='lat' dir='ltr'>Octobris</span> <span class='ocrx_word' id='word_1_28' title='bbox 312 549 415 620; x_wconf 85' lang='lat' dir='ltr'>ioret,</span> <span class='ocrx_word' id='word_1_29' title='bbox 439 551 579 613; x_wconf 82' lang='lat' dir='ltr'>Officium</span> <span class='ocrx_word' id='word_1_30' title='bbox 602 554 763 622; x_wconf 79' lang='lat' dir='ltr'><strong>solemne,</strong></span> <span class='ocrx_word' id='word_1_31' title='bbox 788 570 895 613; x_wconf 90' lang='lat' dir='ltr'>novem</span> <span class='ocrx_word' id='word_1_32' title='bbox 919 552 1032 612; x_wconf 89' lang='lat' dir='ltr'>scilicet</span> <span class='ocrx_word' id='word_1_33' title='bbox 1053 551 1117 611; x_wconf 78' lang='lat' dir='ltr'>Le·</span> 
     </span>
     <span class='ocr_line' id='line_1_6' title="bbox 151 631 1117 712; baseline 0.005 -22"><span class='ocrx_word' id='word_1_34' title='bbox 151 632 269 691; x_wconf 81' lang='lat' dir='ltr'>stiones</span> <span class='ocrx_word' id='word_1_35' title='bbox 291 631 428 697; x_wconf 80' lang='lat' dir='ltr'>habens.</span> <span class='ocrx_word' id='word_1_36' title='bbox 453 635 513 693; x_wconf 92' lang='lat' dir='ltr'>ritu</span> <span class='ocrx_word' id='word_1_37' title='bbox 535 635 647 710; x_wconf 79' lang='lat' dir='ltr'>duplici</span> <span class='ocrx_word' id='word_1_38' title='bbox 671 633 779 712; x_wconf 88' lang='lat' dir='ltr'>majori</span> <span class='ocrx_word' id='word_1_39' title='bbox 801 635 1017 693; x_wconf 87' lang='lat' dir='ltr'>celebraretur.</span> <span class='ocrx_word' id='word_1_40' title='bbox 1041 632 1117 695; x_wconf 80' lang='lat' dir='ltr'>su-</span> 
     </span>
     <span class='ocr_line' id='line_1_7' title="bbox 152 713 1109 793; baseline 0.001 -19"><span class='ocrx_word' id='word_1_41' title='bbox 152 718 253 775; x_wconf 80' lang='lat' dir='ltr'>latum</span> <span class='ocrx_word' id='word_1_42' title='bbox 278 713 306 772; x_wconf 96' lang='lat' dir='ltr'>id</span> <span class='ocrx_word' id='word_1_43' title='bbox 330 722 375 773; x_wconf 91' lang='lat' dir='ltr'>est</span> <span class='ocrx_word' id='word_1_44' title='bbox 398 713 542 775; x_wconf 73' lang='lat' dir='ltr'>Kalendis</span> <span class='ocrx_word' id='word_1_45' title='bbox 563 716 677 792; x_wconf 77' lang='lat' dir='ltr'>Aprilis</span> <span class='ocrx_word' id='word_1_46' title='bbox 699 718 767 775; x_wconf 91' lang='lat' dir='ltr'>anni</span> <span class='ocrx_word' id='word_1_47' title='bbox 790 714 882 784; x_wconf 79' lang='lat'><strong>1573,</strong></span> <span class='ocrx_word' id='word_1_48' title='bbox 906 714 1041 793; x_wconf 88' lang='lat' dir='ltr'>inestque</span> <span class='ocrx_word' id='word_1_49' title='bbox 1057 716 1109 775; x_wconf 91' lang='lat' dir='ltr'>de-</span> 
     </span>
     <span class='ocr_line' id='line_1_8' title="bbox 149 792 1110 872; baseline 0.001 -17"><span class='ocrx_word' id='word_1_50' title='bbox 149 802 268 855; x_wconf 87' lang='lat' dir='ltr'>cretum</span> <span class='ocrx_word' id='word_1_51' title='bbox 292 795 365 856; x_wconf 91' lang='lat' dir='ltr'>illud</span> <span class='ocrx_word' id='word_1_52' title='bbox 389 797 418 855; x_wconf 84' lang='lat' dir='ltr'>iu</span> <span class='ocrx_word' id='word_1_53' title='bbox 442 796 575 857; x_wconf 91' lang='lat' dir='ltr'>Bullario</span> <span class='ocrx_word' id='word_1_54' title='bbox 603 796 752 858; x_wconf 89' lang='lat' dir='ltr'>Romano.</span> <span class='ocrx_word' id='word_1_55' title='bbox 775 792 914 857; x_wconf 84' lang='lat' dir='ltr'>Clemens</span> <span class='ocrx_word' id='word_1_56' title='bbox 935 794 993 863; x_wconf 82' lang='lat' dir='ltr'>X,</span> <span class='ocrx_word' id='word_1_57' title='bbox 1017 814 1110 872; x_wconf 79' lang='lat' dir='ltr'>expo·</span> 
     </span>
     <span class='ocr_line' id='line_1_9' title="bbox 150 876 1111 955; baseline 0.002 -20"><span class='ocrx_word' id='word_1_58' title='bbox 150 883 252 937; x_wconf 88' lang='lat' dir='ltr'>scente</span> <span class='ocrx_word' id='word_1_59' title='bbox 284 876 380 937; x_wconf 82' lang='lat' dir='ltr'>Maria</span> <span class='ocrx_word' id='word_1_60' title='bbox 401 876 487 937; x_wconf 79' lang='lat' dir='ltr'>Anna</span> <span class='ocrx_word' id='word_1_61' title='bbox 511 876 725 953; x_wconf 80' lang='lat' dir='ltr'>Hispaniarum</span> <span class='ocrx_word' id='word_1_62' title='bbox 759 878 873 955; x_wconf 81' lang='lat' dir='ltr'>Regina</span> <span class='ocrx_word' id='word_1_63' title='bbox 898 879 1039 944; x_wconf 76' lang='lat' dir='ltr'>indulsit,</span> <span class='ocrx_word' id='word_1_64' title='bbox 1075 882 1111 939; x_wconf 92' lang='lat' dir='ltr'>ut</span> 
     </span>
     <span class='ocr_line' id='line_1_10' title="bbox 152 956 1111 1036; baseline -0.001 -18"><span class='ocrx_word' id='word_1_65' title='bbox 152 956 357 1018; x_wconf 85' lang='lat' dir='ltr'>Ecclesiastiei</span> <span class='ocrx_word' id='word_1_66' title='bbox 381 957 454 1036; x_wconf 80' lang='lat' dir='ltr'>Regi</span> <span class='ocrx_word' id='word_1_67' title='bbox 478 959 692 1036; x_wconf 78' lang='lat' dir='ltr'>Hispaniarum</span> <span class='ocrx_word' id='word_1_68' title='bbox 716 961 852 1021; x_wconf 89' lang='lat' dir='ltr'>subditas</span> <span class='ocrx_word' id='word_1_69' title='bbox 872 960 1042 1036; x_wconf 89' lang='lat' dir='ltr'>provincias</span> <span class='ocrx_word' id='word_1_70' title='bbox 1064 959 1111 1017; x_wconf 92' lang='lat' dir='ltr'>in·</span> 
     </span>
     <span class='ocr_line' id='line_1_11' title="bbox 150 1040 1114 1119; baseline 0.002 -20"><span class='ocrx_word' id='word_1_71' title='bbox 150 1040 285 1101; x_wconf 90' lang='lat' dir='ltr'>colentes</span> <span class='ocrx_word' id='word_1_72' title='bbox 311 1041 410 1103; x_wconf 80' lang='lat' dir='ltr'>illud.</span> <span class='ocrx_word' id='word_1_73' title='bbox 433 1041 471 1101; x_wconf 90' lang='lat' dir='ltr'>de</span> <span class='ocrx_word' id='word_1_74' title='bbox 493 1060 553 1117; x_wconf 84' lang='lat' dir='ltr'>quo</span> <span class='ocrx_word' id='word_1_75' title='bbox 575 1044 692 1119; x_wconf 82' lang='lat' dir='ltr'>agimus</span> <span class='ocrx_word' id='word_1_76' title='bbox 724 1042 854 1101; x_wconf 84' lang='lat' dir='ltr'>officium</span> <span class='ocrx_word' id='word_1_77' title='bbox 879 1041 934 1100; x_wconf 89' lang='lat' dir='ltr'>rite</span> <span class='ocrx_word' id='word_1_78' title='bbox 956 1041 1114 1119; x_wconf 78' lang='lat' dir='ltr'>persolve-</span> 
     </span>
     <span class='ocr_line' id='line_1_12' title="bbox 149 1120 1116 1198; baseline 0.002 -19"><span class='ocrx_word' id='word_1_79' title='bbox 149 1128 229 1180; x_wconf 87' lang='lat' dir='ltr'>reat.</span> <span class='ocrx_word' id='word_1_80' title='bbox 252 1120 451 1182; x_wconf 85' lang='lat' dir='ltr'>Cleureule</span> <span class='ocrx_word' id='word_1_81' title='bbox 472 1125 590 1189; x_wconf 82' lang='lat' dir='ltr'>statuit,</span> <span class='ocrx_word' id='word_1_82' title='bbox 614 1130 647 1183; x_wconf 93' lang='lat' dir='ltr'>nt</span> <span class='ocrx_word' id='word_1_83' title='bbox 661 1124 804 1198; x_wconf 85' lang='lat' dir='ltr'>deinceps</span> <span class='ocrx_word' id='word_1_84' title='bbox 819 1122 977 1182; x_wconf 88' lang='lat' dir='ltr'>universus</span> <span class='ocrx_word' id='word_1_85' title='bbox 999 1120 1116 1183; x_wconf 80' lang='lat' dir='ltr'>Clerus</span> 
     </span>
     <span class='ocr_line' id='line_1_13' title="bbox 148 1202 1109 1281; baseline 0.002 -20"><span class='ocrx_word' id='word_1_86' title='bbox 148 1218 185 1261; x_wconf 90' lang='lat' dir='ltr'>ac</span> <span class='ocrx_word' id='word_1_87' title='bbox 208 1202 337 1277; x_wconf 74' lang='lat' dir='ltr'>populus</span> <span class='ocrx_word' id='word_1_88' title='bbox 359 1204 457 1279; x_wconf 85' lang='lat' dir='ltr'>prima</span> <span class='ocrx_word' id='word_1_89' title='bbox 472 1202 612 1265; x_wconf 84' lang='lat' dir='ltr'>Octobris</span> <span class='ocrx_word' id='word_1_90' title='bbox 630 1204 786 1264; x_wconf 87' lang='lat' dir='ltr'>iiominica</span> <span class='ocrx_word' id='word_1_91' title='bbox 803 1204 968 1264; x_wconf 90' lang='lat' dir='ltr'>solemnem</span> <span class='ocrx_word' id='word_1_92' title='bbox 984 1209 1109 1281; x_wconf 76' lang='lat' dir='ltr'>agerent</span> 
     </span>
     <span class='ocr_line' id='line_1_14' title="bbox 146 1281 1112 1362; baseline 0.003 -22"><span class='ocrx_word' id='word_1_93' title='bbox 146 1281 265 1341; x_wconf 83' lang='lat' dir='ltr'>Rosarii</span> <span class='ocrx_word' id='word_1_94' title='bbox 287 1284 504 1354; x_wconf 81' lang='lat' dir='ltr'>festivitatem,</span> <span class='ocrx_word' id='word_1_95' title='bbox 532 1304 569 1345; x_wconf 92' lang='lat' dir='ltr'>eo</span> <span class='ocrx_word' id='word_1_96' title='bbox 591 1287 704 1347; x_wconf 84' lang='lat' dir='ltr'>scilicet</span> <span class='ocrx_word' id='word_1_97' title='bbox 727 1288 812 1351; x_wconf 92' lang='lat' dir='ltr'>ritu,</span> <span class='ocrx_word' id='word_1_98' title='bbox 846 1302 935 1360; x_wconf 86' lang='lat' dir='ltr'>quem</span> <span class='ocrx_word' id='word_1_99' title='bbox 958 1284 1112 1362; x_wconf 83' lang='lat' dir='ltr'>duplicem</span> 
     </span>
     <span class='ocr_line' id='line_1_15' title="bbox 147 1364 1106 1443; baseline 0.004 -22"><span class='ocrx_word' id='word_1_100' title='bbox 147 1366 293 1443; x_wconf 81' lang='lat' dir='ltr'>majorem</span> <span class='ocrx_word' id='word_1_101' title='bbox 315 1367 478 1440; x_wconf 87' lang='lat' dir='ltr'>appellant,</span> <span class='ocrx_word' id='word_1_102' title='bbox 502 1367 655 1443; x_wconf 82' lang='lat' dir='ltr'>ediditque</span> <span class='ocrx_word' id='word_1_103' title='bbox 678 1386 712 1428; x_wconf 90' lang='lat' dir='ltr'>ea</span> <span class='ocrx_word' id='word_1_104' title='bbox 736 1368 773 1427; x_wconf 91' lang='lat' dir='ltr'>de</span> <span class='ocrx_word' id='word_1_105' title='bbox 796 1384 829 1426; x_wconf 90' lang='lat' dir='ltr'>re</span> <span class='ocrx_word' id='word_1_106' title='bbox 852 1367 939 1426; x_wconf 90' lang='lat' dir='ltr'>tertia</span> <span class='ocrx_word' id='word_1_107' title='bbox 963 1364 1106 1427; x_wconf 87' lang='lat' dir='ltr'>Octobris</span> 
     </span>
     <span class='ocr_line' id='line_1_16' title="bbox 147 1444 1109 1528; baseline 0.002 -23"><span class='ocrx_word' id='word_1_108' title='bbox 147 1444 196 1505; x_wconf 93' lang='lat' dir='ltr'>die</span> <span class='ocrx_word' id='word_1_109' title='bbox 218 1447 288 1503; x_wconf 92' lang='lat' dir='ltr'>anni</span> <span class='ocrx_word' id='word_1_110' title='bbox 308 1445 389 1506; x_wconf 82' lang='grc'>1716</span> <span class='ocrx_word' id='word_1_111' title='bbox 410 1449 578 1509; x_wconf 86' lang='lat' dir='ltr'>decretum:</span> <span class='ocrx_word' id='word_1_112' title='bbox 603 1450 716 1528; x_wconf 85' lang='lat' dir='ltr'>adjecit</span> <span class='ocrx_word' id='word_1_113' title='bbox 731 1465 805 1509; x_wconf 84' lang='lat' dir='ltr'>uero</span> <span class='ocrx_word' id='word_1_114' title='bbox 820 1447 917 1507; x_wconf 91' lang='lat' dir='ltr'>eidem</span> <span class='ocrx_word' id='word_1_115' title='bbox 934 1445 1039 1507; x_wconf 87' lang='lat' dir='ltr'>Officio</span> <span class='ocrx_word' id='word_1_116' title='bbox 1055 1464 1109 1521; x_wconf 91' lang='lat' dir='ltr'>pe·</span> 
     </span>
     <span class='ocr_line' id='line_1_17' title="bbox 147 1527 1110 1597; baseline 0 -10"><span class='ocrx_word' id='word_1_117' title='bbox 147 1527 279 1588; x_wconf 89' lang='lat' dir='ltr'>culiares</span> <span class='ocrx_word' id='word_1_118' title='bbox 301 1529 424 1588; x_wconf 85' lang='lat' dir='ltr'>secundi</span> <span class='ocrx_word' id='word_1_119' title='bbox 448 1528 593 1591; x_wconf 84' lang='lat' dir='ltr'>Nocturni</span> <span class='ocrx_word' id='word_1_120' title='bbox 615 1530 775 1591; x_wconf 84' lang='lat' dir='ltr'>Lectiones</span> <span class='ocrx_word' id='word_1_121' title='bbox 797 1528 975 1589; x_wconf 88' lang='lat' dir='ltr'>Benedictus</span> <span class='ocrx_word' id='word_1_122' title='bbox 1001 1527 1079 1590; x_wconf 83' lang='lat' dir='ltr'>xlii</span> <span class='ocrx_word' id='word_1_123' title='bbox 1097 1570 1110 1597; x_wconf 74' lang='grc'>,</span> 
     </span>
    </p>
   </div>
   <div class='ocr_carea' id='block_1_3' title="bbox 148 1608 1236 1687">
    <p class='ocr_par' dir='ltr' id='par_1_3' title="bbox 148 1608 1236 1687">
     <span class='ocr_line' id='line_1_18' title="bbox 148 1608 1236 1687; baseline -0.001 -18"><span class='ocrx_word' id='word_1_124' title='bbox 148 1608 390 1686; x_wconf 85' lang='lat' dir='ltr'>quandoquidem</span> <span class='ocrx_word' id='word_1_125' title='bbox 425 1613 635 1687; x_wconf 86' lang='lat' dir='ltr'>superioribus</span> <span class='ocrx_word' id='word_1_126' title='bbox 657 1611 844 1686; x_wconf 83' lang='lat' dir='ltr'>temporibus</span> <span class='ocrx_word' id='word_1_127' title='bbox 871 1611 1112 1670; x_wconf 88' lang='lat' dir='ltr'>desumebautur</span> <span class='ocrx_word' id='word_1_128' title='bbox 1231 1630 1236 1637; x_wconf 92' lang='lat'><strong>·</strong></span> 
     </span>
    </p>
   </div>
   <div class='ocr_carea' id='block_1_4' title="bbox 141 1689 1112 3059">
    <p class='ocr_par' dir='ltr' id='par_1_4' title="bbox 145 1689 1108 1833">
     <span class='ocr_line' id='line_1_19' title="bbox 146 1689 1108 1770; baseline -0.002 -19"><span class='ocrx_word' id='word_1_129' title='bbox 146 1690 254 1752; x_wconf 90' lang='lat' dir='ltr'>eadem</span> <span class='ocrx_word' id='word_1_130' title='bbox 276 1689 435 1752; x_wconf 86' lang='lat' dir='ltr'>Lectiones</span> <span class='ocrx_word' id='word_1_131' title='bbox 455 1712 493 1753; x_wconf 85' lang='lat' dir='ltr'>ex</span> <span class='ocrx_word' id='word_1_132' title='bbox 510 1694 657 1754; x_wconf 86' lang='lat' dir='ltr'>Sermone</span> <span class='ocrx_word' id='word_1_133' title='bbox 674 1692 705 1752; x_wconf 89' lang='lat' dir='ltr'>S.</span> <span class='ocrx_word' id='word_1_134' title='bbox 722 1692 879 1770; x_wconf 81' lang='lat' dir='ltr'>Augustini</span> <span class='ocrx_word' id='word_1_135' title='bbox 902 1691 998 1751; x_wconf 90' lang='lat' dir='ltr'>eidem</span> <span class='ocrx_word' id='word_1_136' title='bbox 1021 1691 1108 1751; x_wconf 85' lang='lat' dir='ltr'>iesti-</span> 
     </span>
     <span class='ocr_line' id='line_1_20' title="bbox 145 1773 461 1833; baseline 0 0"><span class='ocrx_word' id='word_1_137' title='bbox 145 1773 233 1833; x_wconf 85' lang='lat' dir='ltr'>vitati</span> <span class='ocrx_word' id='word_1_138' title='bbox 255 1774 461 1833; x_wconf 87' lang='lat' dir='ltr'>accomodata.</span> 
     </span>
    </p>

    <p class='ocr_par' dir='ltr' id='par_1_5' title="bbox 141 1852 1112 3059">
     <span class='ocr_line' id='line_1_21' title="bbox 185 1852 1110 1931; baseline -0.001 -15"><span class='ocrx_word' id='word_1_139' title='bbox 185 1852 226 1916; x_wconf 92' lang='grc' dir='ltr'>ΙΙ.</span> <span class='ocrx_word' id='word_1_140' title='bbox 253 1852 305 1914; x_wconf 81' lang='lat' dir='ltr'>Est</span> <span class='ocrx_word' id='word_1_141' title='bbox 321 1854 485 1915; x_wconf 78' lang='lat' dir='ltr'>Rosariam</span> <span class='ocrx_word' id='word_1_142' title='bbox 507 1856 583 1916; x_wconf 79' lang='lat' dir='ltr'>haec</span> <span class='ocrx_word' id='word_1_143' title='bbox 605 1855 747 1916; x_wconf 89' lang='lat' dir='ltr'>discimus</span> <span class='ocrx_word' id='word_1_144' title='bbox 761 1867 809 1915; x_wconf 69' lang='lat' dir='ltr'>‘ex</span> <span class='ocrx_word' id='word_1_145' title='bbox 830 1854 969 1931; x_wconf 83' lang='lat' dir='ltr'>Romano</span> <span class='ocrx_word' id='word_1_146' title='bbox 984 1854 1110 1916; x_wconf 83' lang='lat' dir='ltr'>Brevia·</span> 
     </span>
     <span class='ocr_line' id='line_1_22' title="bbox 145 1934 1111 2016; baseline 0.004 -23"><span class='ocrx_word' id='word_1_147' title='bbox 145 1936 191 1994; x_wconf 91' lang='lat' dir='ltr'>rio</span> <span class='ocrx_word' id='word_1_148' title='bbox 212 1947 293 1995; x_wconf 84' lang='lat' dir='ltr'>certa</span> <span class='ocrx_word' id='word_1_149' title='bbox 312 1936 459 2014; x_wconf 83' lang='lat' dir='ltr'>precandi</span> <span class='ocrx_word' id='word_1_150' title='bbox 478 1937 633 2013; x_wconf 70' lang='lat' dir='ltr'>formula,</span> <span class='ocrx_word' id='word_1_151' title='bbox 665 1955 724 2016; x_wconf 82' lang='lat' dir='ltr'>qua</span> <span class='ocrx_word' id='word_1_152' title='bbox 757 1934 925 2015; x_wconf 76' lang='lat' dir='ltr'>quindecim</span> <span class='ocrx_word' id='word_1_153' title='bbox 947 1936 1111 2013; x_wconf 71' lang='lat' dir='ltr'>Anaetica·</span> 
     </span>
     <span class='ocr_line' id='line_1_23' title="bbox 144 2018 1111 2097; baseline 0.001 -21"><span class='ocrx_word' id='word_1_154' title='bbox 144 2036 214 2076; x_wconf 83' lang='lat' dir='ltr'>rum</span> <span class='ocrx_word' id='word_1_155' title='bbox 234 2018 451 2077; x_wconf 80' lang='lat' dir='ltr'>salutationem</span> <span class='ocrx_word' id='word_1_156' title='bbox 473 2018 616 2088; x_wconf 82' lang='lat' dir='ltr'>decades,</span> <span class='ocrx_word' id='word_1_157' title='bbox 641 2022 775 2078; x_wconf 84' lang='lat' dir='ltr'>oratioue</span> <span class='ocrx_word' id='word_1_158' title='bbox 798 2018 958 2077; x_wconf 84' lang='lat' dir='ltr'>Dominica</span> <span class='ocrx_word' id='word_1_159' title='bbox 979 2018 1111 2097; x_wconf 80' lang='lat' dir='ltr'>interje-</span> 
     </span>
     <span class='ocr_line' id='line_1_24' title="bbox 145 2097 1109 2175; baseline 0.001 -19"><span class='ocrx_word' id='word_1_160' title='bbox 145 2106 215 2165; x_wconf 84' lang='lat' dir='ltr'>cto,</span> <span class='ocrx_word' id='word_1_161' title='bbox 240 2098 478 2175; x_wconf 57' lang='lat' dir='ltr'>delinquimus,</span> <span class='ocrx_word' id='word_1_162' title='bbox 504 2110 529 2159; x_wconf 89' lang='lat' dir='ltr'>et</span> <span class='ocrx_word' id='word_1_163' title='bbox 552 2100 592 2159; x_wconf 84' lang='lat' dir='ltr'>ad</span> <span class='ocrx_word' id='word_1_164' title='bbox 614 2119 720 2160; x_wconf 84' lang='lat' dir='ltr'>earum</span> <span class='ocrx_word' id='word_1_165' title='bbox 741 2100 875 2175; x_wconf 75' lang='lat' dir='ltr'>siupulas</span> <span class='ocrx_word' id='word_1_166' title='bbox 907 2097 1027 2159; x_wconf 78' lang='lat' dir='ltr'>totidem</span> <span class='ocrx_word' id='word_1_167' title='bbox 1050 2117 1109 2157; x_wconf 85' lang='lat' dir='ltr'>uo·</span> 
     </span>
     <span class='ocr_line' id='line_1_25' title="bbox 145 2179 1106 2260; baseline 0.002 -22"><span class='ocrx_word' id='word_1_168' title='bbox 145 2191 224 2240; x_wconf 87' lang='lat' dir='ltr'>strae</span> <span class='ocrx_word' id='word_1_169' title='bbox 246 2184 449 2258; x_wconf 80' lang='lat' dir='ltr'>reparationis</span> <span class='ocrx_word' id='word_1_170' title='bbox 470 2184 612 2260; x_wconf 77' lang='lat' dir='ltr'>mysteria</span> <span class='ocrx_word' id='word_1_171' title='bbox 630 2184 686 2260; x_wconf 85' lang='lat' dir='ltr'>pio</span> <span class='ocrx_word' id='word_1_172' title='bbox 708 2179 903 2240; x_wconf 82' lang='lat' dir='ltr'>meditatione</span> <span class='ocrx_word' id='word_1_173' title='bbox 930 2182 1106 2241; x_wconf 79' lang='lat' dir='ltr'>recolimus.</span> 
     </span>
     <span class='ocr_line' id='line_1_26' title="bbox 144 2259 1108 2338; baseline -0.001 -17"><span class='ocrx_word' id='word_1_174' title='bbox 144 2260 471 2338; x_wconf 78' lang='lat' dir='ltr'>AndreasCoppestein</span> <span class='ocrx_word' id='word_1_175' title='bbox 495 2282 531 2322; x_wconf 88' lang='lat' dir='ltr'>ex</span> <span class='ocrx_word' id='word_1_176' title='bbox 555 2261 798 2323; x_wconf 89' lang='lat' dir='ltr'>Praedicatorum</span> <span class='ocrx_word' id='word_1_177' title='bbox 813 2259 926 2321; x_wconf 83' lang='lat' dir='ltr'>Ordine</span> <span class='ocrx_word' id='word_1_178' title='bbox 948 2262 977 2320; x_wconf 88' lang='lat' dir='ltr'>iu</span> <span class='ocrx_word' id='word_1_179' title='bbox 999 2280 1036 2321; x_wconf 90' lang='lat' dir='ltr'>eo</span> <span class='ocrx_word' id='word_1_180' title='bbox 1053 2261 1108 2320; x_wconf 89' lang='lat' dir='ltr'>Li-</span> 
     </span>
     <span class='ocr_line' id='line_1_27' title="bbox 143 2340 1111 2419; baseline -0.002 -16"><span class='ocrx_word' id='word_1_181' title='bbox 143 2342 199 2403; x_wconf 90' lang='lat' dir='ltr'>bro</span> <span class='ocrx_word' id='word_1_182' title='bbox 220 2361 312 2419; x_wconf 86' lang='lat' dir='ltr'>quem</span> <span class='ocrx_word' id='word_1_183' title='bbox 335 2342 370 2402; x_wconf 89' lang='lat' dir='ltr'>B.</span> <span class='ocrx_word' id='word_1_184' title='bbox 396 2340 489 2403; x_wconf 78' lang='lat' dir='ltr'>Alani</span> <span class='ocrx_word' id='word_1_185' title='bbox 509 2343 649 2404; x_wconf 85' lang='lat' dir='ltr'>Redioioa&#39;</span> <span class='ocrx_word' id='word_1_186' title='bbox 670 2353 832 2404; x_wconf 85' lang='lat' dir='ltr'>tractatum</span> <span class='ocrx_word' id='word_1_187' title='bbox 865 2342 1033 2403; x_wconf 89' lang='lat' dir='ltr'>mirabilem</span> <span class='ocrx_word' id='word_1_188' title='bbox 1056 2344 1111 2402; x_wconf 88' lang='lat' dir='ltr'>in·</span> 
     </span>
     <span class='ocr_line' id='line_1_28' title="bbox 143 2423 1107 2502; baseline 0.001 -17"><span class='ocrx_word' id='word_1_189' title='bbox 143 2425 274 2501; x_wconf 87' lang='lat' dir='ltr'>scripsit,</span> <span class='ocrx_word' id='word_1_190' title='bbox 292 2442 309 2483; x_wconf 92' lang='lat' dir='ltr'>a</span> <span class='ocrx_word' id='word_1_191' title='bbox 326 2425 430 2502; x_wconf 88' lang='lat' dir='ltr'>primis</span> <span class='ocrx_word' id='word_1_192' title='bbox 454 2443 548 2501; x_wconf 82' lang='lat' dir='ltr'>usqrre</span> <span class='ocrx_word' id='word_1_193' title='bbox 570 2423 723 2485; x_wconf 78' lang='lat' dir='ltr'>Ecclesiae</span> <span class='ocrx_word' id='word_1_194' title='bbox 738 2424 933 2502; x_wconf 87' lang='lat' dir='ltr'>temporibus,</span> <span class='ocrx_word' id='word_1_195' title='bbox 959 2425 1107 2486; x_wconf 80' lang='lat' dir='ltr'>nonnulla</span> 
     </span>
     <span class='ocr_line' id='line_1_29' title="bbox 143 2503 1110 2582; baseline 0.001 -16"><span class='ocrx_word' id='word_1_196' title='bbox 143 2507 250 2566; x_wconf 90' lang='lat' dir='ltr'>saltem</span> <span class='ocrx_word' id='word_1_197' title='bbox 273 2525 310 2566; x_wconf 83' lang='lat' dir='ltr'>ex</span> <span class='ocrx_word' id='word_1_198' title='bbox 333 2513 418 2581; x_wconf 89' lang='lat' dir='ltr'>parte</span> <span class='ocrx_word' id='word_1_199' title='bbox 441 2507 549 2582; x_wconf 90' lang='lat' dir='ltr'>repetit</span> <span class='ocrx_word' id='word_1_200' title='bbox 570 2506 816 2566; x_wconf 89' lang='lat' dir='ltr'>cousuetudinem</span> <span class='ocrx_word' id='word_1_201' title='bbox 839 2506 982 2565; x_wconf 90' lang='lat' dir='ltr'>recitandi</span> <span class='ocrx_word' id='word_1_202' title='bbox 1009 2503 1110 2567; x_wconf 85' lang='lat' dir='ltr'>Rosa·</span> 
     </span>
     <span class='ocr_line' id='line_1_30' title="bbox 143 2584 1110 2663; baseline 0.001 -18"><span class='ocrx_word' id='word_1_203' title='bbox 143 2586 235 2646; x_wconf 90' lang='lat' dir='ltr'>rium.</span> <span class='ocrx_word' id='word_1_204' title='bbox 266 2585 383 2647; x_wconf 88' lang='lat' dir='ltr'>Paucos</span> <span class='ocrx_word' id='word_1_205' title='bbox 405 2593 504 2647; x_wconf 91' lang='lat' dir='ltr'>tamen</span> <span class='ocrx_word' id='word_1_206' title='bbox 527 2589 656 2647; x_wconf 87' lang='lat' dir='ltr'>asseclas</span> <span class='ocrx_word' id='word_1_207' title='bbox 684 2587 783 2663; x_wconf 92' lang='lat' dir='ltr'>opinio</span> <span class='ocrx_word' id='word_1_208' title='bbox 812 2584 1001 2662; x_wconf 88' lang='lat' dir='ltr'>Coppesteini</span> <span class='ocrx_word' id='word_1_209' title='bbox 1023 2587 1110 2649; x_wconf 88' lang='lat' dir='ltr'>obti-</span> 
     </span>
     <span class='ocr_line' id='line_1_31' title="bbox 143 2667 1107 2746; baseline 0.001 -19"><span class='ocrx_word' id='word_1_210' title='bbox 143 2668 225 2727; x_wconf 88' lang='lat' dir='ltr'>nuit:</span> <span class='ocrx_word' id='word_1_211' title='bbox 249 2669 449 2743; x_wconf 84' lang='lat' dir='ltr'>nequeenim</span> <span class='ocrx_word' id='word_1_212' title='bbox 474 2667 566 2729; x_wconf 91' lang='lat' dir='ltr'>ullum</span> <span class='ocrx_word' id='word_1_213' title='bbox 591 2674 738 2734; x_wconf 83' lang='lat' dir='ltr'>veterem,</span> <span class='ocrx_word' id='word_1_214' title='bbox 762 2669 981 2746; x_wconf 89' lang='lat' dir='ltr'>probatumque</span> <span class='ocrx_word' id='word_1_215' title='bbox 1004 2668 1107 2728; x_wconf 84' lang='lat' dir='ltr'>dieto·</span> 
     </span>
     <span class='ocr_line' id='line_1_32' title="bbox 141 2748 1111 2827; baseline 0.001 -18"><span class='ocrx_word' id='word_1_216' title='bbox 141 2766 209 2810; x_wconf 91' lang='lat' dir='ltr'>rum</span> <span class='ocrx_word' id='word_1_217' title='bbox 225 2768 347 2809; x_wconf 90' lang='lat' dir='ltr'>suorum</span> <span class='ocrx_word' id='word_1_218' title='bbox 363 2752 471 2811; x_wconf 85' lang='lat' dir='ltr'>vadem</span> <span class='ocrx_word' id='word_1_219' title='bbox 488 2748 751 2827; x_wconf 86' lang='lat' dir='ltr'>proiert.Quidam</span> <span class='ocrx_word' id='word_1_220' title='bbox 769 2749 996 2826; x_wconf 88' lang='lat' dir='ltr'>iusuperipsum</span> <span class='ocrx_word' id='word_1_221' title='bbox 1009 2748 1111 2810; x_wconf 68' lang='lat' dir='ltr'>sse-</span> 
     </span>
     <span class='ocr_line' id='line_1_33' title="bbox 143 2830 1106 2899; baseline 0.002 -10"><span class='ocrx_word' id='word_1_222' title='bbox 143 2832 263 2893; x_wconf 90' lang='lat' dir='ltr'>nedicto</span> <span class='ocrx_word' id='word_1_223' title='bbox 286 2832 434 2896; x_wconf 81' lang='lat' dir='ltr'>tribuunt.</span> <span class='ocrx_word' id='word_1_224' title='bbox 458 2833 508 2891; x_wconf 91' lang='lat' dir='ltr'>alii</span> <span class='ocrx_word' id='word_1_225' title='bbox 526 2830 698 2891; x_wconf 87' lang='lat' dir='ltr'>Venerabili</span> <span class='ocrx_word' id='word_1_226' title='bbox 723 2831 832 2899; x_wconf 88' lang='lat' dir='ltr'>Bedae‚</span> <span class='ocrx_word' id='word_1_227' title='bbox 856 2831 905 2888; x_wconf 89' lang='lat' dir='ltr'>alii</span> <span class='ocrx_word' id='word_1_228' title='bbox 930 2830 1018 2891; x_wconf 90' lang='lat' dir='ltr'>Petro</span> <span class='ocrx_word' id='word_1_229' title='bbox 1040 2834 1106 2891; x_wconf 88' lang='lat' dir='ltr'>cui·</span> 
     </span>
     <span class='ocr_line' id='line_1_34' title="bbox 142 2909 1108 2987; baseline -0.001 -16"><span class='ocrx_word' id='word_1_230' title='bbox 142 2912 212 2974; x_wconf 92' lang='lat' dir='ltr'>dam</span> <span class='ocrx_word' id='word_1_231' title='bbox 235 2912 399 2979; x_wconf 79' lang='lat' dir='ltr'>Eremitae.</span> <span class='ocrx_word' id='word_1_232' title='bbox 423 2914 473 2972; x_wconf 89' lang='lat' dir='ltr'>alii</span> <span class='ocrx_word' id='word_1_233' title='bbox 496 2912 594 2973; x_wconf 86' lang='lat' dir='ltr'>Fratri</span> <span class='ocrx_word' id='word_1_234' title='bbox 609 2912 707 2972; x_wconf 78' lang='lat' dir='ltr'>Alana</span> <span class='ocrx_word' id='word_1_235' title='bbox 729 2912 766 2973; x_wconf 92' lang='lat' dir='ltr'>de</span> <span class='ocrx_word' id='word_1_236' title='bbox 782 2910 880 2987; x_wconf 84' lang='lat' dir='ltr'>Rupe,</span> <span class='ocrx_word' id='word_1_237' title='bbox 904 2914 953 2987; x_wconf 84' lang='lat' dir='ltr'>qrri</span> <span class='ocrx_word' id='word_1_238' title='bbox 972 2912 1027 2973; x_wconf 87' lang='lat' dir='ltr'>luit</span> <span class='ocrx_word' id='word_1_239' title='bbox 1042 2909 1108 2971; x_wconf 87' lang='lat' dir='ltr'>Or-</span> 
     </span>
     <span class='ocr_line' id='line_1_35' title="bbox 142 2992 1112 3059; baseline -0.002 -4"><span class='ocrx_word' id='word_1_240' title='bbox 142 2996 219 3057; x_wconf 89' lang='lat' dir='ltr'>dinis</span> <span class='ocrx_word' id='word_1_241' title='bbox 240 2996 499 3055; x_wconf 85' lang='lat' dir='ltr'>Praedicatorum.</span> <span class='ocrx_word' id='word_1_242' title='bbox 524 2994 581 3054; x_wconf 83' lang='lat' dir='ltr'>Sed</span> <span class='ocrx_word' id='word_1_243' title='bbox 599 2995 670 3053; x_wconf 92' lang='lat' dir='ltr'>illud</span> <span class='ocrx_word' id='word_1_244' title='bbox 693 3011 813 3059; x_wconf 90' lang='lat' dir='ltr'>ornnem</span> <span class='ocrx_word' id='word_1_245' title='bbox 837 2992 956 3052; x_wconf 89' lang='lat' dir='ltr'>videtur</span> <span class='ocrx_word' id='word_1_246' title='bbox 972 2994 1112 3054; x_wconf 75' lang='lat' dir='ltr'>difficul-</span> 
     </span>
    </p>
   </div>
   <div class='ocr_carea' id='block_1_5' title="bbox 139 3072 1104 3643">
    <p class='ocr_par' dir='ltr' id='par_1_6' title="bbox 139 3072 1104 3643">
     <span class='ocr_line' id='line_1_36' title="bbox 142 3072 1104 3155; baseline 0 -18"><span class='ocrx_word' id='word_1_247' title='bbox 142 3083 234 3137; x_wconf 90' lang='lat' dir='ltr'>tatem</span> <span class='ocrx_word' id='word_1_248' title='bbox 257 3078 387 3143; x_wconf 84' lang='lat' dir='ltr'>amoliri,</span> <span class='ocrx_word' id='word_1_249' title='bbox 404 3078 483 3152; x_wconf 88' lang='lat' dir='ltr'>quod</span> <span class='ocrx_word' id='word_1_250' title='bbox 507 3084 653 3155; x_wconf 88' lang='lat' dir='ltr'>perpetua</span> <span class='ocrx_word' id='word_1_251' title='bbox 676 3074 733 3136; x_wconf 85' lang='lat' dir='ltr'>init</span> <span class='ocrx_word' id='word_1_252' title='bbox 754 3076 782 3133; x_wconf 93' lang='lat' dir='ltr'>iu</span> <span class='ocrx_word' id='word_1_253' title='bbox 805 3072 918 3133; x_wconf 92' lang='lat' dir='ltr'>Ordine</span> <span class='ocrx_word' id='word_1_254' title='bbox 940 3074 1104 3137; x_wconf 88' lang='lat' dir='ltr'>Praedica-</span> 
     </span>
     <span class='ocr_line' id='line_1_37' title="bbox 142 3155 1103 3224; baseline 0 -6"><span class='ocrx_word' id='word_1_255' title='bbox 142 3163 243 3219; x_wconf 89' lang='lat' dir='ltr'>tornm</span> <span class='ocrx_word' id='word_1_256' title='bbox 265 3159 399 3224; x_wconf 83' lang='lat' dir='ltr'>traditio,</span> <span class='ocrx_word' id='word_1_257' title='bbox 423 3156 453 3217; x_wconf 84' lang='lat' dir='ltr'>S.</span> <span class='ocrx_word' id='word_1_258' title='bbox 473 3158 663 3217; x_wconf 81' lang='lat' dir='ltr'>ilomiuicum</span> <span class='ocrx_word' id='word_1_259' title='bbox 680 3156 795 3217; x_wconf 89' lang='lat' dir='ltr'>Rosarii</span> <span class='ocrx_word' id='word_1_260' title='bbox 813 3155 903 3216; x_wconf 80' lang='lat' dir='ltr'>scrisse</span> <span class='ocrx_word' id='word_1_261' title='bbox 918 3156 1103 3218; x_wconf 76' lang='lat' dir='ltr'>Auctorem.</span> 
     </span>
     <span class='ocr_line' id='line_1_38' title="bbox 141 3236 1101 3315; baseline 0.001 -17"><span class='ocrx_word' id='word_1_262' title='bbox 141 3237 218 3299; x_wconf 87' lang='lat' dir='ltr'>Earn</span> <span class='ocrx_word' id='word_1_263' title='bbox 240 3257 314 3301; x_wconf 83' lang='lat' dir='ltr'>vero</span> <span class='ocrx_word' id='word_1_264' title='bbox 329 3238 520 3299; x_wconf 88' lang='lat' dir='ltr'>traditionem</span> <span class='ocrx_word' id='word_1_265' title='bbox 544 3256 651 3315; x_wconf 85' lang='lat' dir='ltr'>graves</span> <span class='ocrx_word' id='word_1_266' title='bbox 672 3238 803 3315; x_wconf 79' lang='lat' dir='ltr'>amplexi</span> <span class='ocrx_word' id='word_1_267' title='bbox 820 3242 890 3296; x_wconf 91' lang='lat' dir='ltr'>sunt</span> <span class='ocrx_word' id='word_1_268' title='bbox 910 3236 1101 3313; x_wconf 80' lang='lat' dir='ltr'>Scriptores,</span> 
     </span>
     <span class='ocr_line' id='line_1_39' title="bbox 141 3318 1102 3398; baseline 0.001 -18"><span class='ocrx_word' id='word_1_269' title='bbox 141 3322 368 3398; x_wconf 87' lang='lat' dir='ltr'>probaruulque</span> <span class='ocrx_word' id='word_1_270' title='bbox 390 3320 518 3379; x_wconf 83' lang='lat' dir='ltr'>Romani</span> <span class='ocrx_word' id='word_1_271' title='bbox 542 3320 714 3389; x_wconf 83' lang='lat' dir='ltr'>Pontifices,</span> <span class='ocrx_word' id='word_1_272' title='bbox 732 3337 786 3380; x_wconf 91' lang='lat' dir='ltr'>uec</span> <span class='ocrx_word' id='word_1_273' title='bbox 802 3318 909 3379; x_wconf 88' lang='lat' dir='ltr'>validis</span> <span class='ocrx_word' id='word_1_274' title='bbox 924 3319 1102 3381; x_wconf 86' lang='lat' dir='ltr'>destituitur</span> 
     </span>
     <span class='ocr_line' id='line_1_40' title="bbox 141 3400 1104 3479; baseline -0.002 -17"><span class='ocrx_word' id='word_1_275' title='bbox 141 3400 332 3479; x_wconf 87' lang='lat' dir='ltr'>conjecturis.</span> <span class='ocrx_word' id='word_1_276' title='bbox 356 3401 502 3475; x_wconf 82' lang='lat' dir='ltr'>Quamvis</span> <span class='ocrx_word' id='word_1_277' title='bbox 529 3400 606 3462; x_wconf 82' lang='lat' dir='ltr'>torte</span> <span class='ocrx_word' id='word_1_278' title='bbox 628 3402 727 3461; x_wconf 86' lang='lat' dir='ltr'>desint</span> <span class='ocrx_word' id='word_1_279' title='bbox 747 3400 897 3462; x_wconf 72' lang='lat' dir='ltr'>,ductores</span> <span class='ocrx_word' id='word_1_280' title='bbox 925 3408 1104 3478; x_wconf 84' lang='lat' dir='ltr'>contempo-</span> 
     </span>
     <span class='ocr_line' id='line_1_41' title="bbox 140 3481 1103 3549; baseline -0.002 -6"><span class='ocrx_word' id='word_1_281' title='bbox 140 3486 224 3545; x_wconf 88' lang='lat' dir='ltr'>ranei</span> <span class='ocrx_word' id='word_1_282' title='bbox 249 3483 464 3544; x_wconf 85' lang='lat' dir='ltr'>institutionem</span> <span class='ocrx_word' id='word_1_283' title='bbox 487 3482 596 3544; x_wconf 87' lang='lat' dir='ltr'>Sancto</span> <span class='ocrx_word' id='word_1_284' title='bbox 619 3481 777 3541; x_wconf 89' lang='lat' dir='ltr'>Dominico</span> <span class='ocrx_word' id='word_1_285' title='bbox 798 3481 1010 3549; x_wconf 87' lang='lat' dir='ltr'>adscribentes,</span> <span class='ocrx_word' id='word_1_286' title='bbox 1036 3499 1103 3542; x_wconf 92' lang='lat' dir='ltr'>ma·</span> 
     </span>
     <span class='ocr_line' id='line_1_42' title="bbox 139 3562 1103 3643; baseline -0.002 -18"><span class='ocrx_word' id='word_1_287' title='bbox 139 3568 189 3643; x_wconf 77' lang='lat' dir='ltr'>gni</span> <span class='ocrx_word' id='word_1_288' title='bbox 205 3566 399 3626; x_wconf 87' lang='lat' dir='ltr'>nibilominus</span> <span class='ocrx_word' id='word_1_289' title='bbox 416 3566 560 3640; x_wconf 82' lang='lat' dir='ltr'>momenti</span> <span class='ocrx_word' id='word_1_290' title='bbox 578 3564 698 3624; x_wconf 91' lang='lat' dir='ltr'>traditio</span> <span class='ocrx_word' id='word_1_291' title='bbox 715 3563 850 3625; x_wconf 86' lang='lat' dir='ltr'>habenda</span> <span class='ocrx_word' id='word_1_292' title='bbox 866 3568 921 3631; x_wconf 86' lang='lat' dir='ltr'>est,</span> <span class='ocrx_word' id='word_1_293' title='bbox 946 3572 1015 3623; x_wconf 89' lang='lat' dir='ltr'>etrm</span> <span class='ocrx_word' id='word_1_294' title='bbox 1033 3562 1103 3642; x_wconf 92' lang='lat' dir='ltr'>plu·</span> 
     </span>
    </p>
   </div>
   <div class='ocr_carea' id='block_1_6' title="bbox 0 0 1264 4059">
    <p class='ocr_par' dir='ltr' id='par_1_7' title="bbox 0 0 1264 4059">
     <span class='ocr_line' id='line_1_43' title="bbox 0 0 1264 4059; baseline 0 4"><span class='ocrx_word' id='word_1_295' title='bbox 0 0 1264 4059; x_wconf 95' lang='lat' dir='ltr'> </span> 
     </span>
    </p>
   </div>
  </div>
 </body>
</html>
