2517 4059
474 209 695 282 mliii&-

106 336 274 401 aGra'ecis
296 342 491 413 celebratam,
515 342 551 401 er
574 344 729 402 notissima
751 340 956 402 Emmanuelis
977 342 1067 403 Com·

108 424 181 482 aeni
202 424 351 484 edictione
374 423 527 482 discimus.
544 422 685 484 Ceterum
709 426 737 483 in
761 422 895 484 Romana
918 421 1065 495 Ecclesia,

108 522 191 571 cam,
214 522 306 580 quarn
329 506 457 565 dicimus
478 504 671 565 lestiritatem
695 507 909 565 vetustissimis·
930 508 1067 583 tempori-

109 586 169 646 bus
190 588 237 663 agi
259 588 462 651 consuevisse,
487 586 671 663 antiquiores
688 588 890 648 Ecclesiastici
906 586 988 647 Libri
1012 604 1065 649 nos

109 668 231 729 docent.
265 666 299 727 ln
321 668 417 728 reteri
438 667 548 728 Codice
569 668 834 729 Sacramentorum
857 668 984 730 Sanciae
1007 668 1067 728 llo·

107 768 218 810 manae
233 750 386 811 Ecclesiae
408 748 613 810 aVenerabili
637 750 796 812 Cardinale
818 750 979 810 Tbomasio
1003 752 1065 812 edi-

108 840 154 901 to,
181 839 212 891 et
232 830 352 893 Gelasio
374 833 500 901 tributo,
517 830 676 892 Festiritas
700 830 928 913 Purifieotionie
953 830 984 892 S.
1000 832 1064 895 Ma-

108 915 179 974 riue
200 920 308 990 quarto
330 918 423 973 nonas
444 910 601 973 Februarii
625 917 758 991 ponitur.
789 911 923 974 Eandem
947 932 1066 991 quoque

108 996 305 1057 lestiritatem
321 1000 479 1056 recensent
500 1003 603 1055 vetera
620 996 848 1075 Martyrologia,
872 994 1065 1060 Kalendaria‚

107 1086 141 1139 et
157 1078 267 1153 reliqui
281 1076 484 1137 Ecclesiastiei
501 1076 595 1136 Libri.
618 1076 766 1151 Quoniam
782 1095 855 1137 vero
871 1077 928 1137 boe
943 1076 1066 1139 Festum

110 1161 285 1220 institutum
319 1160 376 1220 luit
403 1160 441 1218 ab
463 1158 595 1217 Ecclesia
619 1161 648 1217 in
672 1160 850 1219 memoriam
886 1159 964 1220 illius
988 1160 1066 1227 diei,

107 1260 173 1318 quo
188 1240 308 1301 Cbristo
330 1248 398 1302 c'unr
416 1240 589 1301 beatissima
604 1240 714 1310 Matre,
739 1244 771 1299 el
784 1240 914 1317 losepbo
930 1241 965 1300 ad
982 1240 1068 1302 Tem·

108 1322 195 1401 plum
218 1324 370 1382 accedenti
387 1325 505 1381 obuiam
527 1330 678 1383 venerunt
693 1322 823 1390 Simeon,
847 1330 878 1384 et
900 1324 984 1384 Anna
1001 1342 1069 1401 gra-

105 1405 251 1471 tulantes,
276 1411 308 1465 et
321 1404 532 1465 benedicentes
547 1402 622 1470 lleo,
647 1410 682 1463 ut
697 1405 826 1465 babetur
849 1406 939 1465 etiam
956 1408 985 1464 in
1001 1408 1066 1467 Me-

107 1486 231 1565 nelogio
253 1484 371 1546 Graeco
393 1487 525 1545 adhunc
547 1486 640 1552 diem,
667 1478 742 1547 ideo
756 1486 784 1543 in
807 1484 940 1546 Ecclesia
962 1487 1066 1547 Orien·

109 1567 164 1627 tali
188 1584 296 1628 nomen
311 1567 460 1647 Hypnnte,
484 1584 540 1626 seu
555 1565 734 1648 Hypopome
750 1569 887 1627 sortitum
904 1576 959 1635 est,
983 1569 1068 1645 quasi

107 1666 278 1721 occursus,
302 1668 364 1725 quo
385 1650 473 1709 alicui
497 1649 634 1717 honoris,
659 1656 689 1710 et
709 1649 806 1709 Ollicii
829 1650 923 1727 gratia
947 1652 1068 1709 obviarn

110 1730 185 1790 itur.
221 1732 270 1791 Ab
291 1732 443 1804 aliquibus
466 1748 539 1790 vero
563 1730 674 1789 dicitur
695 1730 835 1810 Hyponte
858 1731 1000 1800 Domini,
1031 1730 1068 1789 ab

102 1812 180 1872 ⁴aliis
201 1819 305 1873 autem
328 1811 467 1892 Hypsele
489 1812 644 1877 Simeonis,
669 1819 700 1871 et
721 1812 837 1877 Annae,
862 1813 912 1872 sed
936 1831 951 1872 a
973 1813 1069 1873 Theo·

111 1894 258 1971 phylactn
280 1893 443 1953 Simocatle
468 1895 531 1953 Lib.
559 1891 639 1953 vm
653 1892 816 1958 Historiae,
834 1890 907 1969 Cap.
924 1894 943 1953 ln
965 1892 1066 1972 appel-

109 1975 194 2035 latur
220 1974 462 2053 Quadrupesimu
487 1974 550 2034 dies
566 1976 747 2036 celebritatis
773 1973 934 2035 Neratium
960 1974 1068 2055 Magni

110 2057 170 2117 Dei
183 2057 278 2117 lesus.
302 2056 348 2115 Ex
370 2062 531 2133 praecepto
553 2057 578 2113 si
593 2057 713 2130 quidem
737 2056 824 2135 Legis
840 2055 988 2118 Mosaicae
1001 2076 1070 2117 mu·

111 2138 181 2206 lier,
206 2156 284 2215 quae
299 2138 467 2198 masculum
484 2143 655 2212 pepererat,
673 2139 779 2215 elapsis
795 2138 989 2217 quadraginta
1006 2140 1069 2199 die-

109 2220 171 2279 bus
193 2218 412 2295 purificabatur
433 2220 463 2277 in
486 2218 706 2290 Tabernaculo,
730 2226 762 2279 et
784 2226 850 2295 post
871 2218 1030 2299 Templum
1052 2238 1070 2279 a

110 2299 273 2361 Salamone
288 2306 506 2368 constructum,
531 2302 559 2359 in
575 2298 713 2378 Templo.
739 2302 938 2363 oblationibus
960 2302 1071 2380 alege

112 2384 308 2458 praescriptis
329 2388 361 2442 et
380 2384 519 2457 quamvis
541 2383 703 2459 purissima
725 2381 778 2441 llei
802 2380 960 2450 Genitrix,
995 2400 1072 2459 quae

110 2463 151 2523 de
173 2463 289 2541 Spiritu
311 2462 644 2539 Sancto-conceperat.
681 2464 761 2523 nulla
790 2482 913 2541 prorsus
937 2464 1072 2543 purifica·

111 2546 196 2606 tione
211 2546 371 2622 indigeret,
396 2551 427 2605 et
449 2562 465 2602 a
481 2545 632 2619 praedicta
649 2544 737 2621 legis
759 2546 950 2621 dispositione
967 2548 1071 2608 immu-

113 2628 163 2685 nis
183 2633 287 2692 esset,
312 2628 508 2686 nibilominus
530 2625 707 2686 Beatissima
731 2626 850 2704 Virgo,
876 2630 1074 2705 quadraginta

113 2708 224 2767 diebus
238 2710 347 2785 elapsis
369 2726 385 2767 a
408 2705 562 2768 salulilero
585 2714 686 2785 partu,
710 2708 807 2767 voluit
828 2710 1011 2786 praedictam
1034 2711 1074 2769 le·

110 2807 183 2867 gem
206 2789 393 2864 adimplere,
417 2795 448 2849 et
468 2790 598 2849 caeteris
619 2790 778 2867 puerperis
812 2807 843 2849 se
866 2790 1070 2851 conformare.

111 2869 155 2929 Et
176 2887 212 2929 re
235 2872 356 2947 quidem
378 2889 450 2931 uera
473 2870 652 2930 Beatissima
674 2868 769 2948 Virgo
799 2872 949 2931 maximae
973 2872 1074 2933 burni-

112 2953 211 3013 litatis
245 2954 340 3028 gratia
363 2952 452 3031 Legis
472 2957 797 3030 praeceptum-sponte
819 2954 1009 3024 obsecrarit3
1043 2958 1075 3013 et

112 3049 208 3110 quam
231 3032 369 3094 Salvator
393 3034 421 3092 in
443 3050 561 3093 summa
583 3035 718 3110 egestate
741 3034 899 3093 mortalem
915 3035 1006 3093 vitam
1030 3036 1076 3093 in·

113 3114 201 3191 gredi
224 3116 391 3184 voluisset,
415 3132 473 3173 non
495 3131 606 3189 agnum
628 3130 699 3171 cum
723 3116 805 3192 pullo
829 3116 998 3187 columbae,
1022 3121 1075 3175 aut

113 3196 255 3264 turturis,
281 3196 333 3255 sed
355 3194 432 3255 duos
446 3199 591 3262 turtures,
615 3195 664 3254 vel
687 3194 763 3257 duos
778 3194 984 3256 columbarum
1009 3199 1076 3274 pnl-

114 3278 160 3337 los
183 3276 287 3335 offerri
317 3294 371 3355 pro
400 3294 432 3336 se
453 3276 575 3346 volarit,
604 3276 648 3335 uti
671 3275 702 3335 S.
727 3276 912 3353 Augustinus
936 3274 998 3337 Lib.
1022 3274 1079 3337 ΙΙΙ

118 3355 247 3433 Qoaes't
271 3360 310 3428 in·
327 3356 490 3419 Leaniticum
513 3365 627 3436 quaest.
651 3355 695 3417 40
714 3377 799 3431 num.
818 3358 840 3417 4
861 3361 1004 3437 scriptum
1027 3376 1076 3419 sa·

116 3442 237 3519 plenter
259 3440 389 3516 reliquit.

153 3519 195 3581 ll.
222 3519 289 3581 uno
312 3522 489 3597 praesertim
512 3520 571 3579 bac
603 3520 632 3577 in
656 3518 819 3580 festivitate
842 3522 1005 3600 singularia
1027 3534 1075 3582 oc·

116 3608 268 3673 currunt,
291 3620 449 3665 cereorum
473 3600 642 3663 benedictio
664 3607 695 3663 et
715 3603 881 3679 processio.
907 3603 1076 3665 Cardinalis

295 3725 299 3731 .
906 3701 920 3732 Ι
1067 3698 1073 3705 ’
