2517 4059
587 192 810 265 semidiidffi·

219 325 384 388 Cardinalis
407 322 599 390 Tbomasius,
623 323 676 399 qni
699 324 811 401 pariter
831 323 948 384 erudite
970 322 1113 384 discurrit
1132 325 1167 385 de

219 408 299 468 dicto
315 406 460 467 Graduali
484 403 511 463 in
534 404 720 482 praefatione
742 404 875 483 praelixa
895 407 957 465 auis
971 406 1107 485 antiquis
1120 403 1167 467 b·-

218 492 280 551 bris
295 487 468 556 Missurum,
493 504 593 565 apag.
610 486 649 545 21
673 505 768 565 usque
788 489 825 547 ad
848 506 916 565 pag.
933 486 992 558 293
1016 494 1048 549 et
1069 489 1100 547 in
1114 490 1168 549 alia

218 571 401 651 praefatione
424 570 547 629 alterius
568 570 684 645 operis,
707 571 756 630 cui
779 570 894 632 titulus:
917 568 1167 648 Responsorinlim
1256 569 1257 624 i

219 665 244 715 et
273 652 494 732 Antipboemrin
523 648 677 709 Romaene
704 650 852 712 Ecclesiae
880 669 947 729 pag.
981 650 1000 712 d
1026 660 1058 714 et
1085 668 1181 730 sequ·

218 734 378 796 Praeterea
401 740 492 810 agunt
505 735 595 794 etiam
611 733 648 793 de
664 733 721 793 boc
735 731 878 795 Graduali
893 732 984 811 lingo
998 732 1167 803 Menardus,

217 818 365 878 Antonius
387 814 511 875 bellotte
533 821 564 875 et
584 815 646 875 alii.

258 899 313 960 ΙΙΙ.
338 897 410 956 Post
424 895 573 956 Graduale
589 898 729 957 dicuntur
743 896 803 957 duo
819 895 960 977 Alleluia,
978 896 1086 959 deinde
1101 917 1167 961 rer·

217 998 277 1049 sus,
301 987 333 1043 et
356 987 422 1057 post
443 996 564 1039 versum
581 997 675 1039 unum
692 977 843 1060 Attetnje:
865 979 1165 1055 temporePescbali‚

216 1064 333 1141 quaudo
355 1059 504 1122 Graduale
533 1079 589 1121 uon
612 1062 743 1127 dicitur,
773 1064 840 1138 post
860 1061 1024 1123 secundum
1046 1080 1168 1125 versum

178 1175 183 1184 ·
215 1146 325 1205 dieitur
348 1144 427 1203 aliud
450 1140 594 1223 AlleluJ‘m
612 1141 679 1202 Vox
701 1102 812 1223 Aitctuj
813 1161 833 1201 n
854 1140 901 1204 e'st
921 1162 979 1203 vex
1002 1143 1166 1210 hebraica,

216 1234 247 1287 et
268 1223 414 1301 significat
427 1165 560 1284 Laudato
576 1225 748 1284 Dominum.
766 1226 882 1286 Auctor
896 1224 979 1285 Libri
1002 1224 1037 1283 dc
1056 1228 1133 1289 aits
1144 1237 1169 1286 ct

216 1319 311 1368 morte
333 1306 551 1387 Prophetarum
574 1307 651 1368 iuter
671 1324 764 1385 opera
784 1304 816 1365 S.
829 1306 990 1384 Epiphanii
1011 1305 1169 1385 Aggaeum

215 1387 396 1466 Prophetam
419 1388 568 1471 primum
574 1388 666 1449 luisse
686 1391 752 1457 ait,
780 1389 832 1464 qui
855 1386 968 1469 Mileto
968 1390 1166 1458 ecantavit,

218 1490 289 1533 cum
317 1489 424 1531 novam
446 1460 568 1546 Templi
585 1476 767 1532 structuram
790 1470 875 1531 vidit.
899 1411 966 1530 Sed
985 1488 1022 1530 er
1045 1470 1169 1534 Psalmis

217 1560 332 1614 constat
363 1554 495 1630 primum
524 1551 589 1630 ejus
611 1552 775 1614 Auctorem
806 1551 897 1613 inisse
923 1550 1022 1612 David
1041 1552 1168 1631 Regem.

214 1637 307 1698 Extat
327 1637 451 1697 etiem
444 1654 473 1694 m
495 1634 584 1694 Libro
606 1634 717 1696 Tobiae
738 1634 812 1712 Cap.
830 1632 904 1695 Xlll
926 1652 981 1695 nec
1002 1635 1073 1695 alibi
1098 1636 1170 1711 legi-

216 1725 267 1777 tur
289 1717 318 1777 in
342 1724 402 1779 tota
424 1718 500 1777 serie
522 1718 634 1778 veteris
655 1716 850 1778 Testamenti
874 1715 915 1776 At
937 1716 967 1775 in
988 1734 1065 1777 nova
1088 1716 1169 1796 lege

215 1799 360 1860 loannes·
357 1798 521 1877 Apostolus
554 1800 582 1858 in
611 1817 666 1860 sua
697 1798 866 1859 admirabili
886 1797 1070 1878 Apocalypsi
1091 1796 1166 1878 Cap.

214 1880 293 1941 XIX
314 1882 409 1943 refert
433 1900 464 1941 se
487 1880 640 1942 audisse'
632 1900 662 1939 m
683 1879 775 1965 Coelo
796 1897 997 1959 supernarum
1021 1883 1168 1945 virtutum

215 1960 328 2025 Choros
351 1964 508 2041 psallentes
530 1960 683 2044 l:ttelue
706 1969 738 2025 ut
746 1955 827 2023 inde
848 1980 1063 2040 cognoscamus
1085 1964 1168 2027 uobi-

216 2046 361 2105 lissimum
385 2046 442 2105 lroc
465 1986 640 2105 Canticum
650 2044 810 2105 eeoelis
803 2063 832 2103 m
855 2042 1019 2106 Ecclesiam
1041 2046 1167 2107 descen-

215 2128 302 2195 disse,
326 2133 408 2188 extat
429 2127 549 2187 etiam
543 2146 571 2185 ιιι
594 2127 730 2187 omnibus
745 2126 887 2204 Litrrrgiis
902 2124 1101 2188 Graecorum.
1119 2127 1168 2187 Di·

214 2209 293 2268 citur
315 2208 397 2269 iuxta
419 2208 561 2270 Ordinem
584 2206 783 2269 Romanum
777 2226 805 2266 m
828 2208 919 2269 Missa
942 2217 1008 2286 post
1028 2209 1166 2271 Gradus-

213 2290 265 2359 le,
289 2297 356 2367 post
378 2293 492 2351 luctum
514 2291 593 2349 enim
616 2308 730 2367 equum
752 2295 808 2361 est,
827 2296 861 2350 ut
875 2290 987 2351 laetitia
1010 2297 1164 2369 sequatur,

213 2379 281 2449 post
303 2371 434 2433 laborem
457 2372 597 2449 requies;
608 2389 677 2448 ·per
699 2388 766 2430 eam
782 2371 892 2449 quippe
913 2374 1093 2450 exprimitur
1116 2392 1167 2451 pe-

212 2455 367 2533 regrinum
390 2453 543 2531 gaudium,
560 2453 670 2530 quod'
662 2470 692 2511 m
707 2450 797 2514 Coelo
821 2454 988 2517 laborantes
1010 2462 1041 2516 et
1061 2454 1167 2533 lugen-

212 2541 259 2597 tes
280 2542 443 2613 expectat‚
472 2554 541 2597 eum
570 2533 752 2611 plenitudine
778 2535 877 2613 gaudii
905 2540 937 2597 et
960 2537 1164 2603 exultationis

213 2614 388 2679 Geminatur
410 2619 447 2678 ob
463 2617 624 2695 duplicem,
644 2633 735 2712 quam
755 2625 959 2693 expectemus,
976 2616 1167 2695 glorificatio·

215 2718 294 2767 uem,
318 2701 408 2759 animi
431 2702 544 2760 scilieet
566 2699 761 2793 etcorporis
778 2697 907 2759 Additur
929 2718 1045 2770 versus,
1068 2704 1101 2761 et
1121 2703 1167 2763 al·

215 2787 311 2842 terum
334 2780 491 2863 Attctuj‚o
521 2782 604 2857 quasi
627 2780 835 2841 intermixtum
858 2781 898 2841 sit
920 2780 1077 2843 Grcdsele
1099 2789 1165 2845 tum

214 2863 412 2929 luctantum
436 2866 558 2930 laetitia,
576 2881 612 2922 ue
636 2861 837 2923 deficiamus
830 2881 859 2921 ιιι
882 2862 939 2921 bac
962 2865 1022 2925 vita
1042 2882 1163 2926 aerum·

213 2958 321 3005 aarum
344 2945 441 3023 plena.
466 2943 539 3006 Esse
561 2951 664 3004 autem
687 2942 819 3023 Altelejo
839 2942 995 3006 Canticum
1019 2946 1163 3020 laetitiae,

213 3032 244 3088 et
266 3029 375 3087 atterite
397 3026 551 3088 intermitti
575 3028 602 3086 iu
624 3026 731 3086 diebus
753 3027 976 3101 poenitentiae,
1001 3033 1031 3087 ot
1050 3029 1163 3097 luctus,

213 3114 296 3186 patet
318 3127 353 3167 ex
376 3107 527 3187 Scriptura
544 3108 663 3177 Divina,
687 3125 755 3167 nam
772 3107 882 3168 Tobiae
904 3106 1000 3185 Caput
1013 3109 1087 3171 Xlll
1111 3111 1163 3172 ubi

212 3186 393 3251 describitur
415 3190 509 3267 gloria
532 3188 669 3249 coelestis
684 3188 889 3258 Hierusalem,
913 3191 992 3251 iuter
1013 3193 1069 3253 alia
1091 3192 1164 3270 legi

212 3290 303 3333 mus.
328 3270 367 3333 m
387 3290 440 3351 per
461 3274 538 3332 eicos
559 3273 622 3349 ejus
638 3268 770 3353 Allctuje
791 3272 969 3334 cantabitur.
987 3273 1032 3335 lta
1053 3275 1162 3352 pariter

216 3356 246 3413 in
270 3352 450 3431 Apocalypsi
473 3353 545 3431 Cap
563 3352 643 3413 xlx
665 3354 835 3415 describens
856 3353 980 3415 loannes
1001 3354 1164 3433 Apostolus

213 3434 356 3496 laetitiam
381 3434 570 3506 Sanctorum,
593 3452 673 3511 quae
694 3436 781 3498 erit
772 3455 802 3495 m
817 3433 906 3497 Coelo
928 3441 995 3511 post
1014 3436 1125 3499 diem
1112 3456 1161 3515 pn·

212 3516 307 3576 dieii:
328 3514 369 3575 m
391 3515 507 3585 audiui,
531 3518 650 3593 inquit,
671 3534 823 3579 uocem..
841 3516 1067 3581 ..dicentium
1082 3516 1161 3582 Atte-

211 3600 289 3678 tnjn‚
314 3597 516 3677 pendeamus,
541 3606 567 3657 et
590 3600 764 3671 encltcmur,
789 3609 843 3661 cte.
867 3597 947 3661 Hinc
967 3602 1080 3681 optime
1100 3598 1162 3662 lin·
