2517 4059
588 215 812 285 minoas

219 345 373 421 sponsorio
389 344 536 405 Lectionis
551 343 595 405 lll
609 344 738 405 Secundi
761 343 904 405 Nocturni
929 344 956 415 in
979 344 1026 403 die
1041 340 1177 403 Circum-

218 427 351 505 cisionis:
374 425 535 486 Benedicta
560 437 588 484 et
612 428 791 487 venerabilis
812 445 840 485 es
859 425 1074 502 l's'rpodlarim
1100 440 1175 502 quoa

218 510 282 567 aina
297 518 380 568 tacta
391 509 520 585 pudoris
541 511 666 568 irrorata
681 528 709 569 es
731 507 832 569 Mater
847 508 1010 569 Salomonis
1025 527 1031 565 :
1057 506 1175 566 lacebat

219 590 428 669 inprompto,
456 602 481 649 et
495 592 628 669 [stipabat
644 594 678 649 in
693 592 783 651 carto.
811 589 937 649 Domina
953 589 1059 648 audiui
1085 586 1175 655 andi,-

220 682 394 739 tumtunm,
419 683 445 731 et
466 675 566 732 timui:
588 672 775 732 consideravi
796 689 889 747 opero
912 681 975 735 tuo,
1001 681 1026 731 at
1051 670 1171 747 capam:

218 754 253 810 in
266 752 364 814 medio
380 753 510 813 duorum
524 755 715 813 animalium.
741 755 820 813 Alibi
843 754 933 813 etiam
958 754 985 811 in
1003 751 1175 827 Responsa-

219 836 263 893 rio
286 834 433 894 Lectionis
457 839 569 912 primae
592 836 720 895 Secundi
752 834 899 895 Nocturni
923 832 1092 897 Natiuitatis
1117 832 1175 892 bo-

217 918 305 975 mini:
328 916 355 975 Ο
378 937 519 996 tuaquom
544 920 729 996 anastasium,
754 929 782 979 et
805 915 982 975 admirabile
995 916 1174 975 Sacramen-

218 1010 292 1066 tum,
317 1011 349 1059 ut
364 1001 513 1060 animatio
529 1000 661 1059 siderant
678 1001 842 1059 Dominum
858 1006 963 1057 notam
975 999 1125 1077 jacentem
1140 1003 1175 1063 in

213 1084 379 1159 praesepio.
414 1075 472 1141 Sed
494 1082 565 1141 illud
588 1090 634 1139 est
658 1084 685 1141 in
710 1082 765 1141 bac
789 1101 821 1141 re
843 1082 1061 1156 praecipuum,
1093 1080 1172 1157 qarod

217 1164 352 1237 picturae
380 1171 412 1224 et
433 1180 585 1223 marmora
607 1164 635 1222 V
659 1164 778 1223 saeculo
801 1162 967 1223 vetustiora
999 1161 1035 1243 ad
1059 1164 1172 1225 Christi

217 1243 334 1303 tutantis
357 1263 500 1321 praesepe
527 1245 634 1305 bovem
658 1252 688 1305 et
709 1248 824 1306 asinum
847 1243 1001 1303 exhibent.
1027 1244 1174 1305 licetissi·

215 1340 284 1383 mus
304 1324 494 1402 Praepositus
515 1324 587 1386 (lori
609 1346 728 1387 sacram
751 1335 975 1387 monumentum
995 1327 1029 1385 in
1044 1328 1173 1405 antiquo

213 1405 292 1465 citro
307 1425 489 1484 expressam,
504 1420 531 1468 et
549 1410 583 1468 in
597 1428 695 1468 moseo
723 1408 854 1471 Victoria
878 1405 991 1466 Romae
1007 1418 1172 1479 seruatum,

215 1487 322 1564 (cuijus
344 1491 504 1567 imaginem
527 1510 598 1551 aere
618 1508 791 1568 expressam
815 1489 971 1566 praeponit
990 1492 1074 1567 operi
1098 1488 1174 1551 San·

216 1571 325 1629 nazarii
349 1571 384 1629 de
410 1570 508 1632 Porto
533 1574 666 1651 Vispinr's
687 1592 707 1632 o
741 1573 854 1635 comite
876 1570 1014 1629 lolianus.
1032 1570 1173 1633 Bortolo·

214 1669 299 1711 maco
317 1652 480 1730 Cesarepio
502 1664 614 1714 etrusco
636 1656 771 1715 carusius
794 1650 929 1732 reddito)
951 1654 1116 1729 evulgavit,
1142 1658 1172 1717 iu

213 1750 273 1810 quo
289 1753 364 1811 puer
379 1735 465 1795 lesus
479 1736 641 1797 exhibetur
657 1736 754 1796 lasciis
770 1737 942 1804 obvolutus,
960 1734 1094 1795 adstante
1107 1734 1173 1797 lda-

214 1817 258 1875 ria
280 1822 311 1876 et
332 1815 465 1894 loseph:
489 1836 580 1895 porro
602 1836 697 1894 prope
719 1836 848 1896 puerum
871 1814 973 1876 lesum
995 1820 1173 1878 extantasi-

213 1909 269 1956 nus
301 1898 438 1967 etbos,
471 1900 677 1976 eumdemque
705 1919 834 1975 puerum
859 1898 954 1959 balitu
988 1916 1042 1958 suo
1065 1898 1172 1963 lovere

211 1979 351 2039 videntur
372 1987 402 2041 et
423 1981 616 2050 calefacere,
645 1986 736 2058 atque
765 1984 821 2043 boc
848 1981 968 2057 quidem
992 1998 1172 2042 mouumen-

213 2067 277 2119 tum
295 2063 423 2121 'saeculo
434 2062 477 2124 lll
491 2064 681 2123 elaboratum
698 2071 784 2140 putat
799 2066 876 2125 idem
900 2062 1094 2123 doctissimus
1108 2062 1172 2125 Go-

212 2141 249 2199 ri.
274 2139 430 2216 Ejusmodi
452 2153 498 2203 est
519 2147 610 2205 etiam
635 2147 752 2223 pictura
776 2146 924 2223 quaedam
947 2148 976 2204 in
999 2142 1172 2221 Sarcopba-

211 2222 276 2297 gis,
300 2240 353 2282 seu
376 2225 550 2300 Seputotnis
571 2222 710 2287 veterum
728 2225 995 2293 Christianorum,
1028 2227 1117 2287 editis
1140 2230 1171 2286 in

212 2302 310 2363 Romo
324 2302 535 2376 subterraneo,
549 2313 580 2368 et
594 2308 730 2369 aloauue
745 2309 880 2369 Battario
893 2307 1171 2370 illustratisl'om.l

209 2385 323 2445 Tabula
346 2388 387 2448 22
409 2407 477 2466 pag.
500 2388 552 2455 88.
575 2396 607 2451 et
626 2390 678 2450 89.
703 2391 790 2469 Apud
807 2392 940 2457 Arabes,
965 2390 1045 2468 apud
1070 2408 1173 2451 remo«

211 2468 341 2527 tissimos
356 2469 591 2545 Mesopotamiae
606 2473 732 2539 incolas,
750 2473 828 2549 apud
845 2470 988 2540 Graecos,
1005 2471 1083 2548 apud
1103 2472 1170 2533 Μο,

210 2568 277 2609 scos
299 2551 402 2611 codem
431 2554 616 2613 coosrretndo
639 2556 751 2631 pariter
777 2556 898 2631 viguit,
931 2554 1021 2632 cujus
1043 2555 1169 2627 quidem

211 2632 253 2691 rei
277 2633 466 2705 paucissima.
492 2636 542 2695 sed
566 2654 601 2696 aa
623 2637 800 2717 indubitata,
815 2636 973 2717 indicabo(
996 2632 1170 2714 premeri-

211 2712 260 2771 der
275 2711 390 2774 Graeco
405 2719 517 2776 Morcus
530 2717 684 2796 evulgavit
699 2718 922 2795 Papebrocbius
939 2714 1073 2775 bollandi
1096 2735 1172 2777 cou-

210 2795 353 2855 tinuator.
377 2797 458 2857 luter
480 2800 580 2872 icones
600 2819 674 2861 nero
697 2802 725 2859 iu
748 2818 784 2860 eo
807 2802 898 2861 Libro
919 2816 989 2859 aare
1011 2816 1170 2875 expressas

160 2898 162 2903 ·
208 2877 321 2936 videbit
342 2878 451 2940 Lector
474 2899 618 2958 praesepe
641 2882 759 2941 Domini
782 2900 850 2943 cum
876 2882 951 2941 bove
969 2886 1005 2941 et
1025 2880 1108 2942 asino
1130 2900 1171 2943 ex

208 2960 295 3019 valde
317 2968 434 3022 vetrrsto
456 2964 622 3038 exemplari
654 2964 852 3039 descriptum.
872 2968 915 3022 nt
935 2960 1066 3021 Graecas
1095 2982 1169 3024 sana

207 3041 343 3115 picturas
366 3062 422 3103 non
446 3045 521 3105 adeo
545 3044 748 3121 infrequentes
771 3046 934 3107 babemus.
960 3051 1049 3103 ntea
1073 3044 1111 3103 de
1134 3064 1169 3107 re

208 3119 346 3182 dubitare
370 3127 530 3200 possimus.
554 3127 679 3187 Praeter
701 3145 766 3187 earn
790 3145 881 3205 quam
905 3126 996 3187 babet
1013 3124 1168 3201 Papabro-

207 3202 316 3270 obius,
341 3223 430 3265 unam
454 3212 570 3267 tautam
595 3209 644 3267 bic
667 3209 824 3279 iudicabo,
849 3226 937 3284 quam
960 3208 1096 3285 praeteri
1117 3228 1167 3271 ce·

207 3284 441 3346 lebratissimum
468 3289 567 3348 Basilii
591 3290 817 3369 Menologium,
841 3289 962 3359 Urbini,
986 3290 1168 3366 praeclaris-

206 3366 273 3425 simi
294 3367 458 3427 Cardinalis
481 3370 590 3430 Albani
613 3390 684 3433 cura
707 3374 834 3433 editum.
866 3372 965 3431 Palam
989 3371 1108 3433 scilicet
1134 3374 1166 3433 in

206 3448 242 3507 iis
264 3448 411 3509 Dominus
434 3452 463 3509 in
486 3469 617 3531 paupere
640 3472 716 3514 cuna
739 3455 943 3531 exprimitur,
966 3472 1037 3513 eum
1062 3454 1167 3515 iouen-

204 3530 284 3589 tibus
305 3530 398 3592 halitu
415 3550 469 3592 suo
492 3533 566 3595 bove
589 3543 620 3597 ct
641 3536 735 3597 asino.
760 3536 806 3596 Ad
830 3535 1015 3597 excludenda
1036 3554 1055 3596 a
1076 3535 1167 3598 Prae2

205 3626 276 3688 sepe
299 3611 417 3673 Domini
448 3632 518 3677 vera
545 3617 707 3679 animantia
738 3618 857 3691 bovem
875 3623 906 3679 et
927 3618 1070 3689 asinum,
1106 3637 1168 3679 non
