2517 4059
475 208 699 280 mabillam»

114 344 218 417 pertus
239 336 400 398 Tulliensis
423 336 524 399 abbas
546 337 642 399 bibl
664 338 699 399 de
721 338 838 400 Divinis
856 336 967 421 Officiis
981 337 1060 419 ilap.

110 420 153 482 st
176 420 217 480 ait
238 419 387 481 Graduale
409 437 474 480 esse
497 421 661 483 versiculos
682 421 719 480 ad
742 420 952 499 poeniteutiam
973 424 1063 500 perti·

114 508 229 573 nentes,
254 509 285 562 et
306 502 373 562 ideo
395 499 530 562 Paschali
553 508 690 580 tempore
712 504 823 572 omitti,
847 503 972 582 ejusque
995 506 1061 567 looo

112 584 260 663 duplicari
276 581 418 665 Alleluja,
442 588 509 659 quia
532 589 626 645 totum
651 583 722 645 illud
746 590 863 661 tempus
879 587 1060 647 remissionis

110 672 141 728 et
157 668 288 728 laetitiae
310 672 364 731 est,
383 667 461 726 sicut
482 666 666 726 econtrario
689 684 705 725 a
721 665 945 743 septuagesima
967 687 1060 745 usque

113 749 149 808 ad
173 747 287 809 Pascha
310 748 406 807 omitti
423 746 563 828 Allelojo,
587 756 617 809 et
639 747 783 826 duplicari
805 766 850 813 ea,
868 767 945 826 quae
967 750 1003 809 ad
1020 751 1061 811 lu·

110 836 207 901 ctum,
231 834 261 890 et
284 830 495 907 poeniteutiam
521 831 681 907 pertinent.
698 827 810 889 Eadem
833 830 870 889 de
891 848 980 892 eausa
1002 851 1061 893 nou

110 913 221 973 dieitur
243 913 271 971 iu
295 911 392 971 Missis
407 909 513 971 Feriae
530 911 696 981 Adventus,
713 912 849 985 Quatuor
863 912 1058 989 Temporum,

111 1002 141 1054 et
164 994 289 1073 Vigiliis,
310 1012 391 1071 ¹quae
416 994 601 1064 ieiunantur3
626 1011 684 1052 vox
707 994 787 1054 euim
808 996 908 1055 tantae
929 997 1059 1057 laetitiae

110 1076 256 1137 audienda
285 1080 410 1135 nonest
437 1076 464 1135 in
488 1076 592 1135 diebus
615 1076 772 1136 moeroris.
797 1074 862 1134 Nou
884 1079 1002 1137 canitur
1030 1078 1060 1137 iu

110 1156 201 1218 Festo
233 1156 285 1218 SS.
311 1158 516 1217 Innocentium
547 1162 672 1233 propter
700 1157 897 1235 plorationem
921 1158 1059 1228 Rachel,

108 1258 186 1317 quae
209 1238 348 1318 infigura
372 1239 535 1316 praecessit
556 1237 657 1300 luctus
673 1239 779 1300 Matris
801 1246 920 1301 nostrae
936 1241 1062 1313 Sanctae

110 1320 280 1388 Eoclesiae,
306 1328 340 1381 ut
362 1323 403 1382 ait
424 1320 604 1381 Bureardus.
630 1321 671 1381 At
691 1322 715 1380 si
738 1322 795 1381 lroc
816 1320 938 1383 Festum
961 1325 1062 1385 veniat

86 1407 140 1479 ,in
162 1404 210 1464 die
234 1403 399 1470 Dominica,
424 1409 561 1463 cantatur
584 1400 728 1483 Alleluia,
752 1403 790 1462 ob
813 1402 930 1465 Domini
953 1408 1062 1467 Resur-

110 1487 288 1548 rectionem.
312 1484 494 1546 Cautabatur
516 1484 586 1544 olim
609 1483 741 1563 Alleluia.
772 1486 801 1543 in
823 1488 959 1563 exequiis
979 1487 1062 1548 Chri·

110 1568 301 1638 stianorum,
323 1571 399 1627 teste
422 1565 609 1645 Hieronymo
634 1568 662 1626 in
684 1564 818 1647 Epistola
841 1567 1060 1629 aeaeaeom.

108 1652 160 1710 ubi
183 1650 316 1711 scribens
340 1650 378 1709 de
393 1648 579 1710 iuuenalibus
595 1648 747 1716 Fabiolae,
765 1649 817 1712 ait,
842 1649 921 1727 qood
942 1651 976 1707 in
990 1652 1062 1729 ipsis

107 1734 253 1792 sonabant
277 1729 399 1801 Psalmi,
424 1741 451 1791 et
473 1738 587 1791 aurato
609 1737 685 1790 tecla
714 1727 896 1808 Templorum
917 1732 951 1791 in
971 1734 1061 1793 subli-

106 1815 150 1873 mi
171 1814 321 1893 quatiebat
338 1814 476 1893 alleluja.
495 1810 612 1871 Morem
637 1812 730 1879 hunc,
752 1813 781 1870 in
797 1813 934 1891 exequiis
956 1814 1054 1875 adhue

108 1896 237 1957 retinent
258 1895 377 1955 Graeci.
396 1895 478 1955 Adeo
500 1898 600 1954 autem
624 1893 778 1953 familiaris
800 1902 866 1954 erat
888 1896 937 1954 hic
960 1894 1059 1973 Hym-

109 1994 164 2038 nus
186 1978 370 2057 temporibus
390 1974 452 2035 Divi
471 1974 657 2054 Hieronymi,
682 1980 715 2036 ut
737 1975 772 2034 de
788 1974 852 2050 ipso
867 1976 992 2038 Sanctus
1008 1977 1057 2037 hio

108 2059 220 2120 Ductor
241 2060 352 2120 scribat
377 2058 413 2117 ad
441 2057 569 2117 nobilem
594 2057 747 2135 Virginem
771 2054 964 2119 Eustochiam
987 2060 1058 2136 Epi·

106 2141 182 2201 stola
203 2143 243 2203 2¹1
264 2139 336 2217 Cap.
364 2140 401 2201 10
426 2138 493 2215 Quo
514 2140 597 2218 siquo
622 2138 771 2219 (Alleluia
791 2139 928 2218 scilicet)
952 2139 1058 2201 Mone-

108 2225 155 2283 cbi
168 2233 313 2283 vocantur
329 2222 368 2281 od
384 2222 551 2285 Collcclom.
570 2219 723 2281 Hactenus
737 2222 816 2281 dieta
830 2226 901 2283 satis
917 2225 1055 2294 inuuunt,

108 2304 240 2387 Allcloja
262 2307 392 2383 primum
408 2321 525 2382 semper
540 2304 635 2363 veluti
649 2303 809 2379 quamdam
824 2307 860 2364 ad
877 2306 1058 2367 laudandum

109 2384 207 2447 Deum
230 2388 492 2457 cohortationem,
517 2384 646 2447 alterum
677 2404 752 2445 vero
783 2390 937 2465 tamquam
959 2389 1059 2449 excla-

109 2470 272 2529 mationem
295 2470 401 2545 gaudio
416 2469 569 2537 relectam,
594 2486 648 2528 seu
669 2467 799 2528 laetitiae
822 2471 981 2545 quemdam
1004 2471 1058 2529 im·

109 2557 214 2629 petum
237 2556 405 2629 spectatum
428 2549 528 2617 luisse,
552 2568 611 2627 quo
626 2567 658 2610 se
681 2554 787 2608 mutuo
808 2551 844 2610 ad
866 2551 1061 2612 celebrandae

110 2633 166 2693 bei
188 2634 291 2693 laudes
325 2633 482 2692 universus
513 2632 643 2709 populus
664 2632 785 2693 excitat.
811 2633 844 2692 ln
868 2632 947 2693 herne
971 2632 1062 2694 linem

109 2716 149 2775 ab
170 2716 254 2775 annis
274 2713 336 2792 jam
362 2712 441 2775 1000
463 2714 499 2772 ad
523 2713 637 2772 caluom
660 2714 787 2792 alleluja
807 2714 978 2790 complures
1001 2715 1061 2792 ple-

112 2814 167 2857 nae
190 2797 320 2857 musime
343 2802 429 2856 nolae
452 2795 568 2855 additae
592 2796 814 2873 conspiciuntur
836 2798 916 2857 dicta
932 2795 1062 2857 Neome-

110 2891 160 2945 to,
183 2878 263 2955 quod
285 2876 413 2955 jubilum
436 2877 556 2936 dixeris.
856 2925 859 2932 ,

153 2959 208 3021 lv.
226 2959 249 3018 A
267 2952 490 3037 Septuagesima
514 2960 548 3017 ad
566 2958 644 3018 diem
661 2956 793 3017 Paschae
811 2978 863 3035 pro
880 2961 1004 3040 alleluja
1018 2961 1063 3019 di-

112 3044 189 3103 citur
206 3038 340 3110 Tractus,
366 3050 399 3103 ut
420 3041 523 3099 scribit
537 3039 691 3118 Rupertus
705 3038 807 3099 Abbas
828 3040 894 3100 Lib.
909 3041 935 3100 V
957 3041 992 3101 de
1007 3041 1061 3103 Di-

112 3124 187 3184 m‘nis
207 3120 315 3206 Officiis
329 3122 401 3201 Cap.
421 3119 458 3181 ll
479 3119 601 3181 Tractus
616 3127 716 3181 autem
732 3127 846 3182 constat
867 3126 981 3199 aliquot
995 3134 1063 3183 ver·

111 3206 224 3271 siculis,
241 3211 272 3265 et
293 3205 443 3265 interdum
468 3205 583 3281 integro
599 3200 727 3269 Psalmo,
745 3206 794 3281 qui
818 3212 885 3283 post
899 3206 1064 3283 Epistolam

109 3288 286 3349 recitantur.
310 3286 423 3345 Nomen
452 3282 574 3347 Tractus
594 3286 678 3345 veuit
698 3305 718 3345 a
741 3287 911 3359 trahendo3
944 3289 1064 3348 tractim

110 3370 203 3435 euim,
229 3369 370 3444 graviter,
388 3372 418 3428 et
438 3386 507 3427 cum
530 3369 691 3444 asperitate
705 3386 826 3435 vocum,
844 3376 874 3431 et
895 3370 1062 3446 prolixitate

109 3450 272 3529 verborum
294 3456 439 3518 cantatur,
463 3455 497 3510 ut
518 3450 626 3511 docent
640 3448 793 3516 Aleuiuus.
812 3451 980 3519 liprandus,
997 3452 1062 3512 Bel·

112 3533 265 3601 larmiuus,
282 3537 312 3592 et
325 3534 385 3593 alii.
404 3530 443 3592 In
459 3531 636 3593 coessendo
658 3532 751 3592 ueluti
772 3540 887 3594 troclea
910 3552 993 3596 voces
1013 3535 1062 3593 lo-

111 3614 217 3694 pulrres
238 3614 405 3693 qemitilms,
430 3624 456 3675 et
476 3614 614 3695 suspiriis
635 3611 789 3675 admissae
810 3625 900 3686 sual,
924 3623 956 3677 ut
979 3621 1062 3678 uolat
