<?xml version="1.0" encoding="UTF-8"?>
<!DOCTYPE html PUBLIC "-//W3C//DTD XHTML 1.0 Transitional//EN"
    "http://www.w3.org/TR/xhtml1/DTD/xhtml1-transitional.dtd">
<html xmlns="http://www.w3.org/1999/xhtml" xml:lang="en" lang="en">
 <head>
  <title>
</title>
<meta http-equiv="Content-Type" content="text/html;charset=utf-8" />
  <meta name='ocr-system' content='tesseract 3.04.00' />
  <meta name='ocr-capabilities' content='ocr_page ocr_carea ocr_par ocr_line ocrx_word'/>
</head>
<body>
  <div class='ocr_page' id='page_1' title='image "./institutionesli00marigoog_0209.png"; bbox 0 0 2517 4059; ppageno 0'>
   <div class='ocr_carea' id='block_1_1' title="bbox 454 218 679 293">
    <p class='ocr_par' dir='ltr' id='par_1_1' title="bbox 454 218 679 293">
     <span class='ocr_line' id='line_1_1' title="bbox 454 218 679 293; baseline -0.009 0"><span class='ocrx_word' id='word_1_1' title='bbox 454 218 679 293; x_wconf 42' lang='lat' dir='ltr'><strong>&amp;2⁰56st</strong></span> 
     </span>
    </p>
   </div>
   <div class='ocr_carea' id='block_1_2' title="bbox 97 344 1045 834">
    <p class='ocr_par' dir='ltr' id='par_1_2' title="bbox 97 344 1045 834">
     <span class='ocr_line' id='line_1_2' title="bbox 102 344 1042 427; baseline 0.001 -20"><span class='ocrx_word' id='word_1_2' title='bbox 102 344 173 411; x_wconf 81' lang='lat' dir='ltr'><strong>Ferro</strong></span> <span class='ocrx_word' id='word_1_3' title='bbox 190 344 417 427; x_wconf 73' lang='lat' dir='ltr'><strong>,irrumptionis</strong></span> <span class='ocrx_word' id='word_1_4' title='bbox 443 349 576 426; x_wconf 87' lang='lat' dir='ltr'><strong>idipsum</strong></span> <span class='ocrx_word' id='word_1_5' title='bbox 599 350 688 410; x_wconf 87' lang='lat' dir='ltr'><strong>docet</strong></span> <span class='ocrx_word' id='word_1_6' title='bbox 701 348 862 409; x_wconf 85' lang='lat' dir='ltr'><strong>Fuibertus</strong></span> <span class='ocrx_word' id='word_1_7' title='bbox 882 347 1042 411; x_wconf 85' lang='lat' dir='ltr'><strong>Carnotcn·</strong></span> 
     </span>
     <span class='ocr_line' id='line_1_3' title="bbox 98 428 1043 509; baseline 0.001 -20"><span class='ocrx_word' id='word_1_8' title='bbox 98 431 131 489; x_wconf 86' lang='lat' dir='ltr'><strong>sis</strong></span> <span class='ocrx_word' id='word_1_9' title='bbox 156 430 298 491; x_wconf 80' lang='lat' dir='ltr'>Sermone</span> <span class='ocrx_word' id='word_1_10' title='bbox 322 428 350 490; x_wconf 90' lang='lat' dir='ltr'><strong>ll</strong></span> <span class='ocrx_word' id='word_1_11' title='bbox 372 432 409 491; x_wconf 88' lang='lat' dir='ltr'><strong>de</strong></span> <span class='ocrx_word' id='word_1_12' title='bbox 431 428 603 492; x_wconf 84' lang='lat' dir='ltr'><strong>Notioitote</strong></span> <span class='ocrx_word' id='word_1_13' title='bbox 633 430 773 509; x_wconf 78' lang='lat' dir='ltr'><strong>Virginis.</strong></span> <span class='ocrx_word' id='word_1_14' title='bbox 797 429 967 489; x_wconf 85' lang='lat' dir='ltr'><strong>Assentitur</strong></span> <span class='ocrx_word' id='word_1_15' title='bbox 997 429 1043 491; x_wconf 89' lang='lat' dir='ltr'><strong>lris</strong></span> 
     </span>
     <span class='ocr_line' id='line_1_4' title="bbox 98 509 1044 598; baseline 0.003 -28"><span class='ocrx_word' id='word_1_16' title='bbox 98 509 195 572; x_wconf 85' lang='lat' dir='ltr'><strong>Petrus</strong></span> <span class='ocrx_word' id='word_1_17' title='bbox 217 510 354 571; x_wconf 78' lang='lat' dir='ltr'><strong>Damiani</strong></span> <span class='ocrx_word' id='word_1_18' title='bbox 377 512 521 598; x_wconf 73' lang='lat' dir='ltr'><strong>Sermone</strong></span> <span class='ocrx_word' id='word_1_19' title='bbox 544 512 588 589; x_wconf 83' lang='lat' dir='ltr'><strong>De</strong></span> <span class='ocrx_word' id='word_1_20' title='bbox 605 512 807 591; x_wconf 63' lang='lat' dir='ltr'><strong>ademptione</strong></span> <span class='ocrx_word' id='word_1_21' title='bbox 831 528 915 571; x_wconf 87' lang='lat' dir='ltr'><strong>num.</strong></span> <span class='ocrx_word' id='word_1_22' title='bbox 932 509 959 569; x_wconf 86' lang='lat'><strong>1.</strong></span> <span class='ocrx_word' id='word_1_23' title='bbox 984 509 1044 573; x_wconf 92' lang='lat' dir='ltr'><strong>Lu·</strong></span> 
     </span>
     <span class='ocr_line' id='line_1_5' title="bbox 97 592 1044 671; baseline 0 -20"><span class='ocrx_word' id='word_1_24' title='bbox 97 594 207 655; x_wconf 83' lang='lat' dir='ltr'><strong>culento</strong></span> <span class='ocrx_word' id='word_1_25' title='bbox 230 612 369 655; x_wconf 81' lang='lat' dir='ltr'><strong>sermone</strong></span> <span class='ocrx_word' id='word_1_26' title='bbox 392 596 535 671; x_wconf 90' lang='lat' dir='ltr'><strong>idipsum</strong></span> <span class='ocrx_word' id='word_1_27' title='bbox 560 596 751 671; x_wconf 71' lang='lat' dir='ltr'>prosequitur</span> <span class='ocrx_word' id='word_1_28' title='bbox 776 592 946 653; x_wconf 73' lang='lat' dir='ltr'><strong>Bernartius</strong></span> <span class='ocrx_word' id='word_1_29' title='bbox 974 592 1044 653; x_wconf 91' lang='lat' dir='ltr'><strong>Ser·</strong></span> 
     </span>
     <span class='ocr_line' id='line_1_6' title="bbox 97 670 1045 757; baseline 0.001 -24"><span class='ocrx_word' id='word_1_30' title='bbox 97 692 178 737; x_wconf 88' lang='lat' dir='ltr'><strong>mone</strong></span> <span class='ocrx_word' id='word_1_31' title='bbox 199 675 213 736; x_wconf 93' lang='lat' dir='ltr'><strong>l</strong></span> <span class='ocrx_word' id='word_1_32' title='bbox 235 675 280 735; x_wconf 82' lang='lat' dir='ltr'><strong>De</strong></span> <span class='ocrx_word' id='word_1_33' title='bbox 305 678 517 757; x_wconf 71' lang='lat' dir='ltr'><strong>discreptione.</strong></span> <span class='ocrx_word' id='word_1_34' title='bbox 542 672 631 751; x_wconf 88' lang='lat' dir='ltr'><strong>Hugo</strong></span> <span class='ocrx_word' id='word_1_35' title='bbox 665 670 735 733; x_wconf 74' lang='lat' dir='ltr'><strong>as.</strong></span> <span class='ocrx_word' id='word_1_36' title='bbox 761 672 882 733; x_wconf 91' lang='lat' dir='ltr'><strong>Victore</strong></span> <span class='ocrx_word' id='word_1_37' title='bbox 909 672 973 732; x_wconf 81' lang='lat' dir='ltr'><strong>lib.</strong></span> <span class='ocrx_word' id='word_1_38' title='bbox 1000 671 1045 735; x_wconf 90' lang='lat' dir='ltr'><strong>Ill</strong></span> 
     </span>
     <span class='ocr_line' id='line_1_7' title="bbox 97 753 1045 834; baseline 0 -19"><span class='ocrx_word' id='word_1_39' title='bbox 97 754 213 818; x_wconf 78' lang='lat' dir='ltr'><strong>Erudit.</strong></span> <span class='ocrx_word' id='word_1_40' title='bbox 237 754 367 834; x_wconf 74' lang='lat' dir='ltr'><strong>lireotop.</strong></span> <span class='ocrx_word' id='word_1_41' title='bbox 385 774 560 834; x_wconf 78' lang='lat' dir='ltr'>corpoream</span> <span class='ocrx_word' id='word_1_42' title='bbox 572 755 722 834; x_wconf 83' lang='lat' dir='ltr'><strong>Deiperae</strong></span> <span class='ocrx_word' id='word_1_43' title='bbox 737 753 981 829; x_wconf 81' lang='lat' dir='ltr'><strong>Assrrmptiouem</strong></span> <span class='ocrx_word' id='word_1_44' title='bbox 998 774 1045 815; x_wconf 87' lang='lat' dir='ltr'><strong>as-</strong></span> 
     </span>
    </p>
   </div>
   <div class='ocr_carea' id='block_1_3' title="bbox 95 836 1154 915">
    <p class='ocr_par' dir='ltr' id='par_1_3' title="bbox 95 836 1154 915">
     <span class='ocr_line' id='line_1_8' title="bbox 95 836 1154 915; baseline -0.001 -18"><span class='ocrx_word' id='word_1_45' title='bbox 95 840 171 897; x_wconf 88' lang='lat' dir='ltr'><strong>serit.</strong></span> <span class='ocrx_word' id='word_1_46' title='bbox 194 838 302 899; x_wconf 88' lang='lat' dir='ltr'><strong>Petrus</strong></span> <span class='ocrx_word' id='word_1_47' title='bbox 315 838 460 898; x_wconf 75' lang='lat' dir='ltr'><strong>blesensis</strong></span> <span class='ocrx_word' id='word_1_48' title='bbox 473 839 680 915; x_wconf 77' lang='lat' dir='ltr'><strong>bathoniensis</strong></span> <span class='ocrx_word' id='word_1_49' title='bbox 696 836 934 896; x_wconf 79' lang='lat' dir='ltr'><strong>A&#39;rebidiaconus</strong></span> <span class='ocrx_word' id='word_1_50' title='bbox 946 836 1041 897; x_wconf 88' lang='lat' dir='ltr'><strong>eidem</strong></span> <span class='ocrx_word' id='word_1_51' title='bbox 1148 892 1154 903; x_wconf 80' lang='grc'>,</span> 
     </span>
    </p>
   </div>
   <div class='ocr_carea' id='block_1_4' title="bbox 17 917 1113 3690">
    <p class='ocr_par' dir='ltr' id='par_1_4' title="bbox 17 917 1113 3690">
     <span class='ocr_line' id='line_1_9' title="bbox 96 917 1044 995; baseline 0.001 -17"><span class='ocrx_word' id='word_1_52' title='bbox 96 921 219 995; x_wconf 85' lang='lat' dir='ltr'><strong>opinioni</strong></span> <span class='ocrx_word' id='word_1_53' title='bbox 238 921 353 995; x_wconf 88' lang='lat' dir='ltr'><strong>pariter</strong></span> <span class='ocrx_word' id='word_1_54' title='bbox 367 920 457 981; x_wconf 75' lang='lat' dir='ltr'><strong>lacet.</strong></span> <span class='ocrx_word' id='word_1_55' title='bbox 482 919 513 980; x_wconf 89' lang='lat' dir='ltr'><strong>S.</strong></span> <span class='ocrx_word' id='word_1_56' title='bbox 529 920 663 979; x_wconf 74' lang='lat' dir='ltr'><strong>&#39;ihomas</strong></span> <span class='ocrx_word' id='word_1_57' title='bbox 678 917 830 994; x_wconf 88' lang='lat' dir='ltr'><strong>Opusculo</strong></span> <span class='ocrx_word' id='word_1_58' title='bbox 846 924 950 977; x_wconf 82' lang='lat' dir='ltr'><strong>octavo</strong></span> <span class='ocrx_word' id='word_1_59' title='bbox 966 920 1044 993; x_wconf 87' lang='lat' dir='ltr'><strong>quod</strong></span> 
     </span>
     <span class='ocr_line' id='line_1_10' title="bbox 97 998 1046 1082; baseline 0.003 -23"><span class='ocrx_word' id='word_1_60' title='bbox 97 1007 136 1061; x_wconf 89' lang='lat' dir='ltr'><strong>est</strong></span> <span class='ocrx_word' id='word_1_61' title='bbox 150 1000 309 1082; x_wconf 68' lang='lat' dir='ltr'><strong>depositio</strong></span> <span class='ocrx_word' id='word_1_62' title='bbox 328 1020 416 1081; x_wconf 84' lang='lat' dir='ltr'><strong>super</strong></span> <span class='ocrx_word' id='word_1_63' title='bbox 431 1002 618 1064; x_wconf 74' lang='lat' dir='ltr'><strong>salutatione</strong></span> <span class='ocrx_word' id='word_1_64' title='bbox 630 998 783 1077; x_wconf 85' lang='lat' dir='ltr'><strong>Anpetieo,</strong></span> <span class='ocrx_word' id='word_1_65' title='bbox 809 1017 875 1077; x_wconf 86' lang='lat' dir='ltr'><strong>pag.</strong></span> <span class='ocrx_word' id='word_1_66' title='bbox 892 998 932 1059; x_wconf 79' lang='grc'><strong>76</strong></span> <span class='ocrx_word' id='word_1_67' title='bbox 956 1017 1046 1075; x_wconf 85' lang='lat' dir='ltr'><strong>agens</strong></span> 
     </span>
     <span class='ocr_line' id='line_1_11' title="bbox 96 1081 1046 1159; baseline 0.002 -20"><span class='ocrx_word' id='word_1_68' title='bbox 96 1082 129 1139; x_wconf 93' lang='lat' dir='ltr'><strong>de</strong></span> <span class='ocrx_word' id='word_1_69' title='bbox 150 1085 244 1143; x_wconf 89' lang='lat' dir='ltr'><strong>tribus</strong></span> <span class='ocrx_word' id='word_1_70' title='bbox 269 1083 551 1149; x_wconf 71' lang='lat' dir='ltr'><strong>maledictionibus,</strong></span> <span class='ocrx_word' id='word_1_71' title='bbox 575 1100 653 1159; x_wconf 86' lang='lat' dir='ltr'><strong>quae</strong></span> <span class='ocrx_word' id='word_1_72' title='bbox 676 1082 761 1143; x_wconf 84' lang='lat' dir='ltr'><strong>datae</strong></span> <span class='ocrx_word' id='word_1_73' title='bbox 783 1087 853 1141; x_wconf 85' lang='lat' dir='ltr'><strong>sunt</strong></span> <span class='ocrx_word' id='word_1_74' title='bbox 875 1081 1046 1144; x_wconf 87' lang='lat' dir='ltr'><strong>hominibus</strong></span> 
     </span>
     <span class='ocr_line' id='line_1_12' title="bbox 96 1159 1047 1240; baseline 0.004 -21"><span class='ocrx_word' id='word_1_75' title='bbox 96 1172 211 1240; x_wconf 91' lang='lat' dir='ltr'><strong>propter</strong></span> <span class='ocrx_word' id='word_1_76' title='bbox 236 1169 392 1240; x_wconf 84' lang='lat' dir='ltr'><strong>peceatum</strong></span> <span class='ocrx_word' id='word_1_77' title='bbox 417 1165 456 1224; x_wconf 87' lang='lat' dir='ltr'><strong>ita</strong></span> <span class='ocrx_word' id='word_1_78' title='bbox 478 1165 602 1224; x_wconf 79' lang='lat' dir='ltr'><strong>scribit:</strong></span> <span class='ocrx_word' id='word_1_79' title='bbox 632 1159 730 1223; x_wconf 82' lang='lat' dir='ltr'><strong>Tertia</strong></span> <span class='ocrx_word' id='word_1_80' title='bbox 751 1163 808 1239; x_wconf 70' lang='lat' dir='ltr'><strong>fnit</strong></span> <span class='ocrx_word' id='word_1_81' title='bbox 824 1164 989 1223; x_wconf 85' lang='lat' dir='ltr'><strong>communis</strong></span> <span class='ocrx_word' id='word_1_82' title='bbox 1003 1165 1047 1223; x_wconf 85' lang='lat' dir='ltr'><strong>oi·</strong></span> 
     </span>
     <span class='ocr_line' id='line_1_13' title="bbox 98 1244 1045 1324; baseline 0.003 -22"><span class='ocrx_word' id='word_1_83' title='bbox 98 1244 147 1316; x_wconf 83' lang='lat' dir='ltr'><strong>ris,</strong></span> <span class='ocrx_word' id='word_1_84' title='bbox 166 1258 192 1306; x_wconf 84' lang='lat' dir='ltr'><strong>ct</strong></span> <span class='ocrx_word' id='word_1_85' title='bbox 207 1246 397 1310; x_wconf 69' lang='lat' dir='ltr'><strong>peritioribus,</strong></span> <span class='ocrx_word' id='word_1_86' title='bbox 421 1255 456 1304; x_wconf 81' lang='lat' dir='ltr'><strong>ut</strong></span> <span class='ocrx_word' id='word_1_87' title='bbox 471 1247 579 1307; x_wconf 81' lang='lat' dir='ltr'><strong>scilicet</strong></span> <span class='ocrx_word' id='word_1_88' title='bbox 600 1248 634 1305; x_wconf 88' lang='lat' dir='ltr'><strong>in</strong></span> <span class='ocrx_word' id='word_1_89' title='bbox 649 1248 797 1324; x_wconf 84' lang='lat' dir='ltr'><strong>puluerem</strong></span> <span class='ocrx_word' id='word_1_90' title='bbox 814 1253 1045 1308; x_wconf 81' lang='lat' dir='ltr'><strong>reuerterentur.</strong></span> 
     </span>
     <span class='ocr_line' id='line_1_14' title="bbox 98 1322 1048 1405; baseline 0.004 -22"><span class='ocrx_word' id='word_1_91' title='bbox 98 1322 132 1383; x_wconf 80' lang='lat' dir='ltr'><strong>Et</strong></span> <span class='ocrx_word' id='word_1_92' title='bbox 151 1328 187 1386; x_wconf 88' lang='lat' dir='ltr'><strong>ob</strong></span> <span class='ocrx_word' id='word_1_93' title='bbox 202 1329 259 1388; x_wconf 85' lang='lat' dir='ltr'><strong>lroc</strong></span> <span class='ocrx_word' id='word_1_94' title='bbox 273 1328 418 1387; x_wconf 82' lang='lat' dir='ltr'><strong>immonis</strong></span> <span class='ocrx_word' id='word_1_95' title='bbox 431 1327 491 1403; x_wconf 72' lang='lat' dir='ltr'><strong>snit</strong></span> <span class='ocrx_word' id='word_1_96' title='bbox 513 1326 609 1387; x_wconf 83' lang='lat' dir='ltr'><strong>Beato</strong></span> <span class='ocrx_word' id='word_1_97' title='bbox 627 1326 727 1403; x_wconf 80' lang='lat' dir='ltr'><strong>Virgo,</strong></span> <span class='ocrx_word' id='word_1_98' title='bbox 753 1327 823 1405; x_wconf 84' lang='lat' dir='ltr'><strong>poio</strong></span> <span class='ocrx_word' id='word_1_99' title='bbox 846 1344 910 1384; x_wconf 83' lang='lat' dir='ltr'><strong>curn</strong></span> <span class='ocrx_word' id='word_1_100' title='bbox 927 1345 1048 1405; x_wconf 79' lang='lat' dir='ltr'><strong>corpore</strong></span> 
     </span>
     <span class='ocr_line' id='line_1_15' title="bbox 98 1407 1045 1483; baseline 0.004 -19"><span class='ocrx_word' id='word_1_101' title='bbox 98 1415 299 1483; x_wconf 73' lang='lat' dir='ltr'><strong>coassumpto</strong></span> <span class='ocrx_word' id='word_1_102' title='bbox 321 1410 355 1466; x_wconf 86' lang='lat' dir='ltr'><strong>in</strong></span> <span class='ocrx_word' id='word_1_103' title='bbox 377 1409 503 1468; x_wconf 84' lang='lat' dir='ltr'><strong>coelum.</strong></span> <span class='ocrx_word' id='word_1_104' title='bbox 527 1408 611 1469; x_wconf 90' lang='lat' dir='ltr'><strong>ldem</strong></span> <span class='ocrx_word' id='word_1_105' title='bbox 634 1408 743 1467; x_wconf 83' lang='lat' dir='ltr'>docent</span> <span class='ocrx_word' id='word_1_106' title='bbox 765 1407 913 1468; x_wconf 83' lang='lat' dir='ltr'><strong>blelcbior</strong></span> <span class='ocrx_word' id='word_1_107' title='bbox 935 1407 1045 1479; x_wconf 87' lang='lat' dir='ltr'><strong>Canus,</strong></span> 
     </span>
     <span class='ocr_line' id='line_1_16' title="bbox 98 1485 1050 1565; baseline 0.005 -22"><span class='ocrx_word' id='word_1_108' title='bbox 98 1485 222 1549; x_wconf 72' lang='lat' dir='ltr'><strong>dolosis</strong></span> <span class='ocrx_word' id='word_1_109' title='bbox 239 1486 419 1565; x_wconf 75' lang='lat' dir='ltr'><strong>Theolopicis</strong></span> <span class='ocrx_word' id='word_1_110' title='bbox 443 1488 515 1564; x_wconf 83' lang='lat' dir='ltr'><strong>Cap.</strong></span> <span class='ocrx_word' id='word_1_111' title='bbox 534 1490 587 1559; x_wconf 83' lang='lat' dir='ltr'><strong>x;</strong></span> <span class='ocrx_word' id='word_1_112' title='bbox 612 1489 718 1550; x_wconf 87' lang='lat' dir='ltr'><strong>Petrus</strong></span> <span class='ocrx_word' id='word_1_113' title='bbox 740 1486 896 1557; x_wconf 87' lang='lat' dir='ltr'><strong>Canisius,</strong></span> <span class='ocrx_word' id='word_1_114' title='bbox 921 1488 956 1547; x_wconf 84' lang='lat' dir='ltr'><strong>de</strong></span> <span class='ocrx_word' id='word_1_115' title='bbox 982 1490 1050 1548; x_wconf 84' lang='lat' dir='ltr'><strong>Dei·</strong></span> 
     </span>
     <span class='ocr_line' id='line_1_17' title="bbox 94 1556 1046 1647; baseline 0.001 -17"><span class='ocrx_word' id='word_1_116' title='bbox 94 1581 167 1646; x_wconf 77' lang='lat' dir='ltr'><strong>puro</strong></span> <span class='ocrx_word' id='word_1_117' title='bbox 187 1572 256 1631; x_wconf 90' lang='lat' dir='ltr'><strong>Lib.</strong></span> <span class='ocrx_word' id='word_1_118' title='bbox 281 1571 307 1630; x_wconf 93' lang='lat' dir='ltr'>V</span> <span class='ocrx_word' id='word_1_119' title='bbox 329 1570 401 1647; x_wconf 83' lang='lat' dir='ltr'><strong>Cap.</strong></span> <span class='ocrx_word' id='word_1_120' title='bbox 425 1571 466 1641; x_wconf 71' lang='lat'><strong>53</strong></span> <span class='ocrx_word' id='word_1_121' title='bbox 490 1571 598 1639; x_wconf 84' lang='lat' dir='ltr'><strong>Solus,</strong></span> <span class='ocrx_word' id='word_1_122' title='bbox 622 1572 651 1629; x_wconf 93' lang='lat' dir='ltr'><strong>in</strong></span> <span class='ocrx_word' id='word_1_123' title='bbox 674 1556 717 1631; x_wconf 92' lang='lat' dir='ltr'><strong>lV</strong></span> <span class='ocrx_word' id='word_1_124' title='bbox 739 1570 965 1631; x_wconf 70' lang='lat' dir='ltr'><strong>Sententiarum</strong></span> <span class='ocrx_word' id='word_1_125' title='bbox 993 1570 1046 1631; x_wconf 90' lang='lat' dir='ltr'><strong>Di-</strong></span> 
     </span>
     <span class='ocr_line' id='line_1_18' title="bbox 17 1651 1049 1734; baseline 0.004 -25"><span class='ocrx_word' id='word_1_126' title='bbox 17 1725 18 1734; x_wconf 54' lang='lat'><strong>,</strong></span> <span class='ocrx_word' id='word_1_127' title='bbox 97 1651 187 1711; x_wconf 84' lang='lat' dir='ltr'><strong>stinct.</strong></span> <span class='ocrx_word' id='word_1_128' title='bbox 205 1652 254 1713; x_wconf 73' lang='grc'><strong>43</strong></span> <span class='ocrx_word' id='word_1_129' title='bbox 266 1662 380 1730; x_wconf 80' lang='lat' dir='ltr'><strong>quaest.</strong></span> <span class='ocrx_word' id='word_1_130' title='bbox 398 1653 421 1712; x_wconf 89' lang='grc'>2</span> <span class='ocrx_word' id='word_1_131' title='bbox 445 1664 504 1713; x_wconf 88' lang='lat' dir='ltr'><strong>ort.</strong></span> <span class='ocrx_word' id='word_1_132' title='bbox 523 1653 564 1720; x_wconf 86' lang='lat'><strong>1‚·</strong></span> <span class='ocrx_word' id='word_1_133' title='bbox 585 1651 708 1718; x_wconf 86' lang='lat' dir='ltr'><strong>Suarez,</strong></span> <span class='ocrx_word' id='word_1_134' title='bbox 735 1654 768 1711; x_wconf 84' lang='lat' dir='ltr'><strong>in</strong></span> <span class='ocrx_word' id='word_1_135' title='bbox 785 1652 906 1713; x_wconf 77' lang='lat' dir='ltr'><strong>tertiam</strong></span> <span class='ocrx_word' id='word_1_136' title='bbox 929 1659 1049 1730; x_wconf 84' lang='lat' dir='ltr'><strong>portem</strong></span> 
     </span>
     <span class='ocr_line' id='line_1_19' title="bbox 17 1732 1047 1813; baseline 0.002 -22"><span class='ocrx_word' id='word_1_137' title='bbox 17 1736 18 1758; x_wconf 71' lang='lat'>¹</span> <span class='ocrx_word' id='word_1_138' title='bbox 99 1745 204 1808; x_wconf 84' lang='lat' dir='ltr'><strong>pnoest.</strong></span> <span class='ocrx_word' id='word_1_139' title='bbox 232 1734 281 1792; x_wconf 78' lang='lat'><strong>53</strong></span> <span class='ocrx_word' id='word_1_140' title='bbox 301 1743 363 1798; x_wconf 84' lang='lat' dir='ltr'><strong>art.</strong></span> <span class='ocrx_word' id='word_1_141' title='bbox 381 1732 401 1793; x_wconf 89' lang='lat'><em>1</em></span> <span class='ocrx_word' id='word_1_142' title='bbox 419 1733 495 1813; x_wconf 84' lang='lat' dir='ltr'><strong>disp.</strong></span> <span class='ocrx_word' id='word_1_143' title='bbox 514 1734 559 1794; x_wconf 92' lang='grc'><strong>22</strong></span> <span class='ocrx_word' id='word_1_144' title='bbox 579 1744 651 1794; x_wconf 85' lang='lat' dir='ltr'><strong>sect.</strong></span> <span class='ocrx_word' id='word_1_145' title='bbox 669 1733 691 1793; x_wconf 90' lang='grc'>2</span> <span class='ocrx_word' id='word_1_146' title='bbox 712 1732 782 1791; x_wconf 82' lang='lat' dir='ltr'><strong>dub.</strong></span> <span class='ocrx_word' id='word_1_147' title='bbox 801 1732 831 1799; x_wconf 87' lang='lat'><strong>1‚·</strong></span> <span class='ocrx_word' id='word_1_148' title='bbox 854 1732 1047 1810; x_wconf 82' lang='lat' dir='ltr'><strong>Raynaudus‚</strong></span> 
     </span>
     <span class='ocr_line' id='line_1_20' title="bbox 74 1814 902 1894; baseline 0.001 -25"><span class='ocrx_word' id='word_1_149' title='bbox 74 1846 78 1852; x_wconf 92' lang='lat'><strong>·</strong></span> <span class='ocrx_word' id='word_1_150' title='bbox 100 1815 124 1870; x_wconf 91' lang='lat' dir='ltr'><strong>in</strong></span> <span class='ocrx_word' id='word_1_151' title='bbox 144 1815 282 1894; x_wconf 68' lang='lat' dir='ltr'><strong>diptycis</strong></span> <span class='ocrx_word' id='word_1_152' title='bbox 297 1814 446 1877; x_wconf 83' lang='lat' dir='ltr'><strong>Marionis</strong></span> <span class='ocrx_word' id='word_1_153' title='bbox 468 1822 545 1893; x_wconf 92' lang='lat' dir='ltr'><strong>part.</strong></span> <span class='ocrx_word' id='word_1_154' title='bbox 563 1814 591 1875; x_wconf 93' lang='lat' dir='ltr'><strong>ll</strong></span> <span class='ocrx_word' id='word_1_155' title='bbox 611 1824 717 1893; x_wconf 81' lang='lat' dir='ltr'><strong>ponet.</strong></span> <span class='ocrx_word' id='word_1_156' title='bbox 731 1814 753 1873; x_wconf 96' lang='grc'>2</span> <span class='ocrx_word' id='word_1_157' title='bbox 769 1833 853 1872; x_wconf 84' lang='lat' dir='ltr'><strong>num.</strong></span> <span class='ocrx_word' id='word_1_158' title='bbox 875 1814 902 1873; x_wconf 87' lang='lat'><strong>1.</strong></span> 
     </span>
     <span class='ocr_line' id='line_1_21' title="bbox 95 1894 1049 1972; baseline -0.001 -13"><span class='ocrx_word' id='word_1_159' title='bbox 95 1957 97 1959; x_wconf 82' lang='grc'><strong>,</strong></span> <span class='ocrx_word' id='word_1_160' title='bbox 134 1894 189 1964; x_wconf 75' lang='lat' dir='ltr'><strong>IV.</strong></span> <span class='ocrx_word' id='word_1_161' title='bbox 213 1896 403 1955; x_wconf 81' lang='lat' dir='ltr'><strong>Praeclaram</strong></span> <span class='ocrx_word' id='word_1_162' title='bbox 416 1915 537 1972; x_wconf 83' lang='lat' dir='ltr'><strong>quoquc</strong></span> <span class='ocrx_word' id='word_1_163' title='bbox 549 1897 694 1958; x_wconf 82' lang='lat' dir='ltr'><strong>exhibent</strong></span> <span class='ocrx_word' id='word_1_164' title='bbox 706 1897 858 1957; x_wconf 82' lang='lat' dir='ltr'><strong>Breviaria</strong></span> <span class='ocrx_word' id='word_1_165' title='bbox 874 1894 950 1955; x_wconf 88' lang='lat' dir='ltr'><strong>adid</strong></span> <span class='ocrx_word' id='word_1_166' title='bbox 967 1897 1049 1971; x_wconf 87' lang='lat' dir='ltr'><strong>quod</strong></span> 
     </span>
     <span class='ocr_line' id='line_1_22' title="bbox 101 1976 1050 2055; baseline 0.003 -20"><span class='ocrx_word' id='word_1_167' title='bbox 101 1978 212 2051; x_wconf 78' lang='lat' dir='ltr'><strong>egimus</strong></span> <span class='ocrx_word' id='word_1_168' title='bbox 235 1978 466 2054; x_wconf 88' lang='lat' dir='ltr'><strong>ostendendum,</strong></span> <span class='ocrx_word' id='word_1_169' title='bbox 492 1979 708 2055; x_wconf 89' lang='lat' dir='ltr'><strong>probationem.</strong></span> <span class='ocrx_word' id='word_1_170' title='bbox 734 1976 854 2038; x_wconf 83' lang='lat' dir='ltr'><strong>Habent</strong></span> <span class='ocrx_word' id='word_1_171' title='bbox 870 1978 945 2035; x_wconf 90' lang='lat' dir='ltr'><strong>inter</strong></span> <span class='ocrx_word' id='word_1_172' title='bbox 961 1976 1050 2041; x_wconf 87' lang='lat' dir='ltr'><strong>Octa-</strong></span> 
     </span>
     <span class='ocr_line' id='line_1_23' title="bbox 102 2057 1113 2137; baseline 0.004 -21"><span class='ocrx_word' id='word_1_173' title='bbox 102 2072 186 2133; x_wconf 69' lang='lat' dir='ltr'><strong>ram,</strong></span> <span class='ocrx_word' id='word_1_174' title='bbox 211 2067 244 2131; x_wconf 78' lang='lat' dir='ltr'><strong>ei</strong></span> <span class='ocrx_word' id='word_1_175' title='bbox 266 2059 294 2118; x_wconf 92' lang='lat' dir='ltr'><strong>iu</strong></span> <span class='ocrx_word' id='word_1_176' title='bbox 315 2059 431 2119; x_wconf 85' lang='lat' dir='ltr'><strong>Octava</strong></span> <span class='ocrx_word' id='word_1_177' title='bbox 454 2060 516 2137; x_wconf 87' lang='lat' dir='ltr'><strong>ipsa</strong></span> <span class='ocrx_word' id='word_1_178' title='bbox 538 2060 680 2121; x_wconf 90' lang='lat' dir='ltr'><strong>lectiones</strong></span> <span class='ocrx_word' id='word_1_179' title='bbox 708 2060 881 2136; x_wconf 86' lang='lat' dir='ltr'><strong>legebantur</strong></span> <span class='ocrx_word' id='word_1_180' title='bbox 904 2057 1049 2121; x_wconf 87' lang='lat' dir='ltr'><strong>Bernardi</strong></span> <span class='ocrx_word' id='word_1_181' title='bbox 1107 2130 1113 2137; x_wconf 24' lang='lat'>⁵</span> 
     </span>
     <span class='ocr_line' id='line_1_24' title="bbox 102 2136 1049 2218; baseline 0.007 -22"><span class='ocrx_word' id='word_1_182' title='bbox 102 2144 129 2197; x_wconf 84' lang='lat' dir='ltr'><strong>et</strong></span> <span class='ocrx_word' id='word_1_183' title='bbox 148 2140 325 2201; x_wconf 87' lang='lat' dir='ltr'><strong>Damasceni</strong></span> <span class='ocrx_word' id='word_1_184' title='bbox 347 2141 456 2217; x_wconf 90' lang='lat' dir='ltr'><strong>quibus</strong></span> <span class='ocrx_word' id='word_1_185' title='bbox 471 2136 696 2218; x_wconf 81' lang='lat' dir='ltr'><strong>expressissime</strong></span> <span class='ocrx_word' id='word_1_186' title='bbox 711 2142 866 2208; x_wconf 90' lang='lat' dir='ltr'><strong>docemur,</strong></span> <span class='ocrx_word' id='word_1_187' title='bbox 890 2137 1049 2218; x_wconf 85' lang='lat' dir='ltr'><strong>Virginem</strong></span> 
     </span>
     <span class='ocr_line' id='line_1_25' title="bbox 104 2214 1048 2299; baseline 0.008 -23"><span class='ocrx_word' id='word_1_188' title='bbox 104 2214 258 2298; x_wconf 85' lang='lat' dir='ltr'><strong>Deiparam</strong></span> <span class='ocrx_word' id='word_1_189' title='bbox 280 2240 297 2281; x_wconf 94' lang='lat' dir='ltr'><strong>a</strong></span> <span class='ocrx_word' id='word_1_190' title='bbox 320 2224 450 2282; x_wconf 82' lang='lat' dir='ltr'><strong>mortuis</strong></span> <span class='ocrx_word' id='word_1_191' title='bbox 470 2222 561 2282; x_wconf 87' lang='lat' dir='ltr'><strong>luisse</strong></span> <span class='ocrx_word' id='word_1_192' title='bbox 582 2225 752 2289; x_wconf 88' lang='lat' dir='ltr'><strong>excitatam,</strong></span> <span class='ocrx_word' id='word_1_193' title='bbox 775 2228 807 2283; x_wconf 88' lang='lat' dir='ltr'><strong>et</strong></span> <span class='ocrx_word' id='word_1_194' title='bbox 828 2223 906 2281; x_wconf 92' lang='lat' dir='ltr'><strong>illius</strong></span> <span class='ocrx_word' id='word_1_195' title='bbox 929 2240 1048 2299; x_wconf 90' lang='lat' dir='ltr'><strong>corpus,</strong></span> 
     </span>
     <span class='ocr_line' id='line_1_26' title="bbox 32 2298 1049 2381; baseline 0.007 -24"><span class='ocrx_word' id='word_1_196' title='bbox 32 2370 35 2377; x_wconf 27' lang='grc' dir='ltr'>Ι</span> <span class='ocrx_word' id='word_1_197' title='bbox 104 2298 158 2364; x_wconf 82' lang='lat' dir='ltr'><strong>sire</strong></span> <span class='ocrx_word' id='word_1_198' title='bbox 180 2303 368 2379; x_wconf 83' lang='lat' dir='ltr'><strong>Angelorum</strong></span> <span class='ocrx_word' id='word_1_199' title='bbox 391 2320 508 2379; x_wconf 89' lang='lat' dir='ltr'><strong>opera,</strong></span> <span class='ocrx_word' id='word_1_200' title='bbox 532 2305 595 2364; x_wconf 82' lang='lat' dir='ltr'><strong>sive</strong></span> <span class='ocrx_word' id='word_1_201' title='bbox 618 2305 675 2365; x_wconf 86' lang='lat' dir='ltr'><strong>atis</strong></span> <span class='ocrx_word' id='word_1_202' title='bbox 700 2304 763 2366; x_wconf 91' lang='lat' dir='ltr'><strong>Deo</strong></span> <span class='ocrx_word' id='word_1_203' title='bbox 786 2310 879 2371; x_wconf 80' lang='lat' dir='ltr'><strong>nota,</strong></span> <span class='ocrx_word' id='word_1_204' title='bbox 904 2305 1049 2381; x_wconf 88' lang='lat' dir='ltr'><strong>uobisque</strong></span> 
     </span>
     <span class='ocr_line' id='line_1_27' title="bbox 103 2381 1051 2463; baseline 0 -23"><span class='ocrx_word' id='word_1_205' title='bbox 103 2381 193 2446; x_wconf 84' lang='lat' dir='ltr'><strong>abdita</strong></span> <span class='ocrx_word' id='word_1_206' title='bbox 217 2385 334 2459; x_wconf 83' lang='lat' dir='ltr'><strong>ratione</strong></span> <span class='ocrx_word' id='word_1_207' title='bbox 356 2382 590 2451; x_wconf 85' lang='lat' dir='ltr'><strong>coetoillatum.</strong></span> <span class='ocrx_word' id='word_1_208' title='bbox 614 2386 676 2447; x_wconf 90' lang='lat' dir='ltr'><strong>Nec</strong></span> <span class='ocrx_word' id='word_1_209' title='bbox 691 2394 864 2463; x_wconf 85' lang='lat' dir='ltr'><strong>contemnas</strong></span> <span class='ocrx_word' id='word_1_210' title='bbox 887 2387 953 2444; x_wconf 91' lang='lat' dir='ltr'><strong>volo</strong></span> <span class='ocrx_word' id='word_1_211' title='bbox 978 2386 1051 2448; x_wconf 74' lang='lat' dir='ltr'><strong>Mis.</strong></span> 
     </span>
     <span class='ocr_line' id='line_1_28' title="bbox 104 2454 1051 2544; baseline 0.007 -23"><span class='ocrx_word' id='word_1_212' title='bbox 104 2463 170 2525; x_wconf 87' lang='lat' dir='ltr'><strong>salia</strong></span> <span class='ocrx_word' id='word_1_213' title='bbox 190 2482 269 2544; x_wconf 90' lang='lat' dir='ltr'><strong>quae</strong></span> <span class='ocrx_word' id='word_1_214' title='bbox 286 2467 447 2543; x_wconf 88' lang='lat' dir='ltr'><strong>ipsissimas</strong></span> <span class='ocrx_word' id='word_1_215' title='bbox 468 2456 581 2543; x_wconf 76' lang='lat' dir='ltr'><strong>bellent</strong></span> <span class='ocrx_word' id='word_1_216' title='bbox 597 2454 711 2543; x_wconf 78' lang='lat' dir='ltr'><strong>preces,</strong></span> <span class='ocrx_word' id='word_1_217' title='bbox 735 2484 809 2542; x_wconf 86' lang='lat' dir='ltr'><strong>quas</strong></span> <span class='ocrx_word' id='word_1_218' title='bbox 831 2464 975 2526; x_wconf 87' lang='lat' dir='ltr'><strong>exhibent</strong></span> <span class='ocrx_word' id='word_1_219' title='bbox 995 2464 1051 2528; x_wconf 88' lang='lat' dir='ltr'><strong>Co-</strong></span> 
     </span>
     <span class='ocr_line' id='line_1_29' title="bbox 104 2544 1051 2626; baseline 0.004 -22"><span class='ocrx_word' id='word_1_220' title='bbox 104 2544 177 2607; x_wconf 89' lang='lat' dir='ltr'><strong>dices</strong></span> <span class='ocrx_word' id='word_1_221' title='bbox 198 2548 320 2609; x_wconf 82' lang='lat' dir='ltr'><strong>Gelasio</strong></span> <span class='ocrx_word' id='word_1_222' title='bbox 342 2554 373 2608; x_wconf 88' lang='lat' dir='ltr'><strong>et</strong></span> <span class='ocrx_word' id='word_1_223' title='bbox 394 2546 542 2623; x_wconf 81' lang='lat' dir='ltr'><strong>Gregorio</strong></span> <span class='ocrx_word' id='word_1_224' title='bbox 565 2548 674 2626; x_wconf 84' lang='lat' dir='ltr'><strong>Magno</strong></span> <span class='ocrx_word' id='word_1_225' title='bbox 696 2550 811 2619; x_wconf 87' lang='lat' dir='ltr'><strong>tributi,</strong></span> <span class='ocrx_word' id='word_1_226' title='bbox 835 2548 883 2608; x_wconf 88' lang='lat' dir='ltr'><strong>rel</strong></span> <span class='ocrx_word' id='word_1_227' title='bbox 905 2553 965 2608; x_wconf 87' lang='lat' dir='ltr'><strong>tam</strong></span> <span class='ocrx_word' id='word_1_228' title='bbox 988 2548 1051 2608; x_wconf 77' lang='lat' dir='ltr'><strong>affi-</strong></span> 
     </span>
     <span class='ocr_line' id='line_1_30' title="bbox 105 2628 1051 2710; baseline 0.006 -26"><span class='ocrx_word' id='word_1_229' title='bbox 105 2640 162 2695; x_wconf 85' lang='lat' dir='ltr'><strong>nes,</strong></span> <span class='ocrx_word' id='word_1_230' title='bbox 186 2635 221 2689; x_wconf 87' lang='lat' dir='ltr'><strong>ut</strong></span> <span class='ocrx_word' id='word_1_231' title='bbox 244 2646 320 2706; x_wconf 87' lang='lat' dir='ltr'><strong>pene</strong></span> <span class='ocrx_word' id='word_1_232' title='bbox 343 2629 510 2705; x_wconf 76' lang='lat' dir='ltr'><strong>ipsissimas</strong></span> <span class='ocrx_word' id='word_1_233' title='bbox 533 2629 590 2689; x_wconf 91' lang='lat' dir='ltr'><strong>diei</strong></span> <span class='ocrx_word' id='word_1_234' title='bbox 614 2632 737 2709; x_wconf 87' lang='lat' dir='ltr'><strong>possint.</strong></span> <span class='ocrx_word' id='word_1_235' title='bbox 762 2628 854 2698; x_wconf 87' lang='lat' dir='ltr'><strong>Piae,</strong></span> <span class='ocrx_word' id='word_1_236' title='bbox 878 2636 909 2689; x_wconf 88' lang='lat' dir='ltr'><strong>et</strong></span> <span class='ocrx_word' id='word_1_237' title='bbox 931 2630 1051 2710; x_wconf 92' lang='lat' dir='ltr'><strong>religio·</strong></span> 
     </span>
     <span class='ocr_line' id='line_1_31' title="bbox 105 2710 1051 2789; baseline 0.007 -22"><span class='ocrx_word' id='word_1_238' title='bbox 105 2724 149 2769; x_wconf 86' lang='lat' dir='ltr'><strong>sae</strong></span> <span class='ocrx_word' id='word_1_239' title='bbox 171 2712 336 2771; x_wconf 78' lang='lat' dir='ltr'><strong>sententiae</strong></span> <span class='ocrx_word' id='word_1_240' title='bbox 360 2710 397 2771; x_wconf 92' lang='lat' dir='ltr'><strong>dc</strong></span> <span class='ocrx_word' id='word_1_241' title='bbox 418 2718 573 2787; x_wconf 89' lang='lat' dir='ltr'><strong>assumpto</strong></span> <span class='ocrx_word' id='word_1_242' title='bbox 596 2712 624 2771; x_wconf 93' lang='lat' dir='ltr'><strong>in</strong></span> <span class='ocrx_word' id='word_1_243' title='bbox 649 2714 748 2773; x_wconf 87' lang='lat' dir='ltr'><strong>coelos</strong></span> <span class='ocrx_word' id='word_1_244' title='bbox 771 2710 902 2788; x_wconf 87' lang='lat' dir='ltr'><strong>Virginis</strong></span> <span class='ocrx_word' id='word_1_245' title='bbox 925 2729 1051 2789; x_wconf 86' lang='lat' dir='ltr'><strong>corpore</strong></span> 
     </span>
     <span class='ocr_line' id='line_1_32' title="bbox 105 2791 1052 2871; baseline 0.007 -24"><span class='ocrx_word' id='word_1_246' title='bbox 105 2792 231 2851; x_wconf 85' lang='lat' dir='ltr'><strong>rationes</strong></span> <span class='ocrx_word' id='word_1_247' title='bbox 253 2793 324 2851; x_wconf 84' lang='lat' dir='ltr'><strong>item</strong></span> <span class='ocrx_word' id='word_1_248' title='bbox 338 2791 525 2868; x_wconf 79' lang='lat' dir='ltr'><strong>theologicae</strong></span> <span class='ocrx_word' id='word_1_249' title='bbox 546 2792 749 2871; x_wconf 83' lang='lat' dir='ltr'><strong>suffragantur</strong></span> <span class='ocrx_word' id='word_1_250' title='bbox 766 2794 877 2869; x_wconf 87' lang='lat' dir='ltr'><strong>petitae</strong></span> <span class='ocrx_word' id='word_1_251' title='bbox 899 2809 937 2851; x_wconf 87' lang='lat' dir='ltr'><strong>ex</strong></span> <span class='ocrx_word' id='word_1_252' title='bbox 957 2795 1052 2871; x_wconf 92' lang='lat' dir='ltr'><strong>digni·</strong></span> 
     </span>
     <span class='ocr_line' id='line_1_33' title="bbox 90 2872 1053 2953; baseline 0.006 -24"><span class='ocrx_word' id='word_1_253' title='bbox 90 2875 161 2933; x_wconf 82' lang='lat' dir='ltr'><strong>‘late</strong></span> <span class='ocrx_word' id='word_1_254' title='bbox 181 2872 290 2934; x_wconf 79' lang='lat' dir='ltr'><strong>Matris</strong></span> <span class='ocrx_word' id='word_1_255' title='bbox 312 2872 395 2943; x_wconf 87' lang='lat' dir='ltr'><strong>Dei,</strong></span> <span class='ocrx_word' id='word_1_256' title='bbox 419 2873 456 2931; x_wconf 80' lang='lat' dir='ltr'><strong>ub</strong></span> <span class='ocrx_word' id='word_1_257' title='bbox 478 2873 635 2948; x_wconf 84' lang='lat' dir='ltr'><strong>excellenti</strong></span> <span class='ocrx_word' id='word_1_258' title='bbox 658 2873 862 2951; x_wconf 81' lang='lat' dir='ltr'><strong>Virginitate,</strong></span> <span class='ocrx_word' id='word_1_259' title='bbox 887 2874 923 2932; x_wconf 84' lang='lat' dir='ltr'><strong>ab</strong></span> <span class='ocrx_word' id='word_1_260' title='bbox 946 2874 1053 2953; x_wconf 84' lang='lat' dir='ltr'><strong>insigni</strong></span> 
     </span>
     <span class='ocr_line' id='line_1_34' title="bbox 106 2955 1053 3038; baseline 0.011 -29"><span class='ocrx_word' id='word_1_261' title='bbox 106 2966 189 3031; x_wconf 91' lang='lat' dir='ltr'><strong>supra</strong></span> <span class='ocrx_word' id='word_1_262' title='bbox 206 2956 347 3015; x_wconf 90' lang='lat' dir='ltr'><strong>homiues</strong></span> <span class='ocrx_word' id='word_1_263' title='bbox 369 2961 540 3038; x_wconf 47' lang='lat' dir='ltr'><strong>omnes„et</strong></span> <span class='ocrx_word' id='word_1_264' title='bbox 562 2955 682 3034; x_wconf 87' lang='lat' dir='ltr'><strong>angelos</strong></span> <span class='ocrx_word' id='word_1_265' title='bbox 703 2956 870 3034; x_wconf 81' lang='lat' dir='ltr'><strong>sanctitate,</strong></span> <span class='ocrx_word' id='word_1_266' title='bbox 894 2972 931 3013; x_wconf 88' lang='lat' dir='ltr'><strong>ex</strong></span> <span class='ocrx_word' id='word_1_267' title='bbox 949 2956 1053 3019; x_wconf 82' lang='lat' dir='ltr'><strong>intime</strong></span> 
     </span>
     <span class='ocr_line' id='line_1_35' title="bbox 108 3033 1055 3115; baseline 0.011 -26"><span class='ocrx_word' id='word_1_268' title='bbox 108 3048 170 3092; x_wconf 91' lang='lat' dir='ltr'><strong>curn</strong></span> <span class='ocrx_word' id='word_1_269' title='bbox 184 3034 402 3104; x_wconf 71' lang='lat' dir='ltr'><strong>ChristoAEilio</strong></span> <span class='ocrx_word' id='word_1_270' title='bbox 417 3036 618 3115; x_wconf 85' lang='lat' dir='ltr'><strong>conjuctionc,</strong></span> <span class='ocrx_word' id='word_1_271' title='bbox 644 3044 675 3099; x_wconf 87' lang='lat' dir='ltr'><strong>et</strong></span> <span class='ocrx_word' id='word_1_272' title='bbox 696 3038 901 3109; x_wconf 86' lang='lat' dir='ltr'><strong>consensione,</strong></span> <span class='ocrx_word' id='word_1_273' title='bbox 925 3054 963 3095; x_wconf 84' lang='lat' dir='ltr'><strong>ex</strong></span> <span class='ocrx_word' id='word_1_274' title='bbox 984 3033 1055 3099; x_wconf 86' lang='lat' dir='ltr'><strong>Filii</strong></span> 
     </span>
     <span class='ocr_line' id='line_1_36' title="bbox 108 3110 1055 3194; baseline 0.008 -22"><span class='ocrx_word' id='word_1_275' title='bbox 108 3110 135 3172; x_wconf 87' lang='lat' dir='ltr'><strong>iu</strong></span> <span class='ocrx_word' id='word_1_276' title='bbox 154 3117 281 3178; x_wconf 85' lang='lat' dir='ltr'><strong>Matrem</strong></span> <span class='ocrx_word' id='word_1_277' title='bbox 303 3117 506 3194; x_wconf 90' lang='lat' dir='ltr'><strong>diguissimam</strong></span> <span class='ocrx_word' id='word_1_278' title='bbox 529 3119 649 3179; x_wconf 81' lang='lat' dir='ltr'><strong>affectu.</strong></span> <span class='ocrx_word' id='word_1_279' title='bbox 674 3115 731 3178; x_wconf 87' lang='lat' dir='ltr'><strong>llis</strong></span> <span class='ocrx_word' id='word_1_280' title='bbox 754 3118 944 3177; x_wconf 90' lang='lat' dir='ltr'><strong>nibilominus</strong></span> <span class='ocrx_word' id='word_1_281' title='bbox 967 3117 1055 3179; x_wconf 90' lang='lat' dir='ltr'><strong>mini-</strong></span> 
     </span>
     <span class='ocr_line' id='line_1_37' title="bbox 108 3198 1055 3277; baseline 0.005 -20"><span class='ocrx_word' id='word_1_282' title='bbox 108 3210 152 3257; x_wconf 85' lang='lat' dir='ltr'><strong>me</strong></span> <span class='ocrx_word' id='word_1_283' title='bbox 172 3199 402 3277; x_wconf 76' lang='lat' dir='ltr'><strong>refragantibus,</strong></span> <span class='ocrx_word' id='word_1_284' title='bbox 427 3199 506 3260; x_wconf 88' lang='lat' dir='ltr'><strong>uuila</strong></span> <span class='ocrx_word' id='word_1_285' title='bbox 529 3201 627 3260; x_wconf 88' lang='lat' dir='ltr'><strong>adhue</strong></span> <span class='ocrx_word' id='word_1_286' title='bbox 649 3198 799 3259; x_wconf 87' lang='lat' dir='ltr'><strong>Ecclesiae</strong></span> <span class='ocrx_word' id='word_1_287' title='bbox 823 3199 1055 3274; x_wconf 77' lang='lat' dir='ltr'><strong>prodiit=deliui</strong></span> 
     </span>
     <span class='ocr_line' id='line_1_38' title="bbox 109 3276 1052 3358; baseline 0.007 -22"><span class='ocrx_word' id='word_1_288' title='bbox 109 3276 145 3336; x_wconf 86' lang='lat' dir='ltr'><strong>lio</strong></span> <span class='ocrx_word' id='word_1_289' title='bbox 164 3281 199 3341; x_wconf 91' lang='lat' dir='ltr'><strong>de</strong></span> <span class='ocrx_word' id='word_1_290' title='bbox 221 3281 313 3340; x_wconf 87' lang='lat' dir='ltr'><strong>Beata</strong></span> <span class='ocrx_word' id='word_1_291' title='bbox 336 3278 461 3358; x_wconf 80' lang='lat' dir='ltr'><strong>Virgine</strong></span> <span class='ocrx_word' id='word_1_292' title='bbox 488 3298 616 3357; x_wconf 91' lang='lat' dir='ltr'><strong>corpore</strong></span> <span class='ocrx_word' id='word_1_293' title='bbox 639 3288 670 3342; x_wconf 88' lang='lat' dir='ltr'><strong>ei</strong></span> <span class='ocrx_word' id='word_1_294' title='bbox 690 3283 788 3341; x_wconf 89' lang='lat' dir='ltr'><strong>anima</strong></span> <span class='ocrx_word' id='word_1_295' title='bbox 811 3282 839 3339; x_wconf 92' lang='lat' dir='ltr'><strong>in</strong></span> <span class='ocrx_word' id='word_1_296' title='bbox 863 3281 981 3340; x_wconf 91' lang='lat' dir='ltr'><strong>coelum</strong></span> <span class='ocrx_word' id='word_1_297' title='bbox 1004 3302 1052 3343; x_wconf 86' lang='lat' dir='ltr'><strong>as·</strong></span> 
     </span>
     <span class='ocr_line' id='line_1_39' title="bbox 108 3360 1053 3445; baseline 0.007 -28"><span class='ocrx_word' id='word_1_298' title='bbox 108 3370 229 3437; x_wconf 85' lang='lat' dir='ltr'><strong>sumpta,</strong></span> <span class='ocrx_word' id='word_1_299' title='bbox 253 3361 385 3421; x_wconf 86' lang='lat' dir='ltr'><strong>delinitio</strong></span> <span class='ocrx_word' id='word_1_300' title='bbox 407 3380 514 3445; x_wconf 90' lang='lat' dir='ltr'><strong>nempe</strong></span> <span class='ocrx_word' id='word_1_301' title='bbox 538 3364 566 3422; x_wconf 89' lang='lat' dir='ltr'><strong>id</strong></span> <span class='ocrx_word' id='word_1_302' title='bbox 583 3380 729 3440; x_wconf 91' lang='lat' dir='ltr'><strong>reponens</strong></span> <span class='ocrx_word' id='word_1_303' title='bbox 753 3360 828 3422; x_wconf 88' lang='lat' dir='ltr'><strong>inter</strong></span> <span class='ocrx_word' id='word_1_304' title='bbox 851 3363 993 3423; x_wconf 88' lang='lat' dir='ltr'><strong>articulos</strong></span> <span class='ocrx_word' id='word_1_305' title='bbox 1008 3360 1053 3424; x_wconf 86' lang='lat' dir='ltr'><strong>Fi·</strong></span> 
     </span>
     <span class='ocr_line' id='line_1_40' title="bbox 111 3438 1054 3521; baseline 0.01 -24"><span class='ocrx_word' id='word_1_306' title='bbox 111 3438 163 3508; x_wconf 89' lang='lat' dir='ltr'><strong>dei,</strong></span> <span class='ocrx_word' id='word_1_307' title='bbox 185 3443 438 3521; x_wconf 87' lang='lat' dir='ltr'><strong>quemadmodum</strong></span> <span class='ocrx_word' id='word_1_308' title='bbox 454 3444 542 3504; x_wconf 88' lang='lat' dir='ltr'><strong>docet</strong></span> <span class='ocrx_word' id='word_1_309' title='bbox 564 3444 736 3504; x_wconf 85' lang='lat' dir='ltr'><strong>Dominicus</strong></span> <span class='ocrx_word' id='word_1_310' title='bbox 752 3444 822 3504; x_wconf 87' lang='lat' dir='ltr'><strong>Soto</strong></span> <span class='ocrx_word' id='word_1_311' title='bbox 844 3444 878 3502; x_wconf 81' lang='lat' dir='ltr'><strong>in</strong></span> <span class='ocrx_word' id='word_1_312' title='bbox 893 3438 914 3502; x_wconf 71' lang='lat'><em>4</em></span> <span class='ocrx_word' id='word_1_313' title='bbox 932 3440 1054 3506; x_wconf 83' lang='lat' dir='ltr'><strong>Senten-</strong></span> 
     </span>
     <span class='ocr_line' id='line_1_41' title="bbox 112 3519 1054 3603; baseline 0.013 -24"><span class='ocrx_word' id='word_1_314' title='bbox 112 3519 215 3584; x_wconf 84' lang='lat' dir='ltr'><strong>tiorum</strong></span> <span class='ocrx_word' id='word_1_315' title='bbox 232 3524 299 3585; x_wconf 83' lang='lat' dir='ltr'><strong>dist.</strong></span> <span class='ocrx_word' id='word_1_316' title='bbox 316 3523 362 3584; x_wconf 72' lang='lat'><strong>45</strong></span> <span class='ocrx_word' id='word_1_317' title='bbox 384 3536 500 3603; x_wconf 81' lang='lat' dir='ltr'><strong>quaest.</strong></span> <span class='ocrx_word' id='word_1_318' title='bbox 517 3525 615 3587; x_wconf 79' lang='grc' dir='ltr'>2ανι.</span> <span class='ocrx_word' id='word_1_319' title='bbox 635 3524 656 3584; x_wconf 87' lang='grc' dir='ltr'><strong><em>Ι</em></strong></span> <span class='ocrx_word' id='word_1_320' title='bbox 676 3527 726 3585; x_wconf 90' lang='lat' dir='ltr'><strong>ulri</strong></span> <span class='ocrx_word' id='word_1_321' title='bbox 748 3526 823 3585; x_wconf 84' lang='lat' dir='ltr'><strong>haee</strong></span> <span class='ocrx_word' id='word_1_322' title='bbox 847 3524 957 3585; x_wconf 87' lang='lat' dir='ltr'><strong>habet:</strong></span> <span class='ocrx_word' id='word_1_323' title='bbox 987 3526 1054 3591; x_wconf 84' lang='lat' dir='ltr'><strong>lom</strong></span> 
     </span>
     <span class='ocr_line' id='line_1_42' title="bbox 113 3605 1053 3690; baseline 0.009 -28"><span class='ocrx_word' id='word_1_324' title='bbox 113 3618 173 3662; x_wconf 80' lang='lat' dir='ltr'><strong>cero</strong></span> <span class='ocrx_word' id='word_1_325' title='bbox 186 3616 350 3687; x_wconf 84' lang='lat' dir='ltr'><strong>temporum</strong></span> <span class='ocrx_word' id='word_1_326' title='bbox 366 3608 520 3667; x_wconf 78' lang='lat' dir='ltr'><strong>curriculo</strong></span> <span class='ocrx_word' id='word_1_327' title='bbox 534 3607 637 3688; x_wconf 85' lang='lat' dir='ltr'><strong>opinio</strong></span> <span class='ocrx_word' id='word_1_328' title='bbox 652 3606 734 3674; x_wconf 78' lang='lat' dir='ltr'><strong>ioco,</strong></span> <span class='ocrx_word' id='word_1_329' title='bbox 761 3605 838 3686; x_wconf 82' lang='lat' dir='ltr'><strong>qnod</strong></span> <span class='ocrx_word' id='word_1_330' title='bbox 857 3606 892 3665; x_wconf 85' lang='lat' dir='ltr'><strong>in</strong></span> <span class='ocrx_word' id='word_1_331' title='bbox 911 3606 1053 3690; x_wconf 82' lang='lat' dir='ltr'><strong>Corpore,</strong></span> 
     </span>
    </p>
   </div>
   <div class='ocr_carea' id='block_1_5' title="bbox 0 0 1280 4059">
    <p class='ocr_par' dir='ltr' id='par_1_5' title="bbox 0 0 1280 4059">
     <span class='ocr_line' id='line_1_43' title="bbox 0 0 1280 4059; baseline 0 0"><span class='ocrx_word' id='word_1_332' title='bbox 0 0 1280 4059; x_wconf 95' lang='lat' dir='ltr'><strong> </strong></span> 
     </span>
    </p>
   </div>
  </div>
 </body>
</html>
