2517 4059
575 193 800 266 Ἥθθῦ·

555 400 684 467 CAPUT
706 401 809 465 xvtl.

233 586 276 629 DE
292 585 357 629 vini
372 585 412 627 tta
429 584 533 637 AQUAB
547 584 580 627 tn
597 583 707 629 CALACB
721 582 893 633 ΙΙΧΤΙΟΝΕ,
910 583 952 625 DE
968 581 1131 626 (RATIONE

203 668 270 733 DUM
285 660 368 721 AQUA
383 665 415 709 IN
432 664 704 724 calcaverimus,
720 665 761 709 ET
777 666 819 709 DE
835 663 951 707 CdLlCiS
967 663 1160 709 OBLATIDNE.

243 815 267 875 1.
292 812 371 873 Pane
393 815 495 871 autem
518 810 618 871 oblato
645 812 729 887 ponit
749 809 896 871 Sacerdos
923 808 1027 869 vinum
1054 810 1086 867 in
1106 806 1161 870 Ca-

201 896 280 965 lice,
303 901 334 954 et
356 910 465 969 aquam
488 893 613 958 miscet,
641 893 733 968 idque
753 910 791 953 ex
813 889 925 951 Christi
948 890 1159 958 institutione,

202 983 236 1039 ut
256 978 395 1051 antiquae
417 972 572 1051 Litargiae
594 973 716 1043 lacobi,
740 974 851 1041 Marci,
874 972 997 1040 Basilii,
1020 979 1053 1032 et
1074 971 1157 1031 loan·

203 1058 249 1117 uis
270 1054 477 1135 chrysostomi
501 1061 657 1121 testantur,
682 1056 815 1115 dicentes
828 1052 980 1114 Christum
998 1060 1158 1131 postquam

203 1140 340 1199 coenavit
361 1138 511 1213 accepisse
534 1136 689 1207 Calicem,
713 1145 745 1197 et
766 1138 835 1195 vino
856 1152 965 1211 aquam
990 1135 1157 1199 miscuisse.

201 1218 333 1295 Longam
355 1220 392 1278 de
415 1217 472 1279 hoc
493 1223 672 1294 argumento
695 1216 861 1295 Epistulam
883 1217 1001 1293 scripsit
1028 1216 1065 1275 ad
1087 1214 1161 1278 Coe·

200 1302 304 1361 citium
327 1299 519 1377 Cyprianus,
545 1318 638 1377 quam
661 1300 759 1359 iaudat
781 1298 967 1375 Augustinus
982 1297 1047 1357 Lib.
1064 1298 1110 1359 1v
1126 1294 1161 1357 de

201 1382 351 1443 Doctrina
376 1380 551 1443 Christiana
573 1378 644 1458 Cap.
669 1380 707 1439 at
742 1381 799 1441 hoc
820 1379 940 1439 Domini
963 1386 1159 1457 praeceptum

199 1481 266 1533 esse
288 1462 451 1523 affirmans.
477 1462 608 1522 lustinus
624 1461 741 1540 Martyr
757 1459 902 1539 Apologia
922 1459 952 1521 lt
975 1460 1102 1537 iaqueus
1124 1463 1160 1522 dc

200 1544 389 1607 Eucharistia
413 1561 531 1619 panem,
555 1545 672 1613 vinum,
697 1552 728 1603 et
750 1561 857 1619 aquam
880 1542 983 1601 otierri
1005 1542 1066 1607 ait,
1086 1543 1160 1603 Am·

199 1626 317 1687 brasias
334 1624 431 1685 mov
447 1626 483 1684 de
495 1625 697 1686 sacramentis
711 1623 785 1701 Cap.
799 1622 811 1682 l
826 1642 937 1703 aquam
953 1624 1022 1682 vino
1038 1625 1159 1685 misceri

198 1709 297 1775 docet,
323 1714 387 1768 tum
410 1708 480 1783 quia
495 1703 634 1766 Christus
655 1709 738 1783 petra
754 1712 813 1777 est,
835 1723 926 1781 quarn
942 1703 992 1763 illa
1011 1704 1161 1785 praefigu-

200 1790 291 1857 ravit,
308 1806 344 1847 ex
361 1806 419 1863 qna
435 1787 555 1866 Moyses
576 1804 686 1863 aquam
702 1788 806 1847 eduxit
823 1784 932 1865 (tangit
947 1803 1031 1862 ergo,
1052 1786 1159 1864 iuquit,

198 1868 345 1932 Sacerdos
362 1868 492 1931 Calicem
513 1866 666 1928 redundat
688 1887 768 1947 aqna
784 1869 818 1927 in
835 1867 967 1929 Calicem
981 1868 1053 1926 salit
1068 1868 1104 1929 in
1118 1869 1162 1931 ut'·

198 1960 262 2013 tam
277 1960 444 2018 aeternam,
459 1958 486 2009 et
502 1950 572 2010 bibit
582 1950 713 2027 popalus
727 1950 793 2012 Dei,
810 1951 863 2026 pai
874 1948 931 2007 Dei
944 1952 1077 2025 gratiam
1091 1968 1161 2009 con-

197 2042 312 2093 seratur
328 2030 393 2112 esth,
416 2036 480 2093 tum
503 2033 573 2108 quia
594 2050 633 2091 ex
648 2032 740 2092 tatere
755 2027 866 2090 Christi
880 2030 1012 2107 sanguis,
1038 2037 1069 2091 et
1083 2049 1161 2107 aqua

198 2112 362 2175 fluxerunt.
386 2110 576 2189 Augustinus
599 2115 627 2172 iu
650 2112 793 2172 Sermone
815 2112 851 2171 ad
875 2109 1075 2189 Neophytos:
1099 2111 1162 2173 Hos

198 2194 327 2271 arripite
350 2195 457 2270 inquit,
485 2195 519 2254 in
535 2212 626 2273 pane,
650 2192 728 2273 quod
745 2193 888 2273 pependit
908 2193 942 2251 in
966 2191 1085 2255 Crnce:
1108 2195 1161 2255 huc

197 2278 321 2355 accipite
336 2277 371 2334 in
389 2274 498 2345 Galim,
524 2294 584 2353 qna
598 2276 734 2335 manauit
750 2273 784 2333 de
803 2276 917 2338 Christi
938 2276 1044 2334 tatere.
1062 2273 1162 2337 Theo·

198 2357 329 2433 dulphus
350 2358 423 2417 item
440 2357 666 2418 Aurelianensis
680 2356 831 2432 duplicem
848 2354 982 2434 ejusdem
1007 2356 1160 2419 mixtionis

197 2458 319 2501 causam
342 2439 476 2515 agnoscit
498 2439 527 2496 in
550 2437 665 2497 Libeito
688 2438 725 2497 de
751 2434 865 2496 Ordine
881 2436 1041 2516 Baptismi,
1066 2455 1158 2513 quern

197 2520 289 2583 edidit
319 2518 480 2580 Menardus
508 2520 543 2579 in
565 2520 643 2579 natis
671 2518 712 2577 ad
740 2515 861 2577 Libram
889 2518 1159 2580 sacramentorum

196 2601 270 2679 Cap.
290 2601 328 2661 18
349 2603 413 2661 sive
435 2602 558 2677 quiade
575 2603 667 2661 latere
693 2600 809 2659 Domini
832 2616 910 2676 aqua
926 2616 996 2658 cum
1013 2604 1158 2676 sanguiue

196 2682 303 2744 fluxit:
336 2684 383 2743 vei
406 2686 476 2759 qnia
500 2701 553 2761 per
577 2683 680 2741 vinum
703 2680 863 2750 Christus,
896 2699 949 2755 per
971 2699 1082 2756 aquam
1106 2702 1155 2760 po·

196 2766 283 2843 putus
305 2763 500 2841 significatur.
524 2764 592 2824 lstis
615 2762 723 2822 addiici
753 2769 877 2839 possunt
891 2762 1156 2839 Theophyiactus,

197 2850 226 2907 in
243 2846 363 2907 loannis
384 2845 481 2921 Caput
499 2843 548 2915 te,
571 2844 789 2915 Theodoretus,
813 2842 937 2921 Dialogo
953 2843 978 2913 l;
995 2841 1166 2923 Gregorius

196 2929 370 3009 Nyssenus‚
404 2924 546 2987 Oratione
574 2924 696 2987 Catech.
729 2924 802 3000 Cap.
835 2925 896 2996 373
929 2925 1156 2995 Damasceuus,

195 3011 262 3070 Lib.
286 3008 328 3069 IV
351 3006 425 3083 Cap.
451 3008 490 3067 tt
517 3007 639 3085 aliique.
664 3007 748 3067 idem
770 3004 924 3067 definitum
947 3007 1004 3068 tuit
1030 3007 1059 3067 iu
1082 3006 1159 3069 Con·

196 3093 266 3152 cilio
282 3088 325 3151 lli
341 3088 570 3167 Carthaginensi
587 3087 659 3150 Cau.
670 3085 710 3147 Di
730 3085 812 3149 Utin
829 3087 1030 3149 Sacramentis
1047 3087 1159 3167 Corpo-

195 3178 252 3243 ris,
277 3182 302 3231 et
325 3172 490 3247 Sanguinis
505 3170 630 3231 Domini
651 3169 726 3229 nihii
742 3169 872 3249 amptius
888 3169 1044 3251 offeretur,
1068 3189 1159 3248 quam

196 3253 274 3334 qnod
296 3256 356 3333 ipse
379 3249 523 3311 Dominus
549 3249 700 3321 tradidit,
730 3252 782 3313 hoc
805 3261 845 3311 est
863 3252 976 3330 panis,
1006 3251 1158 3312 stainam

196 3330 1069 3493 tinniit,ittiiih‘tttt?itiittiii
1084 3332 1157 3475 iii:

198 3497 229 3565 h,
246 3496 433 3557 Tribunense
448 3494 521 3557 Can.
542 3494 591 3565 te,
607 3498 711 3556 ninum
732 3513 812 3571 aqua
834 3498 961 3558 mixtum
985 3496 1085 3557 offerri
1108 3495 1158 3557 de-

197 3579 371 3637 creverunt.
