2517 4059
471 197 695 268 millas-

8 346 11 357 ·
105 325 278 402 Berengarii
290 321 624 402 postConseorationem
637 327 748 388 elevari
762 329 896 400 coepisse
906 325 1055 394 Hostiam,

106 411 137 466 et
158 404 309 474 Calicem,
334 412 364 466 et
386 412 551 485 utrumque
573 409 694 484 quidem
710 411 739 469 in
755 408 935 483 quibusdam
951 405 1054 468 Eccle-

7 513 8 540 ÷
105 488 178 554 siis,
204 490 232 548 in
255 488 431 566 quibusdam
448 508 542 556 vero,
567 492 644 552 inter
659 509 734 568 quas
749 489 907 558 Romana,
931 497 1057 550 tantum-

106 571 197 630 modo
218 569 356 632 Hostiam
372 591 380 640 ς
402 571 496 632 donee
513 572 667 648 disciplina
690 576 854 647 utrumque
869 577 936 648 post
949 571 1059 632 Conse·

105 653 270 715 orationem
282 652 419 713 elevandi
433 655 461 712 in
474 672 578 714 omnes
591 651 740 715 Ecclesiae
753 654 934 714 transiverit.
948 653 1059 726 Quam·

104 752 196 811 quam
218 735 296 812 apud
313 733 527 796 Caribuslanos
549 737 641 796 etiam
666 753 744 796 nunc
766 736 829 795 sola
844 735 979 796 elevetur
995 733 1057 794 Ho-

103 817 172 886 stia,
191 825 222 877 ct
238 817 267 875 in
282 815 458 893 quibusdam
474 816 638 880 Ordinibus
654 818 853 895 Regularibus
868 817 982 878 nullum
998 817 1058 876 ele-

6 961 7 964 ,
103 901 191 960 vandi
214 897 320 960 Calicis
342 907 539 977 praecepium
562 906 655 961 extet.
682 898 818 960 Proiecto
840 898 937 960 Sancti
962 898 1055 961 Bona·

103 989 250 1042 venturae
274 987 409 1056 tempore
433 983 462 1040 in
486 999 570 1042 moro
594 983 722 1056 positum
745 988 830 1046 erat,
855 987 888 1042 ut
909 980 971 1041 sola
993 978 1057 1040 Ho-

103 1063 158 1123 stia
180 1065 373 1130 clevascium
399 1069 489 1124 ulex
510 1063 616 1122 eodem
640 1063 747 1124 Sancto
764 1061 893 1124 Doctnre
915 1068 1052 1138 apparet

6 1182 7 1186 =
102 1143 229 1206 Bellotte
250 1145 379 1204 adilane
397 1163 460 1208 reru
478 1147 569 1206 ritum
593 1145 793 1220 quorumdam
818 1150 1054 1213 commemorat,

7 1252 10 1261 ·
102 1226 153 1302 qui
171 1227 227 1287 tria
242 1225 347 1288 Crucis
369 1227 449 1303 signa
473 1245 542 1287 cum
559 1224 665 1286 Hostia
681 1230 709 1287 in
725 1226 852 1287 sublime
868 1226 985 1287 sublata
1000 1227 1056 1288 du-

103 1307 223 1370 cebant.
247 1308 347 1368 Solent
369 1311 516 1381 quaedam
539 1306 704 1370 Galliarnm
720 1307 884 1378 Ecclesiae,
908 1310 979 1368 dum
1003 1308 1057 1369 tol-

103 1390 177 1450 litur
200 1391 228 1448 in
252 1389 344 1452 altum
368 1388 486 1459 Hostia,
509 1408 560 1452 eos
583 1391 748 1452 versiculos
770 1407 903 1450 canere:
932 1387 1057 1451 Osolu·

101 1474 178 1534 toris
198 1467 316 1538 Hostia,
339 1479 400 1532 etc.
425 1473 512 1550 idque
537 1479 660 1548 rogante
676 1471 827 1533 Ludovico
842 1469 903 1530 Xll
924 1473 962 1531 ab
985 1469 1057 1548 Epi-

101 1555 199 1630 scopis
216 1552 292 1612 illius
307 1553 401 1630 Regni
425 1555 633 1631 ingruentibus
655 1555 787 1628 undique
810 1554 895 1614 bellis
910 1559 1057 1614 statutum

101 1631 169 1696 luit.
187 1634 323 1713 Synodns
340 1653 412 1696 vero
428 1636 600 1712 augustana
615 1636 689 1712 Cap.
706 1635 809 1697 XVlll
833 1637 971 1712 quamvis
987 1653 1055 1711 per-

99 1717 203 1776 mittat
223 1716 409 1789 Antiphonas
432 1718 467 1778 ad
491 1717 679 1778 Sacrilicium
710 1719 891 1793 pertinentes
918 1718 974 1776 sub
995 1718 1057 1779 ele·

99 1798 408 1868 vationcdccantari,
435 1805 514 1860 recte
538 1805 638 1860 tamen
661 1799 762 1860 subdit
785 1801 892 1860 mellus
915 1798 995 1867 iore,
1017 1815 1056 1858 ex

100 1881 196 1940 veteri
209 1877 362 1942 Ecclesiae
378 1882 600 1942 convenientius
614 1882 812 1956 praesentiam
825 1879 972 1940 Dominici
984 1878 1056 1940 Cor-

99 1962 181 2040 poris
216 1963 243 2020 in
266 1963 411 2022 altissimo
440 1963 555 2022 silentio
578 1968 743 2038 prostratos
764 1963 912 2023 venerari,
936 1961 1056 2027 Missale

99 2040 329 2105 Carmelitarum
355 2051 420 2121 post
443 2045 642 2106 elevationem
665 2041 772 2104 Calicis
802 2046 919 2104 recitari
942 2045 1057 2121 praeci·

100 2126 145 2200 pit
166 2123 271 2186 diebus
294 2126 448 2186 lerialibus
470 2125 724 2202 Quadragesimae
753 2127 783 2185 in
805 2126 896 2186 Missa
910 2125 1054 2188 ,Conven-

102 2205 175 2266 luali
199 2208 346 2281 psalmum
370 2208 450 2270 Deos
471 2219 615 2268 uenerant
637 2218 751 2284 pentat,
774 2226 844 2268 curn
866 2208 922 2267 lvac
944 2209 1055 2269 oratio·

101 2306 160 2348 ne:
185 2285 371 2350 Plentissimc
397 2291 474 2349 Deus
496 2295 555 2348 etc.
579 2289 694 2350 Diebus
717 2307 789 2350 vero
813 2289 999 2356 Dominicis,
1021 2297 1055 2350 et

101 2365 197 2428 Fastis
220 2371 324 2430 eodem
350 2370 414 2432 loco
435 2372 537 2431 dicunt
552 2369 705 2431 Psalmum
721 2367 862 2433 Loatctaa
884 2391 959 2440 aum,
985 2391 1054 2432 cam

105 2448 301 2512 Orationibus
324 2450 472 2515 Ecclesiae
495 2464 577 2520 tuoe,
601 2450 740 2514 Hostiam
762 2463 949 2518 nostrorum,
972 2452 1053 2512 Daca

2 2531 3 2574 ἶ
39 2583 43 2592 .
99 2553 118 2592 a
140 2551 198 2610 qao
218 2542 322 2594 sancto
344 2533 502 2594 desideria.
526 2531 591 2592 flac
614 2531 764 2600 Hostiam,
787 2541 819 2594 el
838 2533 969 2595 Calicem
994 2535 1053 2596 cle-

1 2649 3 2660 ,
100 2616 187 2674 vandi
211 2613 362 2692 disciplina
387 2615 517 2682 inducta,
542 2631 606 2674 mos
628 2632 750 2691 quoque
770 2616 906 2675 invectus
928 2620 994 2681 est3
1018 2622 1053 2676 ut

101 2696 237 2757 minister
260 2698 465 2772 campanulam
490 2695 603 2774 pulset:
628 2699 719 2756 utsic
736 2708 845 2756 mantes
858 2696 989 2775 fidelium
1011 2696 1051 2758 od

105 2775 277 2838 Orationem
300 2779 488 2841 excitentur.
512 2777 767 2851 qrrcmadmodum
791 2778 898 2853 legitur
927 2782 955 2837 in
977 2797 1050 2855 quo-

1 2869 2 2874 ’
101 2859 169 2919 dam
192 2860 321 2922 Decrelo
343 2857 497 2920 Guillclmi
521 2858 696 2920 Parisieusis
719 2860 857 2936 Episcopi
879 2861 957 2936 apud
980 2858 1051 2920 Car-

1 2937 4 2960 '
100 2941 228 3002 dinalem
245 2943 368 3008 Bonam,
392 2948 424 3014 et
443 2943 472 3002 in
495 2941 553 3001 alio
568 2939 733 3002 Cardinalis
755 2939 909 3006 (luidonis,
933 2943 961 3000 in
977 2941 1052 3003 Ger·

1 3015 2 3034 ¹
99 3024 195 3084 mania
213 3023 325 3101 Legati.
344 3021 387 3081 lle
402 3024 470 3086 Ritu
494 3023 668 3084 elevationis
684 3020 817 3089 Hostiae,
834 3041 900 3098 <qun
916 3028 1052 3099 ternpore

97 3106 121 3164 is
143 3105 274 3182 primum
297 3106 453 3182 coeperit,
481 3105 601 3165 erudite
631 3106 750 3182 scripsit
772 3104 896 3166 loannes
917 3100 1050 3182 baptista

1 3177 2 3204 ³
98 3187 252 3330 Tthiiisms
280 3187 348 3247 Lib.
379 3185 414 3248 da
442 3187 641 3267 Eapositioaa
664 3185 874 3249 Eucharistiae
901 3186 974 3264 Cap.
999 3183 1048 3254 V,

1 3329 2 3340 ,
98 3285 113 3330 e
196 3317 203 3332 .

138 3350 193 3410 lV.
218 3349 261 3422 Dc
283 3350 450 3412 elevatione
472 3344 607 3427 ejusque
620 3351 720 3410 causis
741 3351 835 3412 verba
850 3349 922 3410 iacit
944 3348 975 3409 S.
994 3349 1049 3410 Bo-

100 3431 264 3494 n'aventura
285 3451 375 3510 agens
397 3432 433 3492 dc
450 3432 603 3510 llysteriis
618 3433 739 3500 Missae,
759 3433 809 3494 ubi
833 3433 927 3511 hujus
941 3429 1048 3492 Caere·
1079 3439 1091 3470 a

100 3516 218 3577 maniae
241 3513 342 3590 plures
365 3515 517 3576 morales,
542 3518 574 3574 et
596 3515 740 3592 mysticas
762 3516 892 3574 rationes
910 3514 1046 3586 adducit.

97 3593 211 3658 Cursim
234 3597 282 3658 lric
305 3596 477 3665 nonnullas,
501 3613 577 3672 quas
602 3595 752 3658 ductores
774 3602 951 3665 recensent,
976 3595 1048 3656 iadi-
