2517 4059
569 217 630 278 ss
650 204 712 267 ero
733 213 792 276 a
916 183 924 198 ’

207 335 318 398 netad
340 339 537 400 reuerentiam
560 335 761 398 Sacramenti.
785 334 1000 414 Antiquissima
1021 337 1067 394 est
1090 352 1155 410 pre·

208 420 286 480 catio
312 417 400 494 Quod
420 437 471 478 ore
493 421 677 497 comprimor
688 420 825 487 Domine,
849 418 981 478 occurrit
1001 416 1028 475 in
1043 413 1158 476 Gotho·
1230 426 1231 487 t

207 519 276 561 rurn
306 500 419 562 Miseati
451 501 489 560 ad
521 499 613 562 tinem
636 503 746 562 Missae
778 499 882 560 Noctis
902 498 1016 559 Natalis
1036 495 1159 562 Domini
1230 492 1231 565 ξ

208 587 277 642 ante
298 580 397 643 Caroli
419 582 519 660 Magni
542 591 691 661 tempora.
714 583 748 644 lu
770 582 991 648 Trevirorum,
1021 586 1053 639 et
1075 579 1160 642 Colo·

208 665 275 725 niae
289 663 539 726 Sacramentariis
561 671 625 724 erat
646 666 713 725 ioco
728 666 827 741 precis
842 665 907 724 Post
926 663 1103 727 Communia
1117 661 1159 724 ie-

209 748 257 807 ria
279 747 380 823 quinta
404 745 620 806 Hebdomadae
641 745 807 817 Passionis3
831 751 1012 822 notaturque
1035 745 1065 803 in
1087 745 1160 805 anti-

207 827 364 908 quioribus
378 826 522 888 Romanis
535 826 709 897 Ordinibus,
726 833 759 888 et
771 828 850 904 apud
865 827 1068 892 Amatorium,
1087 834 1161 887 tam-
1231 844 1232 903 p

207 926 299 986 quarn
321 929 338 970 a
359 909 519 972 Sacerdote
542 908 874 988 postcommunionem
895 909 1031 970 dicenda.
1049 908 1160 970 Nuttibi

207 997 330 1065 tamen,
353 992 390 1052 ad
414 991 534 1054 laudata
555 999 751 1052 monumenta
773 993 855 1068 quod
875 993 1003 1059 attinet,
1027 992 1159 1069 tegitur,

210 1074 349 1143 obtare,
375 1091 412 1132 an
435 1074 583 1136 submissa
604 1091 678 1134 voce
701 1074 853 1135 recitanda
876 1075 925 1146 sit3
947 1068 1069 1134 tametsi
1092 1073 1161 1134 Sac-
1232 1064 1233 1109 i

208 1155 276 1216 outo
289 1155 335 1217 Xt
358 1155 540 1233 Mierotogus
562 1162 645 1217 notet
665 1153 738 1233 Cap.
756 1154 794 1214 19
816 1173 883 1217 earn
905 1155 1104 1216 aSacerdote
1123 1173 1161 1217 ex

206 1236 343 1299 Romano
364 1238 485 1313 quidem
506 1235 630 1306 Ordine,
654 1243 772 1298 secreto
785 1237 855 1297 diei.
871 1233 950 1298 Fere
963 1245 1075 1300 -tauren
1098 1239 1162 1298 ubi·

206 1336 267 1398 que
289 1319 423 1380 obtinent
447 1319 614 1380 ablutiones
636 1320 713 1381 duae
741 1320 770 1377 iu
792 1317 1075 1381 Romaoibtissatis
1102 1318 1162 1381 Ru-

133 1403 135 1407 ’
207 1400 299 1461 bricis
320 1403 531 1480 praescriptae,
556 1417 613 1462 una
636 1403 758 1478 quidem
779 1417 818 1460 ex
840 1403 911 1462 vino
931 1419 1041 1471 mero,
1066 1400 1161 1463 attera

207 1501 244 1544 ox
267 1483 337 1542 vino
359 1488 493 1560 etenira,
518 1483 554 1542 ad
578 1485 746 1560 purgandos
767 1483 886 1559 digitos.
902 1483 1161 1545 Postremabaco

207 1565 321 1626 ablutio
344 1567 384 1625 ita
406 1565 435 1624 iu
450 1563 580 1626 Robrica
603 1566 839 1642 praescribitur:
864 1561 1008 1626 Socerm
1021 1565 1158 1646 otiqoon·

202 1648 300 1707 totum
321 1647 407 1707 intro
425 1645 558 1709 Coiieem
579 1647 718 1711 immittit
736 1647 894 1726 utriusque
914 1665 1021 1708 monos
1040 1648 1162 1726 priores

203 1728 310 1807 dipitoa
331 1726 414 1799 door,
437 1729 471 1786 in
493 1747 565 1808 quoe
590 1728 723 1791 Clericus
744 1729 850 1790 vinem
872 1739 899 1789 et
920 1747 1033 1809 uquam
1054 1729 1160 1808 insen·

205 1809 263 1870 dr't.
287 1811 348 1871 Eos
369 1809 575 1888 purificatorio
597 1810 746 1890 detergit,
770 1810 873 1872 dicens
894 1812 1016 1872 interim
1042 1810 1160 1892 Corpus

204 1900 289 1952 toom
305 1891 442 1953 Domim.
459 1891 564 1954 Oratio
586 1892 662 1953 haec
678 1894 707 1951 iu
724 1895 892 1970 praeseutia
907 1893 945 1953 ad
960 1893 1157 1954 Sacerdotem

203 1978 321 2035 tanturn
344 1979 482 2050 spectat,
511 1975 562 2052 qui
585 1975 641 2034 sub
662 1980 792 2051 utraque
813 1976 914 2052 speeie
934 1969 1158 2036 Eucharistianr

149 2103 152 2109 .
203 2057 339 2132 suscipit.
363 2055 485 2133 Sumpta
511 2057 567 2118 init
593 2074 631 2116 ex
651 2059 749 2118 reteri
779 2055 909 2135 quodam
932 2055 999 2117 Poet
1027 2075 1159 2116 coremu-
1234 2128 1236 2133 ⁴

203 2138 254 2198 reio
269 2136 397 2199 Missatis
412 2137 581 2201 Gothorum
598 2143 667 2198 ante
689 2137 832 2200 Carotum
856 2137 1018 2216 Magnum
1043 2157 1080 2199 ae
1095 2143 1158 2200 turn

204 2219 323 2296 quidem
346 2219 479 2282 fidetium
502 2223 638 2282 omnium
662 2220 781 2280 nomine
809 2237 936 2282 numero
953 2217 1159 2282 -rnultitudinis

204 2300 382 2372 dicebatur,
407 2304 476 2378 quia
498 2301 563 2362 iere
585 2319 691 2377 omues
713 2305 875 2380 utramque
904 2303 1035 2380 speciem
1057 2318 1159 2363 sume·

203 2382 285 2444 bant.
303 2383 515 2445 Adnotandum
538 2385 661 2462 insuper
681 2401 801 2453 censeo,
819 2385 933 2445 nemini
950 2385 1050 2444 -ticere
1071 2386 1103 2444 in
1117 2398 1158 2444 eo

204 2465 301 2526 cunda
317 2465 373 2526 bac
389 2465 597 2544 purificatione
620 2467 714 2526 sotarn
730 2465 876 2529 adbibere
897 2483 1019 2543 aquam.
1038 2464 1085 2526 De
1101 2466 1157 2526 bac

204 2547 359 2611 ablutione¹
377 2553 444 2625 post
467 2548 598 2609 medium
615 2549 769 2608 saeculum
785 2546 862 2607 xru
885 2549 925 2607 ita
941 2547 1074 2624 loquitor
1091 2547 1161 2608 dten

202 2629 317 2689 xander
338 2627 559 2692 Atensis·Part.
576 2628 618 2691 IV
642 2629 766 2691 Summa
792 2626 965 2707 ibeolopioe
985 2630 1103 2707 quaen.
1126 2627 1157 2689 X

203 2708 303 2771 Tract.
329 2708 363 2768 de
389 2708 489 2793 Officio
510 2713 616 2772 Missae
637 2712 670 2771 P.
688 2710 717 2772 11
730 2712 761 2769 in
782 2709 842 2771 fine
862 2729 930 2790 pag.
957 2709 1013 2788 181
1038 2711 1100 2770 vot.
1124 2709 1154 2769 S:

138 2839 139 2844 ,
202 2789 260 2852 Hie
277 2792 428 2870 peractio,
453 2794 566 2870 inquit,
590 2791 732 2854 Sacerdos
753 2794 850 2854 obterit
870 2811 988 2853 manoe
1121 2791 1156 2850 ob

201 2875 402 2935 reverentiam
427 2871 631 2943 sacramenti,
656 2884 685 2935 et
705 2886 740 2936 ot
759 2875 970 2953 iodiper'totem
989 2891 1077 2934 eoum
1097 2889 1155 2932 me·

205 2965 317 3016 moret:
343 2965 369 3014 et
391 2965 425 3016 ot
446 2956 606 3034 indrynam
629 2955 787 3027 euiettmet,
809 2966 846 3016 ot
867 2957 1078 3034 menoe'qeoe
1092 2972 1154 3014 eor

201 3056 261 3118 poe
282 3038 511 3117 incorruptibile
533 3047 804 3106 contrectaverunt,
822 3055 931 3120 eorpus
951 3037 1152 3118 conopeium,

205 3120 250 3180 oet
265 3116 351 3178 otiod
372 3118 562 3180 immundum
585 3121 773 3198 continuant:
795 3120 886 3180 donee
906 3117 1034 3180 studiose
1055 3119 1154 3179 lover·

205 3209 267 3261 tur.
283 3199 373 3260 Trina
395 3219 468 3260 vero
483 3199 652 3262 Sacerdotis
673 3202 798 3272 ablutio,
821 3202 857 3261 ie
866 3201 1031 3281 principio,
1047 3199 1082 3259 in
1095 3217 1154 3258 ree·

203 3279 274 3349 dio,
300 3290 326 3341 et
348 3277 382 3340 in
403 3281 459 3363 pino
481 3283 617 3364 deciperet
637 3283 823 3346 munditiem
843 3280 1048 3363 oooitotionie,
1073 3292 1100 3342 et
1120 3298 1153 3341 o·

203 3363 321 3424 ettonis.
753 3404 756 3408 >
