2517 4059
164 271 319 347 Reliquias
339 266 492 349 jurabant,
508 272 550 332 uti
573 228 689 331 constat
705 287 742 329 ex
757 268 893 330 Cedreno
916 271 945 327 in
967 266 1124 346 Caprony'-

165 353 238 413 mot
259 352 400 413 Sciebant
421 360 578 431 praeterea
600 352 803 430 imperatores
824 349 1125 425 Costantinopolitani

164 434 269 497 Crucis
292 433 465 495 Dominieae
486 433 641 510 Reliquias
663 434 783 494 obviarn
818 434 937 493 mittere
963 430 1123 519 hostibus,

164 536 233 577 cum
256 517 367 593 quibus
391 516 420 574 in
442 518 569 591 gratiam
587 515 685 575 redire
708 515 861 582 volebant,
885 513 1048 589 insignum
1072 528 1125 571 ar-

164 599 314 658 ctissimae
336 601 367 655 et
391 598 570 659 inviolabilis
593 597 855 665 reconciliationis,
879 594 920 655 uti
942 596 1059 655 eruitur
1082 610 1123 653 ex

164 679 302 742 Cedreoo
323 680 353 736 in
375 679 536 740 blicbaele.

207 758 274 821 vtl.
297 762 392 821 Moris
415 761 507 822 luisse
529 761 564 820 ad
588 760 718 819 Sanctae
743 758 849 819 Crucis
875 756 1030 833 Reliquias
1045 773 1123 815 oon-

164 837 281 921 sugere,
305 858 375 901 cnm
398 845 519 919 gravior
539 850 662 918 urgeret
684 842 855 907 necessitas,
879 840 975 899 multa
997 845 1066 899 sunt
1082 857 1123 897 ex

164 924 342 1001 antiquitate
364 940 443 998 quae
466 925 494 983 id
516 926 640 1001 planum
662 929 865 999 testatumque
889 922 1008 980 iaciant.
1028 918 1123 996 inpri-

165 1008 221 1066 mis
243 1022 284 1065 ex
307 1002 435 1081 Evagrio
450 1006 516 1065 Lib.
530 1004 572 1065 tv
584 1003 793 1065 Historiarum
807 1004 880 1080 Cap.
893 1002 934 1063 ΞΒ
949 1003 1125 1077 Apameen-

163 1089 241 1148 sium
264 1087 387 1160 insignis
409 1095 440 1146 et
461 1105 613 1163 nunquam
636 1076 707 1146 sotii
731 1086 900 1161 praedicata
923 1084 1027 1159 pietas.
1041 1081 1119 1143 Cum

163 1171 243 1229 enim
266 1169 305 1227 ab
326 1169 461 1228 exercitu
485 1173 642 1228 Persarum
663 1175 799 1228 extrema
821 1166 894 1236 sibi,
912 1164 1034 1241 suisque
1056 1162 1121 1223 lor-

164 1252 241 1309 lunis
255 1249 412 1309 imminere
429 1269 487 1309 non
504 1252 655 1309 immerito
668 1249 875 1314 formidarent,
885 1238 1121 1323 rogaruni'l'bo-

164 1350 245 1391 marn
269 1328 465 1407 Episcopum,
490 1338 522 1391 nt
545 1332 678 1391 salutare
706 1325 857 1405 vitaleque
880 1328 990 1406 lignum
1013 1325 1121 1389 Crucis

163 1416 193 1473 in
216 1412 350 1472 medium
376 1414 537 1489 proterret,
560 1414 617 1471 etsi
642 1417 762 1487 praeter
780 1418 903 1487 tempus
926 1414 956 1469 et
978 1427 1119 1478 morem;

164 1501 197 1557 ut
216 1495 305 1572 jam.
330 1509 400 1553 cunr
427 1512 603 1571 supremum
626 1496 706 1555 diem
730 1494 904 1553 viderentur
926 1490 1059 1560 obituri,
1086 1492 1122 1553 it-

163 1576 213 1637 lod
244 1576 520 1652 contemplarentur
543 1577 858 1651 amplexarenturqum
884 1578 985 1649 utpote
1008 1574 1035 1630 in
1058 1591 1120 1650 quo

162 1660 224 1719 sola
249 1657 407 1717 bominum
434 1658 514 1717 salus
531 1659 623 1741 ppsita
639 1664 729 1717 esset.
747 1656 806 1715 Nec
822 1656 924 1714 obnuit
940 1652 1119 1731 Episcopus,

164 1745 382 1801 sacrosanctam
405 1738 533 1800 Crucem
558 1741 649 1798 certis
670 1740 776 1799 diebus
799 1738 908 1815 populo
930 1736 966 1795 ad
983 1742 1121 1797 contem·
1153 1794 1157 1801 ,

162 1821 325 1899 platiouem
348 1828 380 1880 et
399 1822 604 1881 adorationem
627 1822 794 1899 proposuit,
820 1836 874 1877 nec
896 1816 1025 1877 trustra:
1043 1818 1072 1877 id
1088 1836 1122 1878 e·

163 1905 224 1963 nim
248 1902 384 1962 beneficii
407 1920 424 1961 a
445 1901 541 1963 Cruce
562 1903 716 1961 consecuti
739 1907 818 1968 sunt,
843 1906 876 1959 ut
897 1898 1017 1964 Persae,
1036 1899 1120 1959 lerro

162 1984 342 2059 flammaque
365 1984 566 2053 formidandi,
590 1985 663 2043 nibil
688 1984 805 2060 penitus
826 1982 926 2041 damni
949 1988 1001 2039 aut
1023 1981 1120 2043 cladis

162 2066 396 2142 Apameensium
419 2063 493 2124 Urbi
513 2066 668 2125 inferrent.
694 2066 852 2125 abbatissa
884 2062 1059 2122 Monasterii
1081 2061 1117 2123 S.

162 2146 354 2223 Radegundis
374 2148 454 2220 apud
478 2146 633 2217 Pictavos,
655 2166 726 2207 cum
748 2152 779 2207 et
798 2164 817 2217 ¹a
841 2143 945 2204 morbo
967 2146 1118 2220 corporis,

162 2232 193 2287 et
214 2244 230 2286 a
253 2228 401 2287 seditiosis
424 2227 597 2289 bominibus
612 2229 723 2288 mirum
739 2229 767 2287 in
785 2227 905 2287 modurn
921 2224 1119 2301 affligeretur,

103 2344 108 2357 ·
162 2310 283 2386 iamque
305 2308 460 2369 seditiosos
483 2312 510 2369 in
533 2311 749 2371 Monasterium
773 2311 888 2369 irruere
910 2306 1043 2371 rideret:
1069 2310 1120 2371 Ari

160 2390 289 2452 Sciratae
315 2390 421 2453 Crucis
446 2409 550 2452 arram
573 2411 603 2451 se
631 2390 790 2469 deportari
816 2391 970 2467 poposcit,
999 2394 1117 2469 inquit,

161 2470 324 2549 Gregorius
334 2472 516 2533 Turonensis
538 2474 604 2532 Lib.
618 2472 660 2531 Χ,
672 2471 825 2533 Historiae
836 2470 1023 2533 Francorum
1038 2476 1117 2553 Cap.

74 2608 78 2612 ,
162 2552 212 2613 15.
230 2552 306 2612 Cum
322 2553 434 2613 Civitas
455 2553 779 2631 Constantinopolitano
797 2555 973 2630 gravissima
989 2556 1119 2616 obsidio-

161 2651 198 2693 ne
213 2633 395 2709 cingeretur,
413 2637 456 2695 uti
473 2643 554 2712 patet
568 2655 605 2695 ex
616 2635 764 2707 Cedrono,
778 2636 989 2714 Theopbylus,
1007 2638 1119 2712 cobor-

160 2718 241 2776 tante
264 2714 413 2776 Miebaelo
434 2717 526 2779 Balbo
549 2716 747 2795 imperatore,
764 2720 917 2777 civitatem
935 2722 1027 2779 totam
1042 2738 1118 2781 aum

158 2796 333 2857 Patriarcba
358 2806 390 2859 et
411 2800 527 2860 civibus
550 2818 643 2859 unum
661 2800 689 2857 in
706 2818 811 2877 agrum
827 2798 969 2869 collectis,
987 2800 1117 2878 supplex

159 2878 243 2944 obiit,
269 2877 368 2939 loreas
391 2880 528 2941 vivificae
549 2877 656 2941 Crucis
671 2880 758 2957 ligna,
776 2887 807 2940 el
822 2882 1115 2957 Deiparae‘vestem.

158 2958 302 3038 Legimus
325 2969 481 3037 praeterea
498 2963 573 3030 illos,
590 2964 642 3036 qui
659 2964 784 3039 gratiam
808 2962 864 3021 sibi
880 2961 946 3021 steri
962 2964 1115 3033 volebant,

157 3039 288 3102 Crucem
310 3060 413 3103 secum
439 3046 612 3119 exportasse
635 3045 754 3105 obviarn
778 3045 847 3111 illis,
865 3062 882 3103 a
898 3045 1117 3119 quibusmise·

158 3123 318 3185 ricordiam
345 3126 515 3201 sperabant.
538 3123 679 3185 Testatur
703 3126 731 3185 id
754 3127 790 3185 de
805 3124 1119 3205 Cbrodlelchrego-

158 3207 221 3267 rius
242 3204 424 3266 Turonensis
447 3206 513 3264 Lib.
538 3204 568 3264 X
592 3204 741 3267 Historiae
763 3206 946 3267 Francorum
961 3204 1035 3286 Cap.
1062 3208 1113 3271 ltt.

198 3286 283 3349 Vlil.
308 3285 374 3346 Non
396 3289 468 3346 satis
491 3287 546 3348 luit
567 3294 704 3349 veterum
730 3290 830 3366 pietati
852 3288 965 3349 Cruces
982 3288 1114 3351 inTem-

158 3370 213 3445 plis
236 3370 359 3446 pingere
373 3375 405 3428 ct
428 3373 573 3435 statuere,
597 3370 678 3445 ipsas
700 3372 822 3447 insuper
839 3368 986 3431 Ecclesiae
1002 3372 1031 3431 in
1046 3390 1117 3447 spe—

157 3451 237 3510 ciem
260 3455 291 3509 et
306 3450 444 3523 habitum
457 3447 559 3511 Crucis
573 3451 811 3512 conformabant.
826 3450 893 3525 Quo
909 3448 1116 3514 Crucis-sobe—

157 3538 238 3592 mate
262 3532 435 3592 nominatim
458 3539 647 3594 exstructum
670 3534 726 3596 luit
747 3533 997 3611 Templumillud
1012 3533 1114 3597 Gazae
