2517 4059
351 164 357 181 '
440 174 667 245 suturas·

79 318 134 375 pro
156 299 317 359 Germania
334 302 557 362 wormatiense
579 300 608 363 11
624 300 698 361 Can.
713 302 751 361 ill
772 308 803 362 et
823 300 1030 380 Mogontiuum

76 380 150 442 Can.
176 380 216 441 ts
238 384 410 458 exprimunt
431 383 590 445 Orationes
613 401 669 459 pro
689 381 855 444 Deiunctis.

116 463 157 525 ll.
183 463 243 523 Leo
264 462 422 525 Attattnsv
415 484 442 525 m
465 484 518 526 suo
540 464 641 551 Opere
663 465 698 526 de
722 463 903 543 Perpctorio
923 464 1030 531 Orien·

76 546 181 607 talium
204 544 391 638 synodorum
414 545 547 607 Canones
566 545 646 609 bene
670 549 780 608 multos
800 548 898 615 affert,
922 549 1031 623 quibus

75 611 234 705 utriusque
268 623 448 691 Ecclesiae
440 649 469 689 rn
498 631 554 691 boc
572 630 725 691 Catholico
758 630 903 704 Dogmata
927 648 1030 707 perpe·

76 720 158 771 tuam
183 714 407 773 consensionem
430 713 625 773 demonstrat.
653 709 782 771 Eisone
804 712 910 787 inquit
932 712 1029 781 Abra·

77 794 149 853 bam
173 790 376 853 Eccbellensis
393 790 526 873 Praefert.
550 796 580 855 in
594 793 771 872 Calalogum
790 792 940 870 Ebedjesu
956 809 1023 889 pag..

75 876 128 935 23:
153 874 188 937 Si
208 877 274 953 pois
293 875 463 969 sciscitator
488 895 508 935 c
529 894 710 955 quocumque
736 872 907 938 Orientali.
926 894 967 935 nn
991 876 1031 935 eit

74 958 160 1017 loeus
181 958 335 1035 siliquiis
322 952 355 1018 ni
377 978 433 1037 qno
454 954 579 1017 intimae
595 958 810 1036 Defunctorem
833 960 1028 1021 crucienter,

76 1049 103 1099 et
129 1056 171 1099 att
193 1040 360 1101 vicentium
384 1039 537 1119 scffrupits
558 1041 667 1121 jubari
685 1042 816 1120 possiet,
843 1050 878 1099 ct
901 1039 970 1099 inde
991 1040 1031 1100 ti-

75 1122 239 1185 bereum,
264 1124 368 1183 stetim
393 1122 485 1183 discet
500 1124 544 1181 ito
567 1140 635 1191 csse,
659 1133 687 1182 et
709 1124 746 1181 ab
765 1122 898 1181 omnibus
924 1120 1032 1181 Omen·

76 1203 187 1263 salites
219 1203 312 1265 credi
337 1202 380 1264 lla
412 1205 499 1281 plane
525 1205 624 1265 subdit
650 1205 794 1265 Eusebius
824 1203 1029 1264 Renaudotius

73 1284 161 1345 Tom.
186 1283 213 1343 ll
237 1283 446 1364 liturpierum
466 1285 665 1347 Orientalium
682 1306 748 1364 pag.
768 1285 837 1346 tot:
857 1286 1028 1349 certissime

75 1368 184 1443 inquit.
210 1370 316 1447 quippe
343 1376 457 1427 constat
478 1386 576 1427 omnes
599 1372 809 1448 cujuscumque
830 1370 961 1447 linquae,
978 1377 1031 1426 out

76 1448 182 1510 Seetee
204 1450 389 1510 Christianos
413 1468 451 1510 ecc
465 1452 678 1526 antiquissimo
694 1450 854 1529 discipline
874 1468 962 1508 orare
973 1467 1032 1529 pro
1113 1490 1118 1498 ·

74 1531 203 1598 mortuis
228 1532 262 1589 in
291 1532 426 1609 Litorpitt
448 1544 502 1593 etc.
534 1529 607 1591 Tum
634 1535 722 1591 etiam
751 1552 783 1590 eo
805 1535 935 1592 maxime
962 1550 1031 1589 eon-

74 1612 240 1692 firmatcr,
265 1612 341 1691 qnod
370 1615 509 1692 Liturpiu
535 1616 619 1675 mello
643 1616 684 1674 sit
705 1616 788 1673 ieter
809 1624 870 1674 tom
896 1613 1030 1681 multas,

75 1713 152 1773 quos
173 1695 279 1755 babent
302 1696 375 1776 Syri
394 1693 570 1760 leemites,
594 1714 671 1773 pone
696 1705 884 1755 morinorum
906 1711 1031 1753 comme·

75 1780 273 1838 metationem
296 1799 354 1838 non
376 1781 537 1839 continent.
560 1775 649 1837 Nulla
672 1778 761 1837 etiam
785 1778 862 1849 apud
884 1774 1032 1835 Occiden-

75 1859 150 1920 tales
175 1858 354 1930 lldissaest,
379 1861 486 1937 inqua
510 1877 566 1918 non
588 1866 691 1920 oretur
713 1878 766 1937 pro
792 1858 959 1919 Delunctis.
984 1855 1030 1916 En

76 1941 237 2015 praedictis
249 1942 388 2002 omnibus
399 1942 559 2019 perspicue
575 1940 722 2001 relellitur
737 1940 1030 2007 impudentissimum

23 2055 25 2058 s
77 2018 220 2083 Kemnitii
238 2025 425 2085 mendacium
448 2026 498 2100 qui
523 2026 550 2082 iu
573 2024 661 2083 tertia
677 2031 761 2097 parte
774 2021 934 2082 huminis
953 2021 1031 2084 Con-

76 2105 143 2165 silii
170 2102 339 2167 Tridentini
365 2104 463 2167 Trect
493 2105 527 2163 de
553 2104 755 2185 Porpntorio
783 2104 1030 2164 consuetudinem

77 2186 263 2246 sacrificandi
289 2205 340 2263 pro
362 2188 488 2247 mortuis
511 2186 601 2247 luisse
616 2188 738 2265 quidem
761 2188 881 2253 alicubi,
904 2187 1029 2246 sednon

77 2271 106 2326 in
132 2273 195 2327 lota
224 2266 354 2329 Ecclesia
377 2276 492 2330 temere
515 2270 629 2330 scribit.
657 2270 815 2330 Praeterea
840 2275 974 2329 mortuos
995 2267 1029 2327 li·

76 2350 186 2411 delium
210 2351 345 2411 rivorum
369 2350 506 2429 precibus
528 2352 606 2429 apud
628 2351 725 2413 Deum
750 2352 861 2430 jurari.
876 2358 906 2411 ct
926 2369 943 2409 a
965 2352 1029 2427 pia-

78 2432 229 2494 cularibus
255 2432 406 2501 flammis,
429 2434 536 2509 quibus
557 2435 586 2493 in
614 2432 788 2512 Purgalorio
810 2435 864 2509 ipsi
889 2439 1030 2507 torquen-

77 2525 127 2576 tur
154 2512 273 2575 liberari
301 2532 385 2590 posse
415 2523 517 2597 aperte
542 2517 613 2576 satis
637 2515 843 2575 demonstrant
867 2514 1029 2574 societates

76 2598 158 2667 illae,
171 2614 248 2671 qtrae
268 2594 382 2658 Octavo
398 2596 524 2657 Saeculo
545 2597 574 2655 in
591 2597 879 2656 commendationem
896 2602 1030 2656 mortuo·

78 2698 145 2740 rum
168 2680 319 2739 institutae
344 2687 423 2742 sunt.
441 2685 471 2739 et
493 2683 640 2755 perpetua
655 2678 879 2748 Annivcrsarin,
898 2694 974 2753 quae
990 2678 1028 2738 ad

76 2778 183 2822 eorum
198 2762 312 2821 animas
334 2761 437 2836 poenis
458 2760 633 2820 eximendus
654 2757 834 2835 lreqrtentari
851 2758 1025 2835 coeperunt.

76 2845 122 2905 lte
141 2842 314 2920 hujusmodi
330 2843 526 2903 societatibus
541 2842 663 2918 insignis
677 2848 759 2900 extat
774 2840 857 2901 locus
873 2842 952 2918 apud
969 2841 1028 2900 Ve·.

77 2926 242 2985 notabilem
263 2924 386 2991 Bedam.
402 2926 451 3000 qui
475 2942 527 3001 pro
550 2922 690 2984 mercede
712 2921 801 2981 Vitae
822 2922 853 2981 S.
865 2920 1029 2983 Gutbberti

76 3006 296 3068 Cantuariensis
318 3006 456 3083 Episcopi
486 3024 559 3066 ase
584 3004 769 3081 conscriptae
795 3004 869 3064 baec
892 3010 977 3082 rogat
998 3005 1027 3063 in
1057 3025 1059 3034 ¹

77 3089 207 3165 Prologo
228 3089 264 3148 ad
285 3086 458 3148 Eadlridum
482 3086 662 3165 Episcopum
686 3084 966 3156 lindisfarnensem,
977 3103 1055 3158 me,

79 3169 219 3245 destincte
241 3188 299 3247 pro
323 3169 521 3249 redemptione
540 3169 661 3229 animae
685 3187 778 3233 mene,
802 3171 888 3248 quusi
905 3188 961 3249 pro
980 3170 1028 3246 (a

78 3253 228 3316 mitioris
253 3270 288 3311 ec
309 3252 465 3313 vernaculi
486 3252 575 3341 uestri
599 3269 696 3319 orere,
723 3260 750 3310 et
774 3252 878 3311 Missas
896 3252 1027 3328 secere,

80 3342 108 3393 et
133 3352 240 3393 nomen
255 3352 354 3394 mecm
379 3335 459 3393 inter
478 3342 578 3393 eostre
592 3334 718 3393 scribere
733 3331 908 3407 dipnemini.
925 3332 1028 3391 Plures

75 3417 169 3477 etiam
190 3416 246 3477 bac
272 3415 308 3475 de
330 3433 374 3486 re,
392 3416 455 3474 sive
476 3434 531 3493 pro
547 3415 713 3481 obtinendis
727 3413 944 3474 Delnnctorum
960 3411 1029 3473 Sul·

78 3496 180 3575 fragiis
202 3496 342 3575 leguntur
363 3496 394 3558 S.
419 3494 562 3558 Eonilacii
583 3494 722 3575 Episcopi
742 3501 774 3556 et
793 3496 936 3575 Martyris
958 3493 1029 3571 Epi-

78 3582 174 3643 stolae
197 3579 275 3641 inter
299 3598 349 3641 eas
374 3582 456 3641 extat
476 3580 627 3658 trigesima
649 3578 763 3657 quinta,
787 3594 863 3655 quac
885 3582 930 3638 est
950 3575 1029 3654 Eug-
