2517 4059
459 210 661 283 *diffiido

96 336 159 415 Cap.
177 338 214 398 ts
235 342 264 399 in
286 339 451 401 Concordia
473 340 659 419 Regularum
682 341 756 419 Cap.
779 340 861 422 56·ss
884 340 902 401 lc
923 344 957 402 in
979 360 1040 423 qua

96 418 163 495 seria
183 433 264 482 senta
277 424 423 492 uelamen,
446 426 489 484 eei
512 424 645 485 diversus
666 420 806 484 Oratorii
827 434 953 485 ornatus
973 424 1041 484 sat·

97 503 240 572 tradatur,
263 506 354 564 simul
377 515 405 564 et
427 506 593 572 lucernae,
618 514 645 564 ct
667 503 811 565 cicendeli
837 514 930 565 totum
952 507 1038 566 intra

96 578 301 644 Manasteriam
316 597 441 663 nepetae
456 597 601 664 aspectus.
625 586 683 647 Sed
706 586 764 647 luit
779 587 898 647 diversa
914 606 1039 649 consue·

95 664 176 732 tudo;
200 684 265 725 nam
290 668 362 725 olim
385 669 476 729 etiam
501 670 528 726 iu
553 668 731 745 quibusdam
755 671 825 727 locis
848 669 1038 729 nudabantur

96 744 118 801 in
137 746 230 807 Coena
253 746 386 816 Domini,
411 756 443 810 ut
466 767 562 818 nuuc,
587 750 845 827 quemadmodum
867 750 969 809 videre
992 756 1039 813 esi

96 825 118 883 in
137 826 243 889 Ordine
265 828 400 890 Romano
424 831 460 889 de
486 830 543 891 hac
565 831 663 891 iuria:
688 832 799 894 Statim
822 830 881 891 duo
904 832 1036 911 Acolptlci

89 909 183 985 parati
203 928 269 969 enm
285 914 385 991 nipris
400 912 508 972 casulis
528 914 680 993 incipiant
705 913 820 974 nudare
841 911 983 982 Altaria,
1006 920 1040 975 ut

94 1007 176 1067 nuper
199 994 379 1053 uotaaimus.
397 992 484 1067 Quod
500 995 620 1054 videtur
640 997 731 1056 etiam
748 994 967 1073 praescriptum
982 993 1038 1054 Ca-

91 1087 157 1132 noue
177 1070 293 1134 Octavo
319 1074 443 1135 Consilii
464 1074 598 1135 Toletani
622 1077 661 1139 16
694 1077 743 1136 ata
773 1094 865 1153 agens
896 1075 934 1134 de
963 1074 1038 1135 San·

92 1157 131 1213 'cla
149 1152 314 1215 Parasceve
335 1156 432 1215 dicit:
462 1155 589 1231 Quando
618 1158 736 1219 attacta
762 1156 913 1239 denudata
941 1159 1038 1236 persi·

90 1242 182 1302 stunt,-
210 1254 277 1295 nam
301 1260 337 1294 το
354 1236 519 1316 persistunt
545 1238 657 1299 iudicat
677 1258 713 1301 eo
728 1240 774 1299 die
798 1258 855 1299 non
872 1237 962 1297 luisse
985 1238 1038 1299 dc·

91 1316 214 1387 nudata,
239 1318 291 1377 sed
315 1320 435 1395 pridie:
460 1319 547 1397 juxta
569 1338 712 1392 morem,
736 1322 787 1397 qui
816 1321 906 1382 etiam
929 1318 1039 1380 confir·

90 1404 179 1459 matur
208 1416 246 1459 ex
268 1399 399 1459 Concilio
419 1392 564 1461 Toletano
588 1401 626 1463 17
658 1398 777 1462 Canonc
805 1400 964 1463 secundo:
987 1396 1037 1461 Ita

90 1490 118 1539 ut
135 1480 192 1541 nisi
215 1479 329 1541 Comae
352 1481 477 1540 Domini
498 1483 692 1552 celebritate,
718 1481 837 1563 quanda
865 1501 945 1541 marc
966 1482 1036 1541 soli-

90 1568 135 1629 to,
157 1562 274 1621 Altaria
297 1561 400 1623 debent
422 1560 579 1634 devestiri,
605 1564 707 1625 eadem
734 1564 835 1625 delent
858 1566 935 1623 ostia
960 1582 1036 1625 rese-

89 1644 155 1702 rari.
179 1640 356 1719 Expoliandi
379 1662 451 1704 svera
474 1644 588 1706 Altaria
620 1665 679 1705 non
702 1664 760 1707 arra
789 1646 885 1707 extitit
912 1661 1036 1705 consue·

90 1724 162 1784 tudo.
178 1723 369 1785 Cassiuenses
391 1726 471 1786 enim
487 1727 543 1785 sub
559 1725 766 1806 Vesperarum
789 1726 872 1785 initio
889 1727 965 1786 haec
982 1742 1036 1785 nu·

89 1804 208 1876 dabant,
235 1811 270 1865 ut
290 1825 397 1866 eorum
420 1805 613 1868 Ordiuarium
639 1827 690 1868 nos
713 1810 809 1869 docet.
826 1804 1037 1867 Cistercienscs

87 1902 151 1948 vcra
170 1895 241 1947 ‘aute
264 1886 437 1963 Vesperas,
462 1889 584 1966 expleto
606 1906 773 1969 pauperum
800 1886 954 1947 Mandata.
978 1881 1038 1946 llu-

87 1968 183 2044 glicaui
207 1970 347 2029 Monachi
371 1987 459 2031 mane
481 1976 547 2045 posi
567 1968 760 2048 Capitulum,
785 1976 859 2031 teste
881 1969 1036 2029 Dunstauo

89 2051 112 2109 iu
131 2050 304 2111 Concordia.
329 2050 389 2111 Alii
412 2052 585 2113 relectionis
608 2052 825 2129 temporebus
848 2068 957 2111 munus
980 2050 1038 2108 im·

88 2131 207 2207 plebani,
232 2132 312 2208 quod
328 2134 505 2209 praesertim
528 2132 679 2193 affirmant
700 2133 938 2196 Consuetudines
960 2129 1037 2192 Ger·

88 2216 194 2273 matriae
222 2212 252 2272 S.
277 2214 423 2292 Benigni‚
449 2213 633 2275 lanfrancus
654 2216 689 2273 in
717 2214 868 2281 Statoris,
897 2219 927 2273 et
949 2208 1036 2270 Liber

93 2290 194 2355 liscum
212 2293 416 2356 Beccensinm.
433 2293 517 2357 Hace
534 2296 684 2357 Altarium
701 2296 861 2356 denudatio
875 2295 961 2374 junia
973 2290 1035 2353 Du·

88 2378 206 2438 candum
229 2376 296 2437 Lib.
315 2376 356 2436 Vl
380 2377 510 2455 Capiti
533 2376 708 2437 Rationalis
724 2378 902 2439 Divinarum
924 2372 1035 2457 Officio·

88 2474 147 2517 rum
170 2457 317 2536 signifieat
339 2460 437 2535 primo
461 2476 627 2527 recessum„
648 2459 869 2539 Discipulorum
892 2456 1033 2523 llomiui,

88 2555 132 2599 seu
155 2539 380 2617 Apostolorum,
405 2541 506 2601 unde:
534 2538 597 2614 Qui
607 2543 704 2622 jueta
720 2560 764 2599 me
781 2550 877 2609 erant,
902 2538 936 2596 de
950 2540 1035 2615 toupe

88 2629 237 2682 steterunt.
252 2620 390 2681 Secundo
407 2621 567 2682 denudatio
583 2621 696 2681 ditaris
708 2622 843 2699 designat
854 2620 934 2696 quod
946 2619 1035 2681 Clui-

90 2707 141 2762 stus
158 2703 215 2762 luit
237 2704 366 2763 nudatus
389 2704 417 2763 in
434 2704 542 2764 Cruce.
567 2702 671 2763 Tertio
687 2703 800 2763 Altaris
815 2704 976 2763 denudatio
996 2702 1035 2761 si·

89 2784 203 2853 gnificat
216 2783 316 2861 lesum
333 2784 489 2845 Christum
505 2785 668 2844 divinitatis
685 2783 775 2861 gloria
793 2784 950 2845 nudatum.
975 2782 1035 2843 Ln-

90 2860 130 2924 het
144 2866 201 2925 hac
224 2866 260 2925 de
283 2884 315 2925 re
338 2865 441 2926 audire
458 2864 646 2945 Amal-arium
662 2864 705 2924 De
721 2866 941 2928 Ecclesiasticis
968 2861 994 2921 O
1024 2896 1036 2907 -

90 2946 135 3005 ciis
148 2945 221 3022 Cap.
238 2946 277 3005 12
293 2949 335 3005 sic
351 2948 558 3009 disserentem:
576 2945 681 3009 Restat
697 2946 794 3007 adlsnc
807 2965 902 3005 unum
926 2946 960 3002 in
1006 2963 1036 3002 c·

91 3042 166 3087 manc
186 3027 311 3095 Ordine,
328 3029 379 3087 ubi
389 3030 548 3109 praecipit,
572 3037 606 3088 ut
629 3048 648 3088 a
662 3028 689 3088 V
711 3028 793 3107 seria
807 3026 948 3105 usquein
964 3019 1036 3084 Sali-

92 3104 144 3167 late
165 3111 274 3173 Sancto
297 3109 381 3169 nuda
403 3109 462 3169 sint
484 3112 604 3170 Altaria
616 3132 626 3180 ;
649 3110 726 3189 quod
741 3106 827 3169 aliud
842 3127 901 3166 non
922 3104 1035 3184 sipnipi·

93 3198 140 3259 cat,
163 3194 198 3251 ni
217 3193 322 3267 fallar,
349 3191 411 3250 nisi
432 3192 536 3268 [apem
552 3190 770 3271 Apostolorum,
795 3206 885 3268 paam
901 3191 963 3265 ipsc
977 3184 1037 3245 Do-

94 3271 179 3333 minus
201 3282 327 3333 testatur
348 3274 383 3331 in
405 3271 568 3349 Ecanpelio
591 3272 727 3333 loannis.
754 3268 888 3329 Nudatia
910 3265 1034 3345 ditaris,

93 3346 177 3424 iuquit
197 3352 341 3415 Belcthus
362 3350 529 3430 Explicatio
553 3354 731 3413 llivinorum
747 3350 923 3412 Officiorum
940 3348 1038 3425 Caput

94 3426 399 3514 linteamenque
418 3434 553 3497 Christus
575 3436 609 3493 in
635 3436 772 3515 passione
794 3451 849 3492 sna
870 3428 1037 3490 denudatus

94 3508 159 3573 'uisus
179 3520 225 3587 sit,
251 3527 280 3577 et
301 3516 483 3593 despoliatus
504 3517 565 3575 iltis
587 3518 697 3595 sipuis,
722 3514 827 3594 quibas
848 3523 915 3573 ante
936 3515 971 3572 in
991 3512 1010 3589 γ’
1026 3545 1039 3556 -

96 3592 191 3657 dandis
212 3598 370 3659 miraculis
391 3610 578 3678 apparuerat
601 3598 757 3675 ptariasns.
784 3596 835 3655 Vei
849 3597 938 3654 etiam
959 3594 1037 3651 Alta·
