2517 4059
546 198 770 271 stemm-

183 323 290 386 do‘otus
305 324 480 385 Vincentius
495 325 659 389 Ricoardus
675 326 806 388 Clericus
821 325 978 403 Regularis
1000 328 1028 385 iu
1047 326 1135 389 Com-

184 408 334 468 mentario
347 407 388 465 od
400 408 564 469 orationem
576 407 626 470 IX
637 407 668 468 S.
688 407 785 469 Procli
799 407 1016 489 Arcbiepiscopi
1034 408 1134 469 croe-

184 492 262 558 toaa',
279 497 310 549 et
324 490 431 549 deinde
447 488 576 565 Congius
591 494 627 549 ad
645 492 702 551 boc
718 492 843 551 verbum
867 491 895 549 in
914 490 1062 552 Glaesaria
1076 508 1135 549 mc-

183 575 249 632 nioe
271 583 297 631 et
316 571 436 653 infimae
460 571 652 633 Graecitatis.
670 571 749 634 Hine
772 575 863 632 etiam
887 571 981 631 Latini
1004 572 1134 648 Scripto-

185 672 235 714 res
257 653 348 712 medii
362 660 395 713 et
416 653 566 714 interioris
581 658 659 723 aevi,
683 662 802 731 sumpto
818 673 834 713 a
851 652 974 714 Graecis
989 655 1134 714 vocabulo

183 752 285 795 sacras
308 742 406 795 vestes
427 738 571 797 materiae
595 739 789 813 pretiosioris,
802 742 832 795 el
855 738 882 794 in
904 736 1060 795 candidum
1084 752 1134 795 co·

161 819 279 878 'lorem
303 824 472 894 vergentes,
496 816 635 899 diaspros
659 826 815 885 vocarunt,
839 825 870 878 et
890 816 966 877 Galli
989 814 1136 897 diaspries

184 918 203 959 a
224 898 323 958 colore
345 898 493 977 jaspidis,
525 908 625 961 vestes
650 904 841 979 variegatas,
874 908 905 960 et
926 901 1153 969 versicolores„

186 973 333 1057 Exempla
356 981 468 1056 aliquot
489 980 638 1043 babemus
660 982 916 1061 apudlCangium.

229 1062 268 1122 ll.
283 1060 420 1121 Proxime
436 1064 582 1124 accedunt
597 1066 690 1124 colori
706 1066 921 1134 athalaricus,
939 1064 1050 1131 niceas,
1067 1080 1133 1121 can·

185 1143 284 1224 didus,
299 1144 424 1208 uitreas,
447 1164 643 1214 marmoreus,
672 1159 838 1226 arcontius,
861 1145 967 1225 flocus,
989 1146 1135 1223 palearis,

182 1227 314 1292 basem.
330 1226 484 1295 citrinos
506 1244 566 1303 quo
588 1229 724 1296 ciuiuus,
747 1234 778 1289 et
798 1228 985 1294 diacitrinus‚
1010 1244 1134 1293 aureus,

185 1308 298 1373 fulvus,
322 1313 352 1367 et
375 1308 424 1365 alii
447 1306 633 1385 hujusmodi,
657 1311 694 1371 de
720 1312 831 1387 quibus
856 1310 1013 1368 scitissime
1039 1306 1133 1369 lulius

185 1388 296 1449 Caesar
318 1388 451 1465 Scaliger
476 1392 504 1447 in
526 1390 624 1452 Libris
647 1390 681 1451 de
701 1394 863 1453 subtilitate
888 1402 991 1450 contro
1015 1388 1134 1452 Cardo-

182 1488 268 1529 num.
292 1470 461 1531 istiusmodi
476 1480 576 1533 autem
593 1476 693 1534 omnia
710 1474 806 1534 terme
823 1474 952 1540 nomina,
976 1474 1067 1531 sacris
1082 1489 1133 1532 ve-

181 1552 277 1613 stibus
297 1552 389 1612 indita
411 1556 500 1613 etiam
518 1556 696 1631 reperimus,
722 1550 817 1633 eaque
833 1555 869 1613 ad
882 1554 981 1613 aihum
999 1553 1132 1614 colorem

182 1652 301 1693 sacrum
318 1634 486 1695 referimus.
512 1634 665 1697 Pascbalis
682 1636 779 1713 Papae
796 1635 808 1696 l
835 1638 934 1715 imago
959 1637 1088 1697 musiva.
1104 1637 1133 1695 io

183 1716 285 1784 absida
307 1714 512 1777 Ecclesiarum
539 1717 570 1778 S.
586 1718 745 1790 Caeciliae,
762 1718 792 1779 S.
811 1719 963 1786 Praxedis‚
980 1724 1010 1777 et
1024 1716 1054 1779 S.
1069 1716 1133 1777 Ma-

183 1800 246 1857 riae
262 1800 291 1857 in
305 1798 450 1858 Domuica
465 1801 550 1860 aurei
565 1801 671 1861 coloris
689 1802 828 1877 planeta,
857 1801 956 1860 limbis
971 1800 1071 1861 rubeis
1086 1818 1135 1859 va·

183 1882 308 1956 riegola,
338 1881 438 1940 induta
454 1889 511 1943 est.
534 1880 567 1940 ln
593 1886 724 1961 sacrario
750 1884 922 1944 monasterii
948 1880 1135 1941 Centulansis

183 1962 436 2023 enumerabantur
452 1964 572 2025 casulae
583 1966 688 2041 galnae
707 1965 782 2025 idest
795 1963 901 2024 bavae.
925 1962 1053 2023 basillus
1069 1962 1135 2023 Ma-

186 2043 272 2109 cedo,
289 2051 319 2104 et
330 2043 391 2105 Leo
406 2045 713 2120 imperatores..datis
731 2047 837 2115 literis,
854 2051 968 2106 vestem
985 2045 1136 2104 diacitrini

115 2196 122 2205 .
182 2126 304 2192 coloris,
320 2125 438 2202 aliaque
455 2145 579 2188 munera
594 2126 749 2188 Hadriano
762 2128 857 2205 Papae
868 2126 897 2188 ll
914 2129 1069 2187 miserunt.
1087 2126 1135 2187 dd

184 2206 271 2272 baec,
289 2209 456 2285 semiprlsci
472 2211 537 2269 aeui
554 2211 612 2269 alia
627 2212 797 2271 testimonia
816 2208 1010 2286 proterimus,
1027 2209 1136 2285 quibus

181 2287 268 2348 albus
282 2291 378 2355 color,
395 2306 509 2367 anepos
525 2292 646 2351 dicitur.
666 2290 815 2352 Henricus
836 2289 1005 2366 imperator
1028 2290 1138 2350 obtulit

182 2368 218 2429 lt.
236 2369 397 2431 Benedicta
423 2374 557 2448 pluviale
571 2374 726 2451 diasprum
753 2392 821 2433 cum
840 2374 914 2433 listis
936 2390 1010 2435 auro
1032 2370 1132 2433 textis.

182 2450 288 2512 Victor
302 2450 346 2511 lll
376 2454 507 2513 moriens
522 2455 643 2515 donavit
672 2454 886 2517 attenedum
910 2452 1046 2515 Planetas
1072 2454 1138 2514 dia·

180 2550 267 2610 spras
282 2534 441 2595 deauratas
457 2538 600 2612 quinque,
629 2542 661 2597 at
675 2543 736 2599 tres
752 2539 815 2598 sine
831 2552 917 2597 auro.
945 2540 1043 2614 Atque
1059 2536 1135 2595 baec

180 2616 254 2675 satis
268 2634 334 2675 esse
351 2625 437 2693 putes
453 2618 488 2675 ad
507 2618 640 2678 colorem
656 2619 756 2679 album
775 2618 1000 2680 adstruendum.

223 2696 277 2757 lll.
294 2697 363 2759 Post
377 2700 477 2758 album
507 2701 639 2761 colorem
665 2700 800 2777 sequitur
830 2694 912 2759 colbr
933 2700 1054 2769 rubens,
1082 2716 1138 2759 seu

181 2797 360 2857 purpureus.
385 2780 442 2841 Sed
458 2783 601 2858 quoniam
619 2782 774 2861 multiplex
786 2787 833 2842 est
848 2783 904 2841 iste
919 2780 1016 2854 color,
1033 2798 1068 2841 ac
1083 2797 1138 2842 aa·

181 2861 235 2921 riis
260 2862 428 2922 nominibus
453 2864 482 2922 in
512 2865 712 2924 monumentis
739 2862 959 2925 Ecclesiasticis
988 2864 1136 2931 effertur,

181 2943 248 3003 iden
277 2944 315 3004 de
329 2962 481 3022 purpurae
510 2946 668 3020 speciebus
693 2946 792 3022 aliqua
808 2949 879 3005 sunt
901 2944 1134 3024 praemittenda.

179 3022 260 3085 Nulli
276 3026 462 3087 eruditorum
479 3044 536 3085 non
548 3030 673 3095 constat,
691 3028 799 3103 triplex
812 3044 962 3103 purpurae
978 3044 1073 3105 genus
1089 3026 1141 3085 di·

180 3108 291 3184 stingui
312 3108 350 3167 ab
375 3106 502 3168 Octavio
523 3106 678 3174 Ferraria,
694 3128 728 3169 ac
743 3127 760 3169 a
777 3107 939 3178 nonnullis,
965 3110 1016 3185 qui
1042 3107 1080 3168 de
1101 3124 1135 3167 re

179 3190 330 3257 vestiaria,
346 3194 378 3249 et
391 3190 428 3249 de
442 3191 592 3251 coloribus
607 3190 802 3269 scripserunt,
820 3208 926 3269 nempe
941 3191 1130 3254 coccineum,

178 3272 243 3329 sire
260 3289 390 3337 roseum,
418 3272 666 3349 amethystinum
695 3290 747 3333 seu
764 3272 931 3333 violaceum
949 3277 1132 3338 saturatum,

178 3352 415 3430 conchyliatum,
446 3353 561 3414 scilieet
576 3355 715 3415 irascenti
731 3354 804 3415 mari
831 3356 940 3423 simile,
965 3372 1020 3415 seu
1035 3354 1133 3413 mavis

179 3435 364 3496 caeruleum.
395 3434 527 3496 Blattous
555 3437 732 3496 enimoolor
762 3436 804 3497 uti
827 3443 929 3498 censet
955 3432 1136 3501 Ferrarius,

180 3522 318 3592 sumptus
333 3524 378 3576 est
392 3517 551 3592 aliquando
566 3519 603 3581 ab
620 3518 768 3578 interioris
783 3520 849 3577 aevi
862 3516 1066 3595 Scriptoribua
1078 3514 1134 3593 pro

179 3610 343 3675 purpureo.
371 3596 449 3658 Auta
463 3598 640 3659 Ferrarium
655 3601 775 3678 egregia
790 3598 904 3678 aliquot
929 3602 965 3661 de
981 3599 1137 3659 coloribus
