2517 4059
562 182 788 255 anatim·

158 362 161 369 .
196 324 251 367 nec
273 304 349 367 ullus
374 306 510 383 Scriptor
537 318 607 371 ante
634 310 859 373 Constantinum
882 309 1027 387 Magnum
1055 309 1154 385 ipsum

195 390 277 451 libris
305 390 368 449 suis
390 391 523 450 inserere
550 401 731 460 accussat,
761 395 816 453 nisi
844 394 926 454 solus
947 390 1152 452 Tertullianus

193 471 370 547 compendio
385 477 485 533 umen
499 491 589 543 usus,
614 479 645 534 et
658 476 838 553 quibusdam
861 474 996 534 articulis
1017 477 1152 548 praetcr-

193 554 302 613 missis.
319 552 486 623 Trecentis,
507 561 538 614 et
552 556 683 631 amplius
697 558 781 616 annis
794 557 858 617 solo
873 554 1046 633 Apostolico
1063 552 1151 631 Sym·

193 635 261 694 bolo
276 653 329 695 usa
345 639 390 695 est
405 635 560 703 Ecclesia,
584 638 679 697 donec
694 638 788 699 Arius
809 637 1002 697 detestandae
1019 635 1155 697 haeresis

195 717 392 793 impiissimus
404 716 518 777 Auctor
532 722 670 787 emersit,
686 736 742 795 pro
752 718 840 797 cujus
855 719 1047 777 damnatione
1062 733 1157 776 emer·

195 799 238 857 rit
259 805 364 858 coacta
386 795 517 858 Nicaena
539 798 679 877 Synodus
700 817 808 860 novam
825 799 908 860 Fidei
931 805 1077 859 tesseram
1101 803 1159 857 tra·

199 879 274 939 didit
295 878 502 945 Ortbodoxis‚
525 896 583 955 qua
596 873 644 942 ‘ab
666 882 787 942 Arianis
807 884 1063 942 discernerentur.
1088 877 1157 938 Hoc

197 978 273 1021 vero
295 960 358 1039 Syn
371 961 438 1021 bolo
455 962 484 1019 in
500 962 606 1021 eadem
629 962 750 1040 Synodo
772 966 898 1024 recitato
920 979 1024 1022 omnes
1039 960 1159 1036 Episco

197 1060 252 1118 pos
276 1045 460 1102 exclamasse
483 1043 627 1120 legimus:
650 1042 796 1105 Haereat
821 1044 1044 1108 Cctltolirorum
1058 1040 1156 1110 Fides,

195 1123 265 1183 ltoic
287 1136 386 1183 omncs
408 1122 579 1194 credimur,
606 1126 739 1186 iuliane
759 1127 909 1207 baptizoti
928 1144 1029 1185 rumor
1049 1125 1085 1182 in
1104 1124 1159 1183 leuc

197 1206 398 1281 baptizamur.
416 1202 509 1265 Novis
525 1211 627 1283 postea
643 1210 756 1268 exortis
772 1208 948 1268 haeresibus
962 1206 1095 1267 secunda
1106 1203 1158 1283 Sy·

198 1285 296 1347 nodus
317 1283 520 1347 Oecumenica
543 1287 797 1366 Constantinopoli
818 1297 921 1349 coacta
937 1294 1000 1356 est,
1023 1288 1053 1346 in
1068 1283 1159 1362 eujus

199 1367 300 1444 primo
315 1384 478 1443 congressu
489 1368 570 1428 aliud
582 1368 757 1447 Symbolum
772 1371 889 1432 editum
903 1370 973 1433 luit,
985 1368 1067 1445 quod
1080 1368 1158 1427 blar-

201 1465 255 1508 cus
278 1446 449 1525 Ephesinus
472 1448 501 1509 in
523 1449 644 1529 Synodo
658 1448 829 1513 Florentina
845 1460 999 1527 umquam
1021 1467 1061 1509 ex
1075 1461 1157 1508 com·

200 1530 283 1590 muni
305 1530 493 1592 Graecorum
517 1529 639 1592 Petrum
661 1536 806 1595 sententia
830 1551 847 1593 a
868 1532 1016 1608 Gregorio
1031 1529 1159 1590 Nazian-

198 1627 273 1671 zeno
296 1614 497 1689 compositum
521 1612 612 1674 luisse
634 1618 774 1675 asseruit.
798 1613 865 1675 Hoc
880 1632 955 1675 vero
970 1612 1112 1672 ultimum
1127 1611 1157 1669 in

198 1691 291 1753 Missa
314 1695 427 1754 cantari
450 1696 548 1769 potius
570 1712 662 1770 quam
677 1694 842 1757 Nicaenum
865 1694 978 1770 antiqui
993 1693 1098 1753 Patres
1114 1691 1158 1751 in·

199 1775 384 1842 stituerunt,
408 1777 480 1852 quia·
502 1777 531 1835 in
553 1793 590 1836 eo
613 1778 754 1855 dogmata
776 1778 947 1838 orthodoxa
968 1775 1082 1858 clarius
1103 1790 1158 1833 ex·
1207 1782 1215 1799 ·

196 1857 381 1995 prinfruntur,
405 1864 436 1917 et
449 1874 554 1918 omnes
568 1857 711 1919 haereses
726 1876 763 1919 eo
778 1876 874 1935 usque
891 1864 1015 1918 exortae
1038 1856 1161 1934 plenius

197 1952 252 1996 con
268 1944 407 2001 utantur..

238 2018 282 2080 Il.
305 2019 381 2092 Quis
401 2020 536 2081 omnium
559 2022 674 2099 primus
696 2021 771 2083 illud
793 2021 946 2099 Liturgiae
971 2016 1157 2085 inseruerit,

196 2104 251 2159 aut
271 2102 384 2160 cantari
408 2102 616 2179 praeceperit,
649 2104 801 2165 incertum
821 2108 879 2162 cst.
903 2100 1079 2178 lladulplrus
1101 2116 1158 2176 pu·

196 2184 257 2250 tat,
283 2182 421 2242 Marcum
443 2179 555 2260 Papam
576 2183 791 2246 successorem
814 2183 845 2244 S.
862 2182 999 2243 silvestri
1022 2182 1157 2258 primurn

197 2263 357 2331 statuisse,
386 2271 418 2325 ut
440 2265 592 2325 diceretur
613 2267 643 2323 in
666 2266 757 2325 Missa
777 2264 954 2343 Symbolum
977 2262 1157 2323 Nicaenum.

196 2339 390 2404 Innocentius
413 2344 455 2406 ΙΙΙ
478 2346 544 2405 Lib.
563 2344 591 2405 ll
614 2346 650 2405 dc
665 2345 819 2426 Myrtois
835 2344 944 2407 Missae
958 2342 1031 2419 Cap.
1049 2341 1101 2413 tc,
1125 2346 1158 2400 et

197 2424 246 2486 alii
269 2426 423 2497 scribunt,
447 2426 477 2487 S.
493 2426 656 2487 Damasum
672 2430 700 2486 id
718 2430 837 2489 recitari
859 2429 980 2488 iussisse
996 2425 1034 2485 ad
1050 2440 1159 2485 exem·

195 2506 280 2583 plum
295 2505 493 2567 Graecorum.
517 2506 630 2568 Omnes
645 2515 748 2570 autem
765 2511 795 2569 in
809 2527 847 2569 eo
861 2509 1055 2576 conveniunt,
1072 2504 1158 2583 quud

196 2588 296 2664 primo
312 2591 340 2648 in
357 2587 499 2649 Ecclesiis
520 2589 727 2651 Orientalibus
748 2592 867 2668 publice
883 2595 996 2650 cantari
1019 2585 1158 2664 coeperit

195 2668 341 2731 adversus
363 2688 471 2747 pravas
488 2672 709 2733 baereticorum
732 2674 903 2747 opiniones,
927 2677 958 2732 et
971 2670 1009 2730 ab
1025 2668 1081 2728 illis
1101 2684 1160 2744 po·

196 2754 258 2810 sica
276 2770 347 2811 usus
364 2752 519 2814 laudabilis
535 2754 571 2812 ad
586 2752 794 2813 Occidentales
809 2751 960 2813 Ecclesiae
982 2748 1155 2812 transfusus

195 2831 246 2893 sit.
271 2831 388 2893 Morem
410 2832 607 2895 Orientalium
631 2840 812 2912 receperunt
832 2834 930 2911 primo
945 2834 975 2892 in
989 2830 1158 2893 Occidente

198 2910 337 2990 Hispani,
362 2922 393 2976 et
408 2916 437 2975 in
453 2915 585 2978 Concilio
600 2915 645 2979 111
658 2914 801 2977 Toletano
823 2932 902 2976 anno
915 2913 978 2975 589
991 2918 1157 2981 statutum,

197 2999 233 3055 ut
255 3012 308 3069 per
330 3014 435 3057 omnes
461 2998 611 3059 Ecclesiae
633 2994 818 3075 Hispaniae,
846 3003 880 3056 et
900 2995 1015 3057 Galliae
1038 2992 1156 3055 Narbo·

195 3075 294 3137 nensis
322 3074 381 3138 GP.
408 3076 491 3139 Fidei
515 3077 691 3158 Symbolum
715 3080 906 3144 recitaretur,
929 3083 961 3137 et
976 3077 1155 3153 priusquam

195 3157 391 3218 Dominicalis
402 3158 508 3221 Oratio
520 3162 683 3231 diceretur,
696 3161 908 3222 decantaretur
922 3176 940 3220 a
952 3157 1062 3235 populo
1074 3158 1155 3217 clara
1243 3226 1246 3232 ¹

193 3254 281 3301 voce.
293 3236 351 3299 llic
369 3258 433 3301 mos
448 3250 587 3304 servatur
602 3245 630 3303 in
647 3243 709 3303 ritu
723 3241 923 3310 Mazarabiro,
940 3246 972 3299 et
987 3243 1055 3315 post
1068 3238 1156 3316 Sym-

192 3318 298 3382 bolum
321 3322 432 3383 dicitur
461 3325 561 3385 statim
584 3322 690 3385 Oratio
711 3322 916 3384 Dominicalis.
945 3318 1155 3397 Hispanorum

193 3416 310 3463 morem
334 3408 489 3487 sequutae⁸
503 3412 573 3467 sunt
594 3410 698 3482 postea
724 3404 878 3466 Ecclesiae
898 3402 1093 3473 Gallicanae,
1120 3406 1156 3462 et

192 3478 391 3545 Germamcre
418 3494 561 3562 regnante
590 3485 699 3548 Carolo
726 3485 835 3565 Magno
862 3491 930 3562 post
955 3483 1154 3545 deiectionem

193 3560 303 3625 Felicis
324 3565 470 3627 baeretici
492 3573 525 3629 ut
545 3568 651 3629 scribit
671 3567 862 3631 Walalridus
882 3566 914 3627 iu
935 3564 1029 3627 Libro
1042 3562 1078 3623 de
1093 3559 1155 3624 rte·
