2517 4059
541 136 745 207 {Didim-

164 264 236 325 collo
250 264 425 342 pendentem
447 283 538 342 snpra
560 276 671 327 cottam
692 266 798 326 babere
813 262 928 333 debent,
947 260 1076 343 deniqne
1098 282 1126 322 o·

163 364 246 405 mnes
261 344 295 405 de
314 346 410 408 Claro.
423 345 482 419 Qui
497 365 570 407 vero
586 348 756 426 Episcopaii
771 346 886 407 bonore
901 344 1024 422 fulgent,
1042 346 1127 407 etad
1243 369 1245 392 >

141 434 144 441 '
163 426 296 489 Chorum
313 428 373 488 suis
393 429 557 504 insignibus
579 431 676 489 ornati
698 429 890 498 conveniunt,
908 427 1010 487 habita
1027 427 1123 503 digni·
1243 423 1244 458 ³

163 510 232 569 tatis
248 510 376 579 ratione,
394 512 423 569 in
439 511 610 571 domesticis
631 519 663 572 et
677 509 812 587 privatis,
830 510 877 569 vel
902 511 930 567 in
946 509 1056 570 clausis
1072 508 1126 569 Sa·
1243 563 1244 586 ,

163 591 253 649 erarii
268 590 390 651 Sacciiis
404 609 440 653 eo
456 594 504 653 die
520 610 584 652 rcm
600 593 731 652 divinam
746 590 918 654 conficiunt.
936 589 966 650 Si
982 592 1050 666 quis
1065 590 1125 652 hu·
1243 589 1244 626 ³

161 669 210 749 jus
225 672 349 734 instituti
372 692 494 735 causam
518 675 594 733 scire
616 675 700 745 vetit,
718 676 818 734 statim
841 674 938 752 ipsam
959 672 1124 749 explicabi-
1243 745 1244 750 ἵ

162 772 242 813 mus.
257 750 371 815 Eadem
387 755 463 815 icria
478 754 504 816 V
519 754 628 817 Sacrae
641 754 849 817 Eucharistiae
865 756 999 815 solemne
1014 754 1125 815 festum
1243 779 1244 832 3

162 836 344 909 celebratur,
362 856 453 913 quarn
476 843 629 917 postrema
644 836 742 899 Coena
754 835 892 897 Christus
910 834 1056 896 Dominus
1078 838 1125 897 in·
1243 857 1244 860 ¹

162 918 270 987 stituit,
283 936 343 993 quo
359 922 507 996 tempore,
519 918 606 995 juxta
617 917 739 980 Concitii
752 918 917 979 Tridentini
928 918 1123 987 sententiam,

162 997 372 1059 Sacerdotium
388 1018 506 1077 quoque
522 1001 673 1078 Apostolis
688 1002 826 1061 instituit.
846 999 959 1072 Quare,
977 1002 1056 1059 sicut
1069 1000 1126 1059 Di·
1243 1005 1244 1030 ³

162 1081 251 1141 vinus
266 1080 403 1140 Salvator
425 1084 480 1142 sibi
503 1084 648 1159 primum,
673 1078 708 1142 ac¹
729 1082 835 1141 deinde
849 1080 1002 1158 Apostoiis
1023 1098 1125 1141 sacro-
1243 1141 1244 1152 2

163 1168 267 1222 sancta
282 1160 431 1240 Mysteria‘
452 1164 597 1235 tradidit,
622 1166 663 1225 ita
684 1170 917 1225 consentaneum
940 1162 998 1223 init
1019 1167 1054 1224 ut
1075 1162 1128 1225 Sa·

162 1244 270 1303 cordos
286 1242 359 1304 teria
371 1242 400 1303 V
414 1244 539 1325 majoris
554 1245 774 1312 hebdomadae,
789 1252 930 1323 suscepta
945 1245 1046 1304 divina
1060 1244 1127 1305 Eu·

162 1324 327 1392 charistia,
351 1326 445 1403 ipsam
467 1334 535 1403 post
554 1330 695 1389 universo
717 1326 809 1388 Ciero·
827 1326 1046 1396 distribueret,
1071 1328 1127 1404 qui
1243 1329 1244 1350 ¹

161 1404 317 1467 Ecciesiae
339 1407 531 1477 adscribitur,
557 1411 607 1471 ubi
629 1408 756 1470 Sacrum
780 1410 943 1486 peragitur:
967 1407 1007 1469 In
1022 1409 1125 1469 aivam
1243 1413 1245 1500 ξ

165 1491 471 1567 repraesentationem
485 1491 570 1550 illias
585 1492 796 1553 Sanctissimae
815 1490 931 1553 Coenae
954 1509 1046 1569 qaam
1067 1488 1129 1549 Do·
1243 1503 1244 1574 J

163 1573 265 1629 minas
278 1581 379 1630 noster
393 1570 474 1631 Iesus
493 1570 630 1633 Christus
652 1592 716 1633 ana
731 1592 799 1633 cnm
813 1575 875 1631 sais
890 1570 1032 1650 Apostolis
1053 1572 1129 1632 eele-

164 1652 281 1720 brabit,
306 1655 340 1711 nt
362 1652 459 1727 inquit
487 1649 746 1715 Caribusiensium
776 1652 971 1715 Ordinarium
1000 1659 1125 1731 praeter
1243 1675 1244 1694 v

163 1732 252 1811 plura
275 1730 472 1793 Pontificalia.
974 1758 978 1765 ·

205 1814 277 1875 Xll.
294 1812 444 1875 Altarinm
458 1816 706 1879 denudandorum
730 1818 806 1877 ritus
827 1824 874 1879 est
887 1815 1126 1892 antiquissimus,

165 1915 236 1967 narn
260 1896 351 1957 Liber
373 1896 636 1959 sacramentorum
659 1898 691 1959 S.
714 1896 851 1975 Gregorii
873 1899 971 1978 Papae
998 1898 1039 1957 ita
1067 1903 1130 1957 sta·

164 1980 247 2039 tuit:
271 1975 406 2037 Anarta
424 1979 451 2039 V
468 1996 585 2059 vespere
606 1979 691 2039 nudo
712 1981 771 2039 sint
787 1981 906 2041 Altaria
925 1998 1018 2057 usqae
1038 1996 1131 2038 mane

163 2059 298 2121 Sabbati.
323 2058 424 2134 Atque
445 2078 483 2121 ex
506 2078 541 2119 eo
564 2067 651 2123 vetus
672 2060 755 2121 Ordo
778 2059 938 2122 Romanus·
952 2062 989 2121 de
1011 2057 1129 2120 Officiis

165 2139 283 2201 Divinis
307 2142 430 2199 sanxit:
467 2141 545 2204 Cam
566 2152 666 2202 antem
691 2141 798 2202 Satala
814 2146 952 2224 primam
984 2140 1131 2219 Antipho·

63 2273 67 2279 ,
164 2220 348 2281 nam-dicit:
375 2221 506 2284 Calicem
521 2225 667 2285 salutaris
681 2224 838 2302 accipiam,
861 2224 963 2285 statim
980 2222 1038 2281 dno
1050 2218 1130 2282 Aca·
1243 2283 1244 2306 χ

167 2303 245 2383 tytii·
261 2305 380 2383 parati,
392 2323 459 2363 cnm
481 2306 579 2383 nigris
601 2306 710 2365 casalis
731 2307 884 2385 incipiant
905 2306 1058 2384 expoliare
1074 2301 1131 2363 At·
1209 2380 1213 2385 ⁸
1243 2309 1245 2386 i

165 2386 251 2445 teria
277 2403 369 2463 usqne
392 2383 470 2463 dnm¹
485 2386 593 2465 finitur
618 2387 767 2463 Vespera,
787 2399 888 2466 postea
910 2388 1069 2447 tollantur.
1099 2382 1130 2444 A
1243 2389 1244 2444 t

171 2464 298 2544 Vespero
321 2476 421 2525 entem
443 2467 533 2549 bajas
555 2466 627 2537 diei,
651 2468 736 2527 nnda
757 2468 817 2529 sint
835 2469 957 2529 Altaria
978 2467 1129 2545 usquein

165 2566 253 2606 mane
278 2544 411 2609 Sabbati.
446 2548 595 2609 Eumdem
619 2550 711 2609 ritum
733 2556 970 2610 commemorant
990 2548 1128 2607 omnium

163 2628 229 2689 fere
261 2634 395 2688 actatum
418 2632 605 2703 scriptores,
638 2630 808 2695 dicamus,
840 2630 927 2690 Libra
950 2630 984 2689 de
1005 2628 1129 2689 Divinis

170 2707 291 2793 Officiis,
320 2708 376 2769 Tit.
401 2708 436 2769 de
461 2712 560 2773 Coena
582 2712 708 2772 Domini
717 2733 727 2781 ,·
749 2713 932 2783 Amalariun
957 2712 1002 2771 De
1028 2708 1130 2769 Eccle-

165 2873 288 2933 Dieinis
308 2871 335 2932 0
355 2875 419 2958 ¹ciip
440 2873 513 2953 Cap.
529 2875 585 2947 30;
610 2876 765 2946 Belcthus‚
791 2874 825 2932 de
841 2874 1050 2953 Replicatione
1073 2872 1129 2933 Di·
1243 2945 1244 2948 Ἴ

167 2792 295 2852 siasticis
321 2789 432 3014 (ippone
450 2786 525 2873 Cap.
547 2796 609 2866 12,·
630 2794 913 2871 superinmittis,
938 2791 1025 2852 Libro
1041 2788 1129 2852 Vde
1243 2825 1244 2828 κ

163 2955 301 3015 ainornm

346 2954 493 3038 fficiornm
508 2956 580 3033 Cap.
599 2956 679 3026 10t;
700 2955 855 3015 Honorius
870 2955 1128 3033 Augustodunen·
1243 3003 1244 3010 ,

163 3036 225 3105 sis,
250 3038 279 3096 in
304 3030 429 3099 Gemma
452 3038 579 3099 Animae
602 3038 667 3113 Lib,
693 3036 737 3097 lll
759 3033 832 3112 Cap.
856 3036 910 3107 863
933 3036 1127 3107 Guiliicimus
1243 3071 1244 3098 i

163 3116 337 3185 Duraudus,
357 3121 384 3177 in
401 3117 562 3180 Rationali
576 3118 757 3179 Divinarum
776 3114 1124 3199 OfficioremCap.10b.

163 3198 194 3259 Si
216 3215 293 3276 quae
317 3202 346 3259 in
368 3200 426 3259 boc
451 3204 509 3262 ritu
531 3200 709 3261 celebrando
730 3201 861 3280 varietas
884 3200 1025 3277 irrepsit,
1049 3204 1127 3259 tem·
1243 3205 1244 3224 ¹

163 3282 249 3359 poris
268 3288 384 3359 tantum
419 3300 454 3341 ca
477 3283 554 3351 iuit,
579 3284 657 3341 sicut
679 3282 831 3356 adnotavit
851 3280 943 3357 Hugo
964 3280 1128 3342 Menardus
1243 3321 1245 3344 .

163 3363 195 3421 in
209 3360 299 3424 Notis
321 3365 357 3422 ad
372 3360 496 3423 Libram
512 3365 778 3425 sacramentorum
793 3363 825 3424 S.
845 3362 987 3441 Greparii
1002 3380 1070 3439 pag.
1084 3359 1127 3421 88
1243 3387 1244 3420 v

166 3445 196 3503 iu
212 3444 289 3506 haec
311 3446 422 3521 verba:
445 3443 581 3507 Nadatia
603 3444 759 3505 Altarinm
780 3434 852 3504 olim
872 3443 961 3524 fiebat
983 3454 1068 3503 senta
1083 3445 1128 3522 se·

166 3528 238 3597 ria,
271 3537 306 3586 at
334 3525 435 3586 cidere
465 3535 507 3586 est
535 3526 570 3585 in
601 3526 719 3612 Repnla
747 3524 894 3603 Magistri
919 3527 1126 3603 manuscripta
1243 3547 1244 3594 i
