<?xml version="1.0" encoding="UTF-8"?>
<!DOCTYPE html PUBLIC "-//W3C//DTD XHTML 1.0 Transitional//EN"
    "http://www.w3.org/TR/xhtml1/DTD/xhtml1-transitional.dtd">
<html xmlns="http://www.w3.org/1999/xhtml" xml:lang="en" lang="en">
 <head>
  <title>
</title>
<meta http-equiv="Content-Type" content="text/html;charset=utf-8" />
  <meta name='ocr-system' content='tesseract 3.04.00' />
  <meta name='ocr-capabilities' content='ocr_page ocr_carea ocr_par ocr_line ocrx_word'/>
</head>
<body>
  <div class='ocr_page' id='page_1' title='image "./institutionesli00marigoog_0043.png"; bbox 0 0 2517 4059; ppageno 0'>
   <div class='ocr_carea' id='block_1_1' title="bbox 45 198 1126 3339">
    <p class='ocr_par' dir='ltr' id='par_1_1' title="bbox 45 198 1126 3339">
     <span class='ocr_line' id='line_1_1' title="bbox 460 198 666 269; baseline 0.044 -10"><span class='ocrx_word' id='word_1_1' title='bbox 460 210 521 269; x_wconf 62' lang='grc' dir='ltr'><strong>ιι»</strong></span> <span class='ocrx_word' id='word_1_2' title='bbox 542 198 582 259; x_wconf 82' lang='grc'><strong>39</strong></span> <span class='ocrx_word' id='word_1_3' title='bbox 603 205 666 268; x_wconf 66' lang='lat' dir='ltr'><strong>t!-</strong></span> 
     </span>
     <span class='ocr_line' id='line_1_2' title="bbox 101 323 1049 403; baseline 0 -19"><span class='ocrx_word' id='word_1_4' title='bbox 101 325 189 385; x_wconf 89' lang='lat' dir='ltr'><strong>decim</strong></span> <span class='ocrx_word' id='word_1_5' title='bbox 212 326 354 386; x_wconf 74' lang='lat' dir='ltr'><strong>candelae</strong></span> <span class='ocrx_word' id='word_1_6' title='bbox 376 328 583 401; x_wconf 87' lang='lat' dir='ltr'><strong>accenduntur</strong></span> <span class='ocrx_word' id='word_1_7' title='bbox 606 328 633 385; x_wconf 94' lang='lat' dir='ltr'><strong>in</strong></span> <span class='ocrx_word' id='word_1_8' title='bbox 653 324 841 387; x_wconf 88' lang='lat' dir='ltr'><strong>Candelabro</strong></span> <span class='ocrx_word' id='word_1_9' title='bbox 861 323 1049 403; x_wconf 80' lang='lat' dir='ltr'><strong>triangulari,</strong></span> 
     </span>
     <span class='ocr_line' id='line_1_3' title="bbox 100 404 1052 483; baseline -0.001 -17"><span class='ocrx_word' id='word_1_10' title='bbox 100 408 133 466; x_wconf 83' lang='lat' dir='ltr'><strong>ed</strong></span> <span class='ocrx_word' id='word_1_11' title='bbox 153 404 240 466; x_wconf 88' lang='lat' dir='ltr'><strong>tidem</strong></span> <span class='ocrx_word' id='word_1_12' title='bbox 263 411 299 469; x_wconf 91' lang='lat' dir='ltr'><strong>de</strong></span> <span class='ocrx_word' id='word_1_13' title='bbox 320 408 373 469; x_wconf 82' lang='lat' dir='ltr'><strong>SS.</strong></span> <span class='ocrx_word' id='word_1_14' title='bbox 388 408 545 469; x_wconf 88' lang='lat' dir='ltr'><strong>-Triuitate</strong></span> <span class='ocrx_word' id='word_1_15' title='bbox 567 410 785 478; x_wconf 67' lang='lat' dir='ltr'><strong>denotandam</strong></span> <span class='ocrx_word' id='word_1_16' title='bbox 813 425 890 483; x_wconf 84' lang='lat' dir='ltr'><strong>quae</strong></span> <span class='ocrx_word' id='word_1_17' title='bbox 912 411 984 467; x_wconf 89' lang='lat' dir='ltr'><strong>tuuc</strong></span> <span class='ocrx_word' id='word_1_18' title='bbox 1006 408 1052 465; x_wconf 79' lang='lat' dir='ltr'><strong>ri·</strong></span> 
     </span>
     <span class='ocr_line' id='line_1_4' title="bbox 100 488 1055 568; baseline 0.003 -21"><span class='ocrx_word' id='word_1_19' title='bbox 100 490 181 567; x_wconf 83' lang='lat' dir='ltr'><strong>gebat</strong></span> <span class='ocrx_word' id='word_1_20' title='bbox 203 492 231 548; x_wconf 92' lang='lat' dir='ltr'><strong>in</strong></span> <span class='ocrx_word' id='word_1_21' title='bbox 256 490 433 550; x_wconf 74' lang='lat' dir='ltr'><strong>Beatissimae</strong></span> <span class='ocrx_word' id='word_1_22' title='bbox 456 490 603 566; x_wconf 85' lang='lat' dir='ltr'><strong>Virgine.</strong></span> <span class='ocrx_word' id='word_1_23' title='bbox 628 491 796 568; x_wconf 77' lang='lat' dir='ltr'><strong>Apostolis,</strong></span> <span class='ocrx_word' id='word_1_24' title='bbox 819 494 851 548; x_wconf 90' lang='lat' dir='ltr'><strong>et</strong></span> <span class='ocrx_word' id='word_1_25' title='bbox 871 490 969 549; x_wconf 88' lang='lat' dir='ltr'><strong>trihus</strong></span> <span class='ocrx_word' id='word_1_26' title='bbox 991 488 1055 550; x_wconf 77' lang='lat' dir='ltr'><strong>lae·&#39;</strong></span> 
     </span>
     <span class='ocr_line' id='line_1_5' title="bbox 45 571 1050 649; baseline 0.002 -20"><span class='ocrx_word' id='word_1_27' title='bbox 45 574 52 591; x_wconf 84' lang='lat'><strong>¹</strong></span> <span class='ocrx_word' id='word_1_28' title='bbox 101 572 180 630; x_wconf 89' lang='lat' dir='ltr'><strong>roiais</strong></span> <span class='ocrx_word' id='word_1_29' title='bbox 202 571 317 632; x_wconf 86' lang='lat' dir='ltr'><strong>Mariae</strong></span> <span class='ocrx_word' id='word_1_30' title='bbox 340 574 461 631; x_wconf 90' lang='lat' dir='ltr'><strong>nomine</strong></span> <span class='ocrx_word' id='word_1_31' title='bbox 484 572 642 649; x_wconf 86' lang='lat' dir='ltr'><strong>insignitis,</strong></span> <span class='ocrx_word' id='word_1_32' title='bbox 668 574 710 631; x_wconf 88' lang='lat' dir='ltr'><strong>uti</strong></span> <span class='ocrx_word' id='word_1_33' title='bbox 731 590 768 631; x_wconf 88' lang='lat' dir='ltr'><strong>ex</strong></span> <span class='ocrx_word' id='word_1_34' title='bbox 793 571 903 631; x_wconf 81' lang='lat' dir='ltr'>Ioanne</span> <span class='ocrx_word' id='word_1_35' title='bbox 926 571 1050 631; x_wconf 81' lang='lat' dir='ltr'><strong>lieletho</strong></span> 
     </span>
     <span class='ocr_line' id='line_1_6' title="bbox 99 649 1049 733; baseline 0.002 -22"><span class='ocrx_word' id='word_1_36' title='bbox 99 650 162 729; x_wconf 86' lang='lat' dir='ltr'><strong>Cap.</strong></span> <span class='ocrx_word' id='word_1_37' title='bbox 188 654 260 731; x_wconf 80' lang='lat'><strong>101,</strong></span> <span class='ocrx_word' id='word_1_38' title='bbox 284 652 438 730; x_wconf 84' lang='lat' dir='ltr'><strong>liupertus</strong></span> <span class='ocrx_word' id='word_1_39' title='bbox 458 652 513 712; x_wconf 85' lang='lat' dir='ltr'><strong>Lib</strong></span> <span class='ocrx_word' id='word_1_40' title='bbox 536 653 562 713; x_wconf 90' lang='lat' dir='ltr'>V</span> <span class='ocrx_word' id='word_1_41' title='bbox 585 654 620 713; x_wconf 83' lang='lat' dir='ltr'><strong>de</strong></span> <span class='ocrx_word' id='word_1_42' title='bbox 645 654 762 713; x_wconf 70' lang='lat' dir='ltr'><strong>Divinos</strong></span> <span class='ocrx_word' id='word_1_43' title='bbox 789 650 901 733; x_wconf 67' lang='lat' dir='ltr'><strong>Officiis</strong></span> <span class='ocrx_word' id='word_1_44' title='bbox 921 649 1049 731; x_wconf 60' lang='lat' dir='ltr'><strong>Capti</strong></span> 
     </span>
     <span class='ocr_line' id='line_1_7' title="bbox 99 733 1049 796; baseline 0.004 -5"><span class='ocrx_word' id='word_1_45' title='bbox 99 734 182 793; x_wconf 78' lang='lat' dir='ltr'>tradit</span> <span class='ocrx_word' id='word_1_46' title='bbox 205 737 234 794; x_wconf 91' lang='lat' dir='ltr'><strong>in</strong></span> <span class='ocrx_word' id='word_1_47' title='bbox 252 733 297 793; x_wconf 86' lang='lat' dir='ltr'><strong>his</strong></span> <span class='ocrx_word' id='word_1_48' title='bbox 320 734 474 795; x_wconf 87' lang='lat' dir='ltr'><strong>Matutiois</strong></span> <span class='ocrx_word' id='word_1_49' title='bbox 496 737 587 795; x_wconf 86' lang='lat' dir='ltr'><strong>etiem</strong></span> <span class='ocrx_word' id='word_1_50' title='bbox 610 735 748 795; x_wconf 90' lang='lat' dir='ltr'><strong>ultimam</strong></span> <span class='ocrx_word' id='word_1_51' title='bbox 771 736 926 796; x_wconf 85' lang='lat' dir='ltr'><strong>caudelam</strong></span> <span class='ocrx_word' id='word_1_52' title='bbox 942 754 978 795; x_wconf 90' lang='lat' dir='ltr'><strong>ea</strong></span> <span class='ocrx_word' id='word_1_53' title='bbox 1000 752 1049 795; x_wconf 90' lang='lat' dir='ltr'><strong>ae·</strong></span> 
     </span>
     <span class='ocr_line' id='line_1_8' title="bbox 100 815 1050 896; baseline 0.002 -23"><span class='ocrx_word' id='word_1_54' title='bbox 100 819 152 874; x_wconf 87' lang='lat' dir='ltr'><strong>tate</strong></span> <span class='ocrx_word' id='word_1_55' title='bbox 166 818 301 893; x_wconf 74' lang='lat' dir='ltr'><strong>extingui</strong></span> <span class='ocrx_word' id='word_1_56' title='bbox 318 816 526 885; x_wconf 70' lang='lat' dir='ltr'><strong>consuevisset</strong></span> <span class='ocrx_word' id='word_1_57' title='bbox 550 825 582 878; x_wconf 90' lang='lat' dir='ltr'><strong>et</strong></span> <span class='ocrx_word' id='word_1_58' title='bbox 601 816 675 893; x_wconf 82' lang='lat' dir='ltr'><strong>Cep.</strong></span> <span class='ocrx_word' id='word_1_59' title='bbox 691 815 733 875; x_wconf 64' lang='lat'><strong>28</strong></span> <span class='ocrx_word' id='word_1_60' title='bbox 747 816 845 877; x_wconf 82' lang='lat' dir='ltr'><strong>docet.</strong></span> <span class='ocrx_word' id='word_1_61' title='bbox 870 825 937 891; x_wconf 87' lang='lat' dir='ltr'><strong>post</strong></span> <span class='ocrx_word' id='word_1_62' title='bbox 953 818 1050 896; x_wconf 84' lang='lat' dir='ltr'><strong>extin-</strong></span> 
     </span>
     <span class='ocr_line' id='line_1_9' title="bbox 98 899 1050 975; baseline 0.003 -21"><span class='ocrx_word' id='word_1_63' title='bbox 98 902 141 955; x_wconf 85' lang='lat' dir='ltr'><strong>cta</strong></span> <span class='ocrx_word' id='word_1_64' title='bbox 160 900 271 959; x_wconf 82' lang='lat' dir='ltr'><strong>omnia</strong></span> <span class='ocrx_word' id='word_1_65' title='bbox 285 900 414 967; x_wconf 86' lang='lat' dir='ltr'><strong>lumine,</strong></span> <span class='ocrx_word' id='word_1_66' title='bbox 439 915 456 959; x_wconf 90' lang='lat' dir='ltr'><strong>e</strong></span> <span class='ocrx_word' id='word_1_67' title='bbox 478 899 561 959; x_wconf 87' lang='lat' dir='ltr'><strong>siliee</strong></span> <span class='ocrx_word' id='word_1_68' title='bbox 584 899 709 959; x_wconf 80' lang='lat' dir='ltr'><strong>extundi</strong></span> <span class='ocrx_word' id='word_1_69' title='bbox 733 916 844 957; x_wconf 84' lang='lat' dir='ltr'><strong>novum</strong></span> <span class='ocrx_word' id='word_1_70' title='bbox 867 899 989 975; x_wconf 86' lang='lat' dir='ltr'><strong>ignem:</strong></span> <span class='ocrx_word' id='word_1_71' title='bbox 1013 915 1050 957; x_wconf 85' lang='lat' dir='ltr'><strong>ao</strong></span> 
     </span>
     <span class='ocr_line' id='line_1_10' title="bbox 99 978 1049 1056; baseline 0 -19"><span class='ocrx_word' id='word_1_72' title='bbox 99 986 148 1053; x_wconf 88' lang='lat' dir='ltr'><strong>per</strong></span> <span class='ocrx_word' id='word_1_73' title='bbox 158 981 291 1055; x_wconf 89' lang='lat' dir='ltr'><strong>priorem</strong></span> <span class='ocrx_word' id='word_1_74' title='bbox 308 980 428 1055; x_wconf 85' lang='lat' dir='ltr'><strong>quidem</strong></span> <span class='ocrx_word' id='word_1_75' title='bbox 443 981 639 1041; x_wconf 76' lang='lat' dir='ltr'>candelarum</span> <span class='ocrx_word' id='word_1_76' title='bbox 655 980 869 1040; x_wconf 73' lang='lat' dir='ltr'><strong>extinctionem</strong></span> <span class='ocrx_word' id='word_1_77' title='bbox 886 978 1049 1056; x_wconf 79' lang='lat' dir='ltr'><strong>signiheeri</strong></span> 
     </span>
     <span class='ocr_line' id='line_1_11' title="bbox 99 1060 1054 1143; baseline 0.002 -28"><span class='ocrx_word' id='word_1_78' title='bbox 99 1061 195 1119; x_wconf 86' lang='lat' dir='ltr'><strong>necem</strong></span> <span class='ocrx_word' id='word_1_79' title='bbox 213 1060 372 1137; x_wconf 82' lang='lat' dir='ltr'><strong>Prophetis</strong></span> <span class='ocrx_word' id='word_1_80' title='bbox 393 1062 432 1120; x_wconf 93' lang='lat' dir='ltr'><strong>ah</strong></span> <span class='ocrx_word' id='word_1_81' title='bbox 444 1062 625 1122; x_wconf 90' lang='lat' dir='ltr'><strong>ludaeorum</strong></span> <span class='ocrx_word' id='word_1_82' title='bbox 643 1063 753 1142; x_wconf 88' lang='lat' dir='ltr'><strong>populo</strong></span> <span class='ocrx_word' id='word_1_83' title='bbox 769 1060 892 1129; x_wconf 89' lang='lat' dir='ltr'><strong>illatam,</strong></span> <span class='ocrx_word' id='word_1_84' title='bbox 917 1079 977 1143; x_wconf 87' lang='lat' dir='ltr'><strong>quo</strong></span> <span class='ocrx_word' id='word_1_85' title='bbox 992 1062 1054 1119; x_wconf 80' lang='lat' dir='ltr'><strong>cri·</strong></span> 
     </span>
     <span class='ocr_line' id='line_1_12' title="bbox 98 1142 1050 1223; baseline 0.004 -24"><span class='ocrx_word' id='word_1_86' title='bbox 98 1142 172 1203; x_wconf 90' lang='lat' dir='ltr'><strong>mine</strong></span> <span class='ocrx_word' id='word_1_87' title='bbox 193 1162 269 1219; x_wconf 84' lang='lat' dir='ltr'><strong>gens</strong></span> <span class='ocrx_word' id='word_1_88' title='bbox 285 1144 333 1201; x_wconf 88' lang='lat' dir='ltr'><strong>illa</strong></span> <span class='ocrx_word' id='word_1_89' title='bbox 349 1146 508 1223; x_wconf 89' lang='lat' dir='ltr'><strong>excaecata</strong></span> <span class='ocrx_word' id='word_1_90' title='bbox 524 1143 599 1212; x_wconf 70' lang='lat' dir='ltr'><strong>tulta</strong></span> <span class='ocrx_word' id='word_1_91' title='bbox 625 1162 679 1220; x_wconf 90' lang='lat' dir='ltr'><strong>per</strong></span> <span class='ocrx_word' id='word_1_92' title='bbox 694 1144 907 1203; x_wconf 82' lang='lat' dir='ltr'><strong>extinctionem</strong></span> <span class='ocrx_word' id='word_1_93' title='bbox 925 1145 1050 1203; x_wconf 88' lang='lat' dir='ltr'><strong>ultimae</strong></span> 
     </span>
     <span class='ocr_line' id='line_1_13' title="bbox 98 1222 1052 1301; baseline 0.006 -22"><span class='ocrx_word' id='word_1_94' title='bbox 98 1222 172 1283; x_wconf 90' lang='lat' dir='ltr'><strong>innui</strong></span> <span class='ocrx_word' id='word_1_95' title='bbox 195 1224 307 1284; x_wconf 80' lang='lat' dir='ltr'><strong>Christi</strong></span> <span class='ocrx_word' id='word_1_96' title='bbox 332 1222 449 1283; x_wconf 82' lang='lat' dir='ltr'><strong>llomini</strong></span> <span class='ocrx_word' id='word_1_97' title='bbox 473 1230 624 1291; x_wconf 89' lang='lat' dir='ltr'><strong>mortem,</strong></span> <span class='ocrx_word' id='word_1_98' title='bbox 649 1243 708 1301; x_wconf 86' lang='lat' dir='ltr'><strong>qua</strong></span> <span class='ocrx_word' id='word_1_99' title='bbox 733 1224 913 1285; x_wconf 83' lang='lat' dir='ltr'><strong>ludaeorum</strong></span> <span class='ocrx_word' id='word_1_100' title='bbox 936 1230 1052 1285; x_wconf 84' lang='lat' dir='ltr'><strong>mentes</strong></span> 
     </span>
     <span class='ocr_line' id='line_1_14' title="bbox 97 1306 1051 1383; baseline 0.004 -20"><span class='ocrx_word' id='word_1_101' title='bbox 97 1307 185 1382; x_wconf 78' lang='lat' dir='ltr'><strong>magis</strong></span> <span class='ocrx_word' id='word_1_102' title='bbox 207 1308 366 1383; x_wconf 81' lang='lat' dir='ltr'><strong>magisque</strong></span> <span class='ocrx_word' id='word_1_103' title='bbox 382 1308 521 1382; x_wconf 73' lang='lat' dir='ltr'><strong>oppletae</strong></span> <span class='ocrx_word' id='word_1_104' title='bbox 543 1306 675 1366; x_wconf 89' lang='lat' dir='ltr'><strong>tenebris</strong></span> <span class='ocrx_word' id='word_1_105' title='bbox 691 1306 831 1376; x_wconf 87' lang='lat' dir='ltr'><strong>lueruut;</strong></span> <span class='ocrx_word' id='word_1_106' title='bbox 856 1324 933 1365; x_wconf 85' lang='lat' dir='ltr'><strong>novo</strong></span> <span class='ocrx_word' id='word_1_107' title='bbox 946 1313 1051 1368; x_wconf 90' lang='lat' dir='ltr'><strong>autem</strong></span> 
     </span>
     <span class='ocr_line' id='line_1_15' title="bbox 97 1386 1054 1463; baseline 0.006 -20"><span class='ocrx_word' id='word_1_108' title='bbox 97 1387 183 1463; x_wconf 87' lang='lat' dir='ltr'><strong>igue,</strong></span> <span class='ocrx_word' id='word_1_109' title='bbox 206 1389 258 1463; x_wconf 85' lang='lat' dir='ltr'><strong>qui</strong></span> <span class='ocrx_word' id='word_1_110' title='bbox 283 1388 498 1449; x_wconf 76' lang='lat' dir='ltr'><strong>extunderetur</strong></span> <span class='ocrx_word' id='word_1_111' title='bbox 520 1404 537 1446; x_wconf 91' lang='lat' dir='ltr'><strong>e</strong></span> <span class='ocrx_word' id='word_1_112' title='bbox 560 1386 665 1454; x_wconf 85' lang='lat' dir='ltr'><strong>silice,</strong></span> <span class='ocrx_word' id='word_1_113' title='bbox 689 1404 799 1446; x_wconf 88' lang='lat' dir='ltr'><strong>novum</strong></span> <span class='ocrx_word' id='word_1_114' title='bbox 822 1386 983 1463; x_wconf 83' lang='lat' dir='ltr'><strong>significari</strong></span> <span class='ocrx_word' id='word_1_115' title='bbox 1007 1389 1054 1449; x_wconf 92' lang='lat' dir='ltr'><strong>lu·</strong></span> 
     </span>
     <span class='ocr_line' id='line_1_16' title="bbox 97 1466 1053 1547; baseline 0.005 -22"><span class='ocrx_word' id='word_1_116' title='bbox 97 1484 170 1530; x_wconf 80' lang='lat' dir='ltr'><strong>men.</strong></span> <span class='ocrx_word' id='word_1_117' title='bbox 195 1469 279 1545; x_wconf 89' lang='lat' dir='ltr'><strong>quod</strong></span> <span class='ocrx_word' id='word_1_118' title='bbox 302 1469 470 1544; x_wconf 87' lang='lat' dir='ltr'><strong>proiectum</strong></span> <span class='ocrx_word' id='word_1_119' title='bbox 493 1486 509 1527; x_wconf 93' lang='lat' dir='ltr'><strong>a</strong></span> <span class='ocrx_word' id='word_1_120' title='bbox 531 1466 673 1532; x_wconf 82' lang='lat' dir='ltr'><strong>Christo.</strong></span> <span class='ocrx_word' id='word_1_121' title='bbox 697 1470 735 1529; x_wconf 88' lang='lat' dir='ltr'><strong>de</strong></span> <span class='ocrx_word' id='word_1_122' title='bbox 756 1488 816 1543; x_wconf 82' lang='lat' dir='ltr'><strong>quo</strong></span> <span class='ocrx_word' id='word_1_123' title='bbox 838 1471 984 1547; x_wconf 89' lang='lat' dir='ltr'><strong>seriptum</strong></span> <span class='ocrx_word' id='word_1_124' title='bbox 1007 1474 1053 1530; x_wconf 89' lang='lat' dir='ltr'><strong>est</strong></span> 
     </span>
     <span class='ocr_line' id='line_1_17' title="bbox 98 1548 1051 1629; baseline 0.005 -23"><span class='ocrx_word' id='word_1_125' title='bbox 98 1548 124 1608; x_wconf 91' lang='lat' dir='ltr'><strong>iu</strong></span> <span class='ocrx_word' id='word_1_126' title='bbox 143 1548 329 1629; x_wconf 75' lang='lat' dir='ltr'><strong>Evangelio:</strong></span> <span class='ocrx_word' id='word_1_127' title='bbox 367 1548 457 1611; x_wconf 79' lang='lat' dir='ltr'><strong>Petro</strong></span> <span class='ocrx_word' id='word_1_128' title='bbox 480 1561 581 1609; x_wconf 79' lang='lat' dir='ltr'><strong>eutem</strong></span> <span class='ocrx_word' id='word_1_129' title='bbox 613 1563 682 1611; x_wconf 85' lang='lat' dir='ltr'><strong>eret</strong></span> <span class='ocrx_word' id='word_1_130' title='bbox 703 1551 866 1621; x_wconf 82' lang='lat' dir='ltr'><strong>Christus,</strong></span> <span class='ocrx_word' id='word_1_131' title='bbox 899 1552 1051 1611; x_wconf 83' lang='lat' dir='ltr'><strong>mentibus</strong></span> 
     </span>
     <span class='ocr_line' id='line_1_18' title="bbox 99 1626 1052 1694; baseline 0.003 -5"><span class='ocrx_word' id='word_1_132' title='bbox 99 1626 333 1692; x_wconf 90' lang='lat' dir='ltr'><strong>Christianorum</strong></span> <span class='ocrx_word' id='word_1_133' title='bbox 357 1632 464 1694; x_wconf 87' lang='lat' dir='ltr'><strong>illuxit.</strong></span> <span class='ocrx_word' id='word_1_134' title='bbox 486 1631 650 1691; x_wconf 72' lang='lat' dir='ltr'><strong>&#39;Observet</strong></span> <span class='ocrx_word' id='word_1_135' title='bbox 671 1632 863 1693; x_wconf 83' lang='lat' dir='ltr'><strong>Mezzinellus</strong></span> <span class='ocrx_word' id='word_1_136' title='bbox 897 1634 925 1689; x_wconf 92' lang='lat' dir='ltr'><strong>in</strong></span> <span class='ocrx_word' id='word_1_137' title='bbox 945 1633 1052 1693; x_wconf 80' lang='lat' dir='ltr'><strong>(illicio</strong></span> 
     </span>
     <span class='ocr_line' id='line_1_19' title="bbox 98 1708 1052 1793; baseline 0.004 -23"><span class='ocrx_word' id='word_1_138' title='bbox 98 1708 300 1773; x_wconf 77' lang='lat' dir='ltr'><strong>Hebdomades</strong></span> <span class='ocrx_word' id='word_1_139' title='bbox 322 1710 453 1793; x_wconf 64' lang='lat' dir='ltr'><strong>Maioris</strong></span> <span class='ocrx_word' id='word_1_140' title='bbox 477 1732 544 1790; x_wconf 85' lang='lat' dir='ltr'><strong>pag.</strong></span> <span class='ocrx_word' id='word_1_141' title='bbox 560 1711 601 1773; x_wconf 79' lang='lat'><strong>85</strong></span> <span class='ocrx_word' id='word_1_142' title='bbox 625 1715 693 1774; x_wconf 89' lang='lat' dir='ltr'><strong>ideo</strong></span> <span class='ocrx_word' id='word_1_143' title='bbox 715 1715 845 1791; x_wconf 86' lang='lat' dir='ltr'><strong>singulas</strong></span> <span class='ocrx_word' id='word_1_144' title='bbox 860 1715 999 1775; x_wconf 89' lang='lat' dir='ltr'><strong>candelas</strong></span> <span class='ocrx_word' id='word_1_145' title='bbox 1013 1732 1052 1774; x_wconf 87' lang='lat' dir='ltr'><strong>ex</strong></span> 
     </span>
     <span class='ocr_line' id='line_1_20' title="bbox 99 1793 1053 1873; baseline 0.006 -23"><span class='ocrx_word' id='word_1_146' title='bbox 99 1793 250 1854; x_wconf 84' lang='lat' dir='ltr'><strong>intervallo</strong></span> <span class='ocrx_word' id='word_1_147' title='bbox 281 1794 595 1873; x_wconf 76' lang='lat' dir='ltr'><strong>srrhirrdeerrta&#39;ngui,</strong></span> <span class='ocrx_word' id='word_1_148' title='bbox 620 1797 726 1871; x_wconf 80' lang='lat' dir='ltr'><strong>quod,</strong></span> <span class='ocrx_word' id='word_1_149' title='bbox 750 1813 820 1853; x_wconf 87' lang='lat' dir='ltr'><strong>eum</strong></span> <span class='ocrx_word' id='word_1_150' title='bbox 844 1803 964 1870; x_wconf 88' lang='lat' dir='ltr'><strong>tempus</strong></span> <span class='ocrx_word' id='word_1_151' title='bbox 992 1813 1053 1871; x_wconf 85' lang='lat' dir='ltr'><strong>quo</strong></span> 
     </span>
     <span class='ocr_line' id='line_1_21' title="bbox 97 1871 1052 1953; baseline 0.002 -19"><span class='ocrx_word' id='word_1_152' title='bbox 97 1871 244 1936; x_wconf 79' lang='lat' dir='ltr'><strong>Christum</strong></span> <span class='ocrx_word' id='word_1_153' title='bbox 262 1877 336 1933; x_wconf 92' lang='lat' dir='ltr'><strong>mori</strong></span> <span class='ocrx_word' id='word_1_154' title='bbox 355 1878 494 1953; x_wconf 88' lang='lat' dir='ltr'><strong>oportuit</strong></span> <span class='ocrx_word' id='word_1_155' title='bbox 514 1878 692 1937; x_wconf 86' lang='lat' dir='ltr'><strong>adventaret</strong></span> <span class='ocrx_word' id='word_1_156' title='bbox 708 1920 716 1942; x_wconf 83' lang='lat'><strong>,</strong></span> <span class='ocrx_word' id='word_1_157' title='bbox 744 1876 899 1952; x_wconf 73' lang='lat' dir='ltr'><strong>Discipuli,</strong></span> <span class='ocrx_word' id='word_1_158' title='bbox 926 1878 1052 1936; x_wconf 88' lang='lat' dir='ltr'><strong>remisso</strong></span> 
     </span>
     <span class='ocr_line' id='line_1_22' title="bbox 98 1955 1054 2035; baseline 0.004 -20"><span class='ocrx_word' id='word_1_159' title='bbox 98 1955 218 2033; x_wconf 90' lang='lat' dir='ltr'><strong>pristino</strong></span> <span class='ocrx_word' id='word_1_160' title='bbox 241 1957 293 2016; x_wconf 86' lang='lat' dir='ltr'><strong>illo</strong></span> <span class='ocrx_word' id='word_1_161' title='bbox 315 1959 486 2017; x_wconf 75' lang='lat' dir='ltr'><strong>animorum</strong></span> <span class='ocrx_word' id='word_1_162' title='bbox 508 1956 634 2026; x_wconf 81' lang='lat' dir='ltr'><strong>erdere,</strong></span> <span class='ocrx_word' id='word_1_163' title='bbox 658 1956 768 2035; x_wconf 81' lang='lat' dir='ltr'><strong>passim</strong></span> <span class='ocrx_word' id='word_1_164' title='bbox 790 1959 851 2018; x_wconf 86' lang='lat' dir='ltr'><strong>huc</strong></span> <span class='ocrx_word' id='word_1_165' title='bbox 876 1958 945 2019; x_wconf 88' lang='lat' dir='ltr'><strong>illuc</strong></span> <span class='ocrx_word' id='word_1_166' title='bbox 967 1957 1054 2019; x_wconf 82' lang='lat' dir='ltr'><strong>auiu-</strong></span> 
     </span>
     <span class='ocr_line' id='line_1_23' title="bbox 97 2038 1053 2118; baseline 0.004 -21"><span class='ocrx_word' id='word_1_167' title='bbox 97 2040 198 2113; x_wconf 74' lang='lat' dir='ltr'><strong>geriut</strong></span> <span class='ocrx_word' id='word_1_168' title='bbox 224 2040 380 2114; x_wconf 88' lang='lat' dir='ltr'><strong>promissis</strong></span> <span class='ocrx_word' id='word_1_169' title='bbox 403 2056 460 2099; x_wconf 90' lang='lat' dir='ltr'><strong>noo</strong></span> <span class='ocrx_word' id='word_1_170' title='bbox 484 2040 631 2106; x_wconf 83' lang='lat' dir='ltr'><strong>steterint,</strong></span> <span class='ocrx_word' id='word_1_171' title='bbox 656 2056 691 2097; x_wconf 88' lang='lat' dir='ltr'><strong>ao</strong></span> <span class='ocrx_word' id='word_1_172' title='bbox 714 2038 777 2099; x_wconf 90' lang='lat' dir='ltr'><strong>lere</strong></span> <span class='ocrx_word' id='word_1_173' title='bbox 799 2058 905 2101; x_wconf 88' lang='lat' dir='ltr'><strong>omnes</strong></span> <span class='ocrx_word' id='word_1_174' title='bbox 928 2045 961 2101; x_wconf 94' lang='lat' dir='ltr'><strong>ut</strong></span> <span class='ocrx_word' id='word_1_175' title='bbox 983 2041 1053 2118; x_wconf 87' lang='lat' dir='ltr'><strong>iuga</strong></span> 
     </span>
     <span class='ocr_line' id='line_1_24' title="bbox 99 2120 1051 2197; baseline 0.002 -21"><span class='ocrx_word' id='word_1_176' title='bbox 99 2136 164 2181; x_wconf 85' lang='lat' dir='ltr'><strong>srree</strong></span> <span class='ocrx_word' id='word_1_177' title='bbox 185 2122 278 2181; x_wconf 79' lang='lat' dir='ltr'><strong>selrrti</strong></span> <span class='ocrx_word' id='word_1_178' title='bbox 301 2120 513 2189; x_wconf 83' lang='lat' dir='ltr'><strong>consulerent,</strong></span> <span class='ocrx_word' id='word_1_179' title='bbox 538 2123 716 2197; x_wconf 80' lang='lat' dir='ltr'><strong>Magistrum</strong></span> <span class='ocrx_word' id='word_1_180' title='bbox 739 2138 826 2182; x_wconf 92' lang='lat' dir='ltr'><strong>suum</strong></span> <span class='ocrx_word' id='word_1_181' title='bbox 849 2123 1051 2182; x_wconf 87' lang='lat' dir='ltr'><strong>deseruerint.</strong></span> 
     </span>
     <span class='ocr_line' id='line_1_25' title="bbox 99 2197 1054 2283; baseline 0.003 -24"><span class='ocrx_word' id='word_1_182' title='bbox 99 2197 184 2260; x_wconf 79' lang='lat' dir='ltr'><strong>Addit</strong></span> <span class='ocrx_word' id='word_1_183' title='bbox 206 2204 287 2283; x_wconf 83' lang='lat' dir='ltr'><strong>idem</strong></span> <span class='ocrx_word' id='word_1_184' title='bbox 318 2209 445 2267; x_wconf 79' lang='lat' dir='ltr'><strong>auctor,</strong></span> <span class='ocrx_word' id='word_1_185' title='bbox 470 2201 623 2263; x_wconf 87' lang='lat' dir='ltr'><strong>candelam</strong></span> <span class='ocrx_word' id='word_1_186' title='bbox 647 2203 755 2269; x_wconf 90' lang='lat' dir='ltr'><strong>illam,</strong></span> <span class='ocrx_word' id='word_1_187' title='bbox 778 2212 856 2281; x_wconf 83' lang='lat' dir='ltr'><strong>quae</strong></span> <span class='ocrx_word' id='word_1_188' title='bbox 878 2204 933 2264; x_wconf 88' lang='lat' dir='ltr'><strong>suh</strong></span> <span class='ocrx_word' id='word_1_189' title='bbox 957 2204 1054 2263; x_wconf 77' lang='lat' dir='ltr'><strong>Alteri</strong></span> 
     </span>
     <span class='ocr_line' id='line_1_26' title="bbox 98 2281 1052 2363; baseline 0.008 -22"><span class='ocrx_word' id='word_1_190' title='bbox 98 2291 229 2363; x_wconf 74' lang='lat' dir='ltr'><strong>seruatur</strong></span> <span class='ocrx_word' id='word_1_191' title='bbox 251 2296 388 2352; x_wconf 74' lang='lat' dir='ltr'><strong>accense,</strong></span> <span class='ocrx_word' id='word_1_192' title='bbox 417 2284 541 2361; x_wconf 88' lang='lat' dir='ltr'><strong>pulchre</strong></span> <span class='ocrx_word' id='word_1_193' title='bbox 566 2284 668 2344; x_wconf 91' lang='lat' dir='ltr'><strong>lesum</strong></span> <span class='ocrx_word' id='word_1_194' title='bbox 690 2281 843 2354; x_wconf 85' lang='lat' dir='ltr'><strong>Christum</strong></span> <span class='ocrx_word' id='word_1_195' title='bbox 870 2284 1052 2363; x_wconf 71' lang='lat' dir='ltr'><strong>significari,</strong></span> 
     </span>
     <span class='ocr_line' id='line_1_27' title="bbox 99 2364 1050 2441; baseline 0.002 -19"><span class='ocrx_word' id='word_1_196' title='bbox 99 2380 182 2438; x_wconf 88' lang='lat' dir='ltr'><strong>quem</strong></span> <span class='ocrx_word' id='word_1_197' title='bbox 205 2385 225 2425; x_wconf 89' lang='lat' dir='ltr'><strong>e</strong></span> <span class='ocrx_word' id='word_1_198' title='bbox 238 2364 331 2424; x_wconf 83' lang='lat' dir='ltr'><strong>Coele</strong></span> <span class='ocrx_word' id='word_1_199' title='bbox 352 2367 507 2441; x_wconf 81' lang='lat' dir='ltr'><strong>delapsum</strong></span> <span class='ocrx_word' id='word_1_200' title='bbox 525 2373 558 2425; x_wconf 90' lang='lat' dir='ltr'><strong>ut</strong></span> <span class='ocrx_word' id='word_1_201' title='bbox 572 2366 747 2432; x_wconf 79' lang='lat' dir='ltr'><strong>uuiversum</strong></span> <span class='ocrx_word' id='word_1_202' title='bbox 765 2366 909 2427; x_wconf 89' lang='lat' dir='ltr'><strong>mundum</strong></span> <span class='ocrx_word' id='word_1_203' title='bbox 933 2386 950 2425; x_wconf 83' lang='lat' dir='ltr'><strong>e</strong></span> <span class='ocrx_word' id='word_1_204' title='bbox 974 2367 1050 2426; x_wconf 88' lang='lat' dir='ltr'><strong>mul·</strong></span> 
     </span>
     <span class='ocr_line' id='line_1_28' title="bbox 99 2445 1053 2529; baseline 0.005 -26"><span class='ocrx_word' id='word_1_205' title='bbox 99 2445 132 2503; x_wconf 91' lang='lat' dir='ltr'><strong>tis</strong></span> <span class='ocrx_word' id='word_1_206' title='bbox 153 2452 234 2507; x_wconf 89' lang='lat' dir='ltr'><strong>retro</strong></span> <span class='ocrx_word' id='word_1_207' title='bbox 257 2446 319 2524; x_wconf 89' lang='lat' dir='ltr'><strong>jam</strong></span> <span class='ocrx_word' id='word_1_208' title='bbox 338 2448 472 2506; x_wconf 80' lang='lat' dir='ltr'><strong>saeculis</strong></span> <span class='ocrx_word' id='word_1_209' title='bbox 490 2449 676 2508; x_wconf 83' lang='lat' dir='ltr'><strong>intenebris</strong></span> <span class='ocrx_word' id='word_1_210' title='bbox 695 2448 846 2525; x_wconf 79' lang='lat' dir='ltr'><strong>jacentem</strong></span> <span class='ocrx_word' id='word_1_211' title='bbox 868 2450 1053 2529; x_wconf 85' lang='lat' dir='ltr'><strong>suo-lumine</strong></span> 
     </span>
     <span class='ocr_line' id='line_1_29' title="bbox 94 2523 1056 2607; baseline 0.005 -23"><span class='ocrx_word' id='word_1_212' title='bbox 94 2523 279 2595; x_wconf 78' lang='lat' dir='ltr'><strong>illustraret,</strong></span> <span class='ocrx_word' id='word_1_213' title='bbox 313 2526 431 2588; x_wconf 83' lang='lat' dir='ltr'><strong>scelesti</strong></span> <span class='ocrx_word' id='word_1_214' title='bbox 454 2528 591 2589; x_wconf 88' lang='lat' dir='ltr'><strong>homines</strong></span> <span class='ocrx_word' id='word_1_215' title='bbox 619 2536 652 2589; x_wconf 87' lang='lat' dir='ltr'><strong>et</strong></span> <span class='ocrx_word' id='word_1_216' title='bbox 671 2532 778 2607; x_wconf 76' lang='lat' dir='ltr'><strong>ingrati</strong></span> <span class='ocrx_word' id='word_1_217' title='bbox 801 2530 978 2604; x_wconf 82' lang='lat' dir='ltr'><strong>extinguere</strong></span> <span class='ocrx_word' id='word_1_218' title='bbox 986 2534 1056 2591; x_wconf 92' lang='lat' dir='ltr'><strong>·aut</strong></span> 
     </span>
     <span class='ocr_line' id='line_1_30' title="bbox 99 2606 1126 2681; baseline 0.005 -16"><span class='ocrx_word' id='word_1_219' title='bbox 99 2606 256 2670; x_wconf 77' lang='lat' dir='ltr'><strong>obscurare</strong></span> <span class='ocrx_word' id='word_1_220' title='bbox 278 2611 377 2669; x_wconf 85' lang='lat' dir='ltr'><strong>conati</strong></span> <span class='ocrx_word' id='word_1_221' title='bbox 397 2616 493 2676; x_wconf 51' lang='lat' dir='ltr'><strong>¹suut:</strong></span> <span class='ocrx_word' id='word_1_222' title='bbox 518 2610 569 2669; x_wconf 89' lang='lat' dir='ltr'><strong>sed</strong></span> <span class='ocrx_word' id='word_1_223' title='bbox 593 2628 664 2681; x_wconf 86' lang='lat' dir='ltr'><strong>cum</strong></span> <span class='ocrx_word' id='word_1_224' title='bbox 688 2612 817 2671; x_wconf 81' lang='lat' dir='ltr'><strong>maxime</strong></span> <span class='ocrx_word' id='word_1_225' title='bbox 840 2611 1001 2672; x_wconf 87' lang='lat' dir='ltr'><strong>eredebant</strong></span> <span class='ocrx_word' id='word_1_226' title='bbox 1023 2610 1053 2670; x_wconf 91' lang='lat' dir='ltr'><strong>il·</strong></span> <span class='ocrx_word' id='word_1_227' title='bbox 1123 2628 1126 2633; x_wconf 87' lang='lat'>·</span> 
     </span>
     <span class='ocr_line' id='line_1_31' title="bbox 101 2687 1053 2759; baseline 0.008 -13"><span class='ocrx_word' id='word_1_228' title='bbox 101 2687 156 2749; x_wconf 89' lang='lat' dir='ltr'><strong>luin</strong></span> <span class='ocrx_word' id='word_1_229' title='bbox 178 2694 376 2752; x_wconf 83' lang='lat' dir='ltr'><strong>obscuratum</strong></span> <span class='ocrx_word' id='word_1_230' title='bbox 406 2697 458 2750; x_wconf 86' lang='lat' dir='ltr'><strong>aut</strong></span> <span class='ocrx_word' id='word_1_231' title='bbox 479 2694 601 2751; x_wconf 90' lang='lat' dir='ltr'><strong>omnino</strong></span> <span class='ocrx_word' id='word_1_232' title='bbox 624 2692 803 2759; x_wconf 86' lang='lat' dir='ltr'><strong>sublatum,</strong></span> <span class='ocrx_word' id='word_1_233' title='bbox 829 2699 892 2751; x_wconf 87' lang='lat' dir='ltr'><strong>tum</strong></span> <span class='ocrx_word' id='word_1_234' title='bbox 921 2696 1053 2754; x_wconf 82' lang='lat' dir='ltr'><strong>maxime</strong></span> 
     </span>
     <span class='ocr_line' id='line_1_32' title="bbox 101 2770 1054 2850; baseline 0.007 -23"><span class='ocrx_word' id='word_1_235' title='bbox 101 2773 325 2834; x_wconf 81' lang='lat' dir='ltr'><strong>reviviscentem</strong></span> <span class='ocrx_word' id='word_1_236' title='bbox 357 2776 593 2850; x_wconf 77' lang='lat' dir='ltr'><strong>surgentemque</strong></span> <span class='ocrx_word' id='word_1_237' title='bbox 615 2774 757 2834; x_wconf 84' lang='lat' dir='ltr'><strong>viderunt</strong></span> <span class='ocrx_word' id='word_1_238' title='bbox 786 2774 822 2833; x_wconf 86' lang='lat' dir='ltr'><strong>ed</strong></span> <span class='ocrx_word' id='word_1_239' title='bbox 844 2770 1054 2849; x_wconf 85' lang='lat' dir='ltr'><strong>immortalita-</strong></span> 
     </span>
     <span class='ocr_line' id='line_1_33' title="bbox 103 2854 1055 2932; baseline 0.006 -22"><span class='ocrx_word' id='word_1_240' title='bbox 103 2856 156 2911; x_wconf 87' lang='lat' dir='ltr'><strong>tem</strong></span> <span class='ocrx_word' id='word_1_241' title='bbox 177 2864 208 2915; x_wconf 89' lang='lat' dir='ltr'><strong>et</strong></span> <span class='ocrx_word' id='word_1_242' title='bbox 223 2854 463 2932; x_wconf 85' lang='lat' dir='ltr'><strong>splendidissimo</strong></span> <span class='ocrx_word' id='word_1_243' title='bbox 486 2854 601 2928; x_wconf 87' lang='lat' dir='ltr'><strong>lumine</strong></span> <span class='ocrx_word' id='word_1_244' title='bbox 623 2861 832 2915; x_wconf 83' lang='lat' dir='ltr'><strong>coruscantem</strong></span> <span class='ocrx_word' id='word_1_245' title='bbox 855 2856 893 2915; x_wconf 91' lang='lat' dir='ltr'><strong>ah</strong></span> <span class='ocrx_word' id='word_1_246' title='bbox 914 2856 1055 2917; x_wconf 82' lang='lat' dir='ltr'><strong>universo</strong></span> 
     </span>
     <span class='ocr_line' id='line_1_34' title="bbox 103 2936 1054 3014; baseline 0.002 -20"><span class='ocrx_word' id='word_1_247' title='bbox 103 2938 208 2997; x_wconf 85' lang='lat' dir='ltr'><strong>mundo</strong></span> <span class='ocrx_word' id='word_1_248' title='bbox 225 2936 391 3013; x_wconf 83' lang='lat' dir='ltr'><strong>praedicari</strong></span> <span class='ocrx_word' id='word_1_249' title='bbox 408 2942 439 2996; x_wconf 92' lang='lat' dir='ltr'><strong>et</strong></span> <span class='ocrx_word' id='word_1_250' title='bbox 449 2938 596 3014; x_wconf 79' lang='lat' dir='ltr'><strong>conspici.</strong></span> <span class='ocrx_word' id='word_1_251' title='bbox 616 2937 674 2995; x_wconf 77' lang='lat' dir='ltr'><strong>Alii</strong></span> <span class='ocrx_word' id='word_1_252' title='bbox 688 2937 767 2997; x_wconf 92' lang='lat' dir='ltr'><strong>hunc</strong></span> <span class='ocrx_word' id='word_1_253' title='bbox 783 2938 874 2996; x_wconf 91' lang='lat' dir='ltr'><strong>ritum</strong></span> <span class='ocrx_word' id='word_1_254' title='bbox 891 2937 948 3014; x_wconf 83' lang='lat' dir='ltr'><strong>hoo</strong></span> <span class='ocrx_word' id='word_1_255' title='bbox 965 2938 1054 2996; x_wconf 91' lang='lat' dir='ltr'><strong>modo</strong></span> 
     </span>
     <span class='ocr_line' id='line_1_35' title="bbox 103 3012 1054 3095; baseline 0.003 -21"><span class='ocrx_word' id='word_1_256' title='bbox 103 3012 339 3094; x_wconf 80' lang='lat' dir='ltr'><strong>interpretantur.</strong></span> <span class='ocrx_word' id='word_1_257' title='bbox 354 3014 443 3095; x_wconf 84' lang='lat' dir='ltr'><strong>ojrrnt&#39;</strong></span> <span class='ocrx_word' id='word_1_258' title='bbox 461 3026 566 3077; x_wconf 87' lang='lat' dir='ltr'><strong>oer&#39;eos</strong></span> <span class='ocrx_word' id='word_1_259' title='bbox 590 3016 655 3077; x_wconf 88' lang='lat' dir='ltr'><strong>illos</strong></span> <span class='ocrx_word' id='word_1_260' title='bbox 677 3019 787 3077; x_wconf 88' lang='lat' dir='ltr'><strong>sensim</strong></span> <span class='ocrx_word' id='word_1_261' title='bbox 816 3019 964 3077; x_wconf 87' lang='lat' dir='ltr'><strong>extinctos</strong></span> <span class='ocrx_word' id='word_1_262' title='bbox 980 3020 1054 3077; x_wconf 87' lang='lat' dir='ltr'><strong>ime·</strong></span> 
     </span>
     <span class='ocr_line' id='line_1_36' title="bbox 103 3097 1054 3175; baseline 0.005 -21"><span class='ocrx_word' id='word_1_263' title='bbox 103 3097 194 3172; x_wconf 83' lang='lat' dir='ltr'><strong>ginem</strong></span> <span class='ocrx_word' id='word_1_264' title='bbox 218 3110 291 3160; x_wconf 86' lang='lat' dir='ltr'><strong>esse¹</strong></span> <span class='ocrx_word' id='word_1_265' title='bbox 308 3098 548 3175; x_wconf 80' lang='lat' dir='ltr'><strong>Apostolorum,</strong></span> <span class='ocrx_word' id='word_1_266' title='bbox 573 3100 623 3175; x_wconf 86' lang='lat' dir='ltr'><strong>qui</strong></span> <span class='ocrx_word' id='word_1_267' title='bbox 647 3097 698 3160; x_wconf 93' lang='lat' dir='ltr'><strong>lux</strong></span> <span class='ocrx_word' id='word_1_268' title='bbox 729 3099 830 3157; x_wconf 91' lang='lat' dir='ltr'><strong>mundi</strong></span> <span class='ocrx_word' id='word_1_269' title='bbox 859 3100 998 3160; x_wconf 91' lang='lat' dir='ltr'><strong>dicuntur</strong></span> <span class='ocrx_word' id='word_1_270' title='bbox 1023 3100 1054 3159; x_wconf 94' lang='lat' dir='ltr'><strong>in</strong></span> 
     </span>
     <span class='ocr_line' id='line_1_37' title="bbox 104 3174 1057 3257; baseline 0.008 -22"><span class='ocrx_word' id='word_1_271' title='bbox 104 3174 272 3257; x_wconf 81' lang='lat' dir='ltr'><strong>Evangelio.</strong></span> <span class='ocrx_word' id='word_1_272' title='bbox 286 3186 318 3242; x_wconf 90' lang='lat' dir='ltr'><strong>et</strong></span> <span class='ocrx_word' id='word_1_273' title='bbox 338 3182 390 3257; x_wconf 87' lang='lat' dir='ltr'><strong>qui</strong></span> <span class='ocrx_word' id='word_1_274' title='bbox 413 3186 549 3257; x_wconf 87' lang='lat' dir='ltr'><strong>tempore</strong></span> <span class='ocrx_word' id='word_1_275' title='bbox 572 3176 851 3257; x_wconf 85' lang='lat' dir='ltr'><strong>passionisChristi</strong></span> <span class='ocrx_word' id='word_1_276' title='bbox 864 3180 1011 3257; x_wconf 78' lang='lat' dir='ltr'><strong>fugeruut</strong></span> <span class='ocrx_word' id='word_1_277' title='bbox 1025 3187 1057 3243; x_wconf 89' lang='lat' dir='ltr'><strong>et</strong></span> 
     </span>
     <span class='ocr_line' id='line_1_38' title="bbox 105 3258 1055 3339; baseline 0.012 -24"><span class='ocrx_word' id='word_1_278' title='bbox 105 3261 189 3324; x_wconf 81' lang='lat' dir='ltr'><strong>veluti</strong></span> <span class='ocrx_word' id='word_1_279' title='bbox 211 3264 334 3324; x_wconf 85' lang='lat' dir='ltr'><strong>extincti</strong></span> <span class='ocrx_word' id='word_1_280' title='bbox 361 3262 441 3321; x_wconf 88' lang='lat' dir='ltr'><strong>suut.</strong></span> <span class='ocrx_word' id='word_1_281' title='bbox 465 3258 578 3321; x_wconf 81' lang='lat' dir='ltr'><strong>Cereus</strong></span> <span class='ocrx_word' id='word_1_282' title='bbox 597 3262 629 3320; x_wconf 84' lang='lat' dir='ltr'><strong>&#39;in</strong></span> <span class='ocrx_word' id='word_1_283' title='bbox 653 3261 780 3337; x_wconf 77' lang='lat' dir='ltr'><strong>anguli3</strong></span> <span class='ocrx_word' id='word_1_284' title='bbox 804 3264 917 3324; x_wconf 88' lang='lat' dir='ltr'><strong>vertice</strong></span> <span class='ocrx_word' id='word_1_285' title='bbox 939 3266 1055 3339; x_wconf 89' lang='lat' dir='ltr'><strong>positus</strong></span> 
     </span>
    </p>
   </div>
   <div class='ocr_carea' id='block_1_2' title="bbox 88 3336 1170 3665">
    <p class='ocr_par' dir='ltr' id='par_1_2' title="bbox 88 3336 1170 3665">
     <span class='ocr_line' id='line_1_39' title="bbox 88 3336 1052 3423; baseline 0.005 -24"><span class='ocrx_word' id='word_1_286' title='bbox 88 3336 248 3405; x_wconf 78' lang='lat' dir='ltr'><strong>&#39;Christum</strong></span> <span class='ocrx_word' id='word_1_287' title='bbox 271 3344 430 3423; x_wconf 76' lang='lat' dir='ltr'><strong>specialius</strong></span> <span class='ocrx_word' id='word_1_288' title='bbox 448 3336 599 3420; x_wconf 85' lang='lat' dir='ltr'><strong>designat.</strong></span> <span class='ocrx_word' id='word_1_289' title='bbox 624 3341 655 3401; x_wconf 90' lang='lat' dir='ltr'><strong>ls</strong></span> <span class='ocrx_word' id='word_1_290' title='bbox 676 3342 866 3416; x_wconf 80' lang='lat' dir='ltr'><strong>absconditur</strong></span> <span class='ocrx_word' id='word_1_291' title='bbox 887 3362 1052 3414; x_wconf 88' lang='lat' dir='ltr'><strong>accensus,</strong></span> 
     </span>
     <span class='ocr_line' id='line_1_40' title="bbox 107 3424 1056 3503; baseline 0.004 -24"><span class='ocrx_word' id='word_1_292' title='bbox 107 3426 136 3480; x_wconf 90' lang='lat' dir='ltr'><strong>ut</strong></span> <span class='ocrx_word' id='word_1_293' title='bbox 154 3427 335 3503; x_wconf 84' lang='lat' dir='ltr'><strong>designetur</strong></span> <span class='ocrx_word' id='word_1_294' title='bbox 349 3440 430 3485; x_wconf 91' lang='lat' dir='ltr'><strong>mors</strong></span> <span class='ocrx_word' id='word_1_295' title='bbox 451 3424 574 3495; x_wconf 85' lang='lat' dir='ltr'><strong>Christi,</strong></span> <span class='ocrx_word' id='word_1_296' title='bbox 599 3430 739 3484; x_wconf 85' lang='lat' dir='ltr'><strong>manente</strong></span> <span class='ocrx_word' id='word_1_297' title='bbox 760 3442 881 3502; x_wconf 89' lang='lat' dir='ltr'><strong>semper</strong></span> <span class='ocrx_word' id='word_1_298' title='bbox 891 3425 1056 3485; x_wconf 78' lang='lat' dir='ltr'><strong>¹inellahili-</strong></span> 
     </span>
     <span class='ocr_line' id='line_1_41' title="bbox 106 3502 1055 3583; baseline 0.005 -22"><span class='ocrx_word' id='word_1_299' title='bbox 106 3506 148 3562; x_wconf 88' lang='lat' dir='ltr'><strong>ter</strong></span> <span class='ocrx_word' id='word_1_300' title='bbox 160 3507 313 3569; x_wconf 80' lang='lat' dir='ltr'><strong>diuinitate</strong></span> <span class='ocrx_word' id='word_1_301' title='bbox 334 3513 395 3567; x_wconf 90' lang='lat' dir='ltr'><strong>tam</strong></span> <span class='ocrx_word' id='word_1_302' title='bbox 411 3521 481 3565; x_wconf 91' lang='lat' dir='ltr'><strong>eum</strong></span> <span class='ocrx_word' id='word_1_303' title='bbox 496 3524 637 3583; x_wconf 80' lang='lat' dir='ltr'><strong>corpore,</strong></span> <span class='ocrx_word' id='word_1_304' title='bbox 655 3524 754 3583; x_wconf 79' lang='lat' dir='ltr'><strong>quam</strong></span> <span class='ocrx_word' id='word_1_305' title='bbox 772 3524 844 3568; x_wconf 84' lang='lat' dir='ltr'><strong>eum</strong></span> <span class='ocrx_word' id='word_1_306' title='bbox 858 3502 971 3565; x_wconf 78' lang='lat' dir='ltr'><strong>enima.</strong></span> <span class='ocrx_word' id='word_1_307' title='bbox 997 3506 1055 3566; x_wconf 78' lang='lat' dir='ltr'><strong>Ah</strong></span> 
     </span>
     <span class='ocr_line' id='line_1_42' title="bbox 105 3587 1170 3665; baseline 0 -20"><span class='ocrx_word' id='word_1_308' title='bbox 105 3587 230 3651; x_wconf 81' lang='lat' dir='ltr'><strong>smndtto</strong></span> <span class='ocrx_word' id='word_1_309' title='bbox 251 3591 311 3651; x_wconf 90' lang='lat' dir='ltr'><strong>hoe</strong></span> <span class='ocrx_word' id='word_1_310' title='bbox 331 3589 423 3652; x_wconf 84' lang='lat' dir='ltr'><strong>eereo</strong></span> <span class='ocrx_word' id='word_1_311' title='bbox 445 3587 522 3648; x_wconf 87' lang='lat' dir='ltr'><strong>liunt</strong></span> <span class='ocrx_word' id='word_1_312' title='bbox 541 3588 793 3665; x_wconf 83' lang='lat' dir='ltr'><strong>supplicationes,</strong></span> <span class='ocrx_word' id='word_1_313' title='bbox 813 3593 852 3656; x_wconf 84' lang='lat' dir='ltr'><strong>ut</strong></span> <span class='ocrx_word' id='word_1_314' title='bbox 872 3589 1055 3663; x_wconf 89' lang='lat' dir='ltr'><strong>impetretur</strong></span> <span class='ocrx_word' id='word_1_315' title='bbox 1169 3652 1170 3655; x_wconf 8' lang='grc' dir='ltr'><strong>Ἴ</strong></span> 
     </span>
    </p>
   </div>
   <div class='ocr_carea' id='block_1_3' title="bbox 0 0 1269 4059">
    <p class='ocr_par' dir='ltr' id='par_1_3' title="bbox 0 0 1269 4059">
     <span class='ocr_line' id='line_1_43' title="bbox 0 0 1269 4059; baseline 0 0"><span class='ocrx_word' id='word_1_316' title='bbox 0 0 1269 4059; x_wconf 95' lang='lat' dir='ltr'><strong> </strong></span> 
     </span>
    </p>
   </div>
  </div>
 </body>
</html>
