2517 4059
498 218 721 289 maeatae·

142 342 288 415 Pontifex,
313 348 343 403 et
364 342 517 412 Salvator,
541 344 589 404 his
610 345 712 404 verbis
733 344 901 419 Discipulos
923 352 1095 424 postauam

143 426 406 486 Resurrectionem
429 423 575 486 allocutus
596 432 663 492 est,
692 426 735 486 uti
755 426 833 502 apud
857 426 996 487 loannem
1019 427 1094 505 Cap.

142 506 218 567 XX.
234 506 348 567 Verum
372 512 405 566 ut
421 514 522 582 postea
539 504 705 583 Episcopus
718 508 854 567 ostendat
869 526 900 567 se
921 510 1013 568 etiam
1029 528 1096 573 esso

142 589 179 650 de
194 584 384 649 caeterorum'
399 605 525 648 numero
540 587 747 655 Sacerdotem,
764 589 835 647 dicit
850 606 918 649 cum
933 591 995 650 istis
1011 591 1094 653 dein-

142 688 212 747 ceps
234 674 303 729 ante
324 669 397 728 alias
411 667 569 730 Orationes
583 668 729 730 Dominus
750 669 910 731 vobiscum.
927 669 1005 731 Cum
1020 691 1093 735 reso

141 750 317 813 Sacerdotes
339 751 441 809 dicant
457 751 602 810 Dominus
622 750 779 820 uobiscum,
803 768 856 809 nos
879 769 931 827 per
946 753 1026 828 ipsos
1047 773 1093 814 sa-

143 834 218 893 lutat
232 833 315 893 lesus
330 830 468 892 Christus
484 833 607 908 cupiens
629 832 659 888 in
682 832 766 890 nobis
780 834 964 891 mansionem
981 833 1091 904 lacere,

140 920 171 973 ot
194 931 246 973 nos
275 930 378 972 seeum
402 913 511 982 unire,
541 930 576 971 sc
597 912 759 989 Templum
781 932 871 973 snum
895 912 1092 976 Euchasistiei

140 994 326 1055 Sacramenti
351 996 540 1069 perceptione
564 994 703 1061 efficerer
728 997 807 1054 sicut
828 994 960 1070 Angelus
984 997 1094 1057 Beatis-

142 1078 236 1136 simae
262 1076 374 1151 Virgini
398 1076 472 1134 dixit
485 1075 633 1134 Dominus
655 1084 763 1142 tecam,
788 1081 950 1152 antequam
973 1078 1001 1134 iu
1025 1078 1093 1155 ejus

141 1164 225 1218 utero
247 1174 366 1216 carnem
390 1157 566 1231 susciperet.
591 1155 763 1231 Respondet
784 1159 911 1234 populns
927 1158 1092 1223 Sacerdoti.

141 1248 167 1297 et
181 1259 248 1299 cam
263 1238 373 1316 spirita
389 1246 451 1302 roo,
469 1254 547 1313 quae
562 1238 654 1297 verba
676 1245 800 1314 accepta
816 1240 955 1299 videntur
971 1257 1008 1298 ex
1024 1240 1094 1316 Epi·

140 1320 215 1379 stola
238 1318 365 1379 secunde
388 1319 423 1376 ad
446 1317 640 1378 Timotheum
662 1316 735 1394 Cap.
759 1318 802 1379 IV
825 1320 875 1379 nbi
898 1318 1010 1379 Paulus
1032 1324 1090 1381 ait:

141 1402 287 1461 Dominus
310 1399 392 1460 Iesos
418 1399 555 1461 Christus
577 1418 644 1458 cam
667 1401 777 1478 misire
800 1394 864 1468 t'ao,
887 1405 919 1459 et
940 1409 1044 1462 entant
1066 1404 1094 1461 in

138 1483 351 1557 antiquissimis
374 1480 527 1557 Liturgiis.
551 1478 673 1557 Optime
705 1481 735 1540 S.
761 1480 888 1541 Ioannes
915 1480 1094 1557 Chrysosto·

139 1581 208 1623 mus
224 1561 357 1621 Homitia
373 1560 411 1621 18
434 1562 462 1618 in
486 1560 513 1620 ll
536 1561 571 1620 ad
588 1560 773 1621 Corinthios:
794 1560 833 1620 Ia
855 1562 1013 1641 tremendis
1027 1561 1095 1641 My-

138 1645 239 1704 stera'r's
261 1653 294 1702 at
315 1642 456 1703 Sacerdos
478 1661 536 1721 pro
553 1644 663 1720 plebe,
686 1645 730 1701 ita
752 1643 832 1721 plebs
855 1662 914 1721 pro
936 1642 1094 1703 Sacerdote

139 1734 210 1785 eota
231 1724 318 1801 facit.
344 1722 426 1782 Haec
449 1726 527 1789 etaim
548 1726 638 1783 uerba
661 1734 688 1783 ct
711 1743 779 1782 cum
800 1726 912 1799 spirita
934 1733 994 1791 teo,
1018 1724 1095 1785 ailril

138 1806 224 1865 aliod
247 1822 336 1882 quem
358 1806 411 1864 hoc
426 1803 606 1882 sipaificaat.
624 1803 705 1864 Olim
722 1805 880 1865 universus
903 1804 1004 1881 populi
1027 1822 1094 1865 coe-

138 1899 185 1947 tus
207 1886 360 1947 Sacerdoti
384 1886 604 1962 respondebat,
629 1893 722 1945 ulex
744 1884 903 1962 Liturgiis,
927 1902 1094 1962 earumque

140 1966 367 2045 Expositorihus
389 1972 536 2043 apparet;
567 1966 657 2042 idque
680 1966 863 2043 Micrologns
886 1971 1030 2027 statutum
1052 1969 1095 2027 ait

138 2052 167 2108 in
190 2048 354 2108 Occidente
378 2068 394 2108 a
416 2046 548 2107 Concilio
571 2046 807 2113 Aurelianensi,
839 2054 873 2105 ut
900 2048 1015 2110 scilicet
1036 2067 1094 2108 non

137 2130 234 2191 solnm
258 2129 375 2195 Clerici,
399 2130 449 2189 sed
472 2129 569 2187 omnis
593 2128 719 2204 populus
741 2129 952 2204 responderet,
976 2139 1003 2189 et
1026 2150 1094 2190 cem

132 2212 248 2293 spirita
264 2219 325 2270 tuo.
350 2209 453 2270 Herus
476 2211 617 2285 magister
640 2210 669 2267 in
685 2208 882 2289 Expositioae
899 2208 1009 2271 Missam
1024 2214 1095 2271 scri-

135 2292 189 2359 bit,
207 2292 279 2350 nihil
303 2292 411 2352 melins
433 2291 582 2350 invenisse
602 2288 781 2358 Ecclesiam,
804 2292 883 2366 qnod
906 2297 1026 2367 optaret
1041 2292 1093 2352 Sa·

137 2374 277 2444 cerdati,
303 2374 357 2433 nisi
380 2374 459 2448 quod
482 2371 626 2433 Sacerdos
647 2378 732 2448 optat
753 2370 932 2442 Ecclesiae,
956 2378 991 2433 ut
1012 2374 1091 2435 idem

136 2456 294 2521 Dominus,
308 2455 360 2531 qui
371 2454 511 2531 dignatur
523 2471 589 2514 esse
605 2472 676 2513 cnm
688 2454 836 2524 Ecclesia,
850 2454 988 2531 dignetur
999 2455 1092 2515 etiam
1138 2507 1140 2511 .

134 2556 200 2599 esse
221 2554 290 2597 cum
313 2536 420 2611 spiritu
442 2535 621 2595 Sacerdotis.

513 2694 639 2755 CAPUT
661 2693 718 2754 XI.

472 2874 513 2951 nn
539 2873 759 2917 onanronrans.

176 3024 200 3084 Ι.
225 3021 370 3083 Sacerdos
394 3027 460 3096 post
492 3018 708 3079 salutationem·
736 3019 881 3095 populum
915 3020 1026 3078 excitat
1053 3021 1090 3079 ad

135 3105 283 3165 orandum
307 3103 430 3162 dicens:
460 3098 595 3161 Oreurm
620 3100 689 3173 Qua
711 3101 874 3161 monitione
903 3101 1004 3160 andita
1026 3118 1092 3161 om-

134 3205 187 3247 nes
209 3203 293 3245 sacro
317 3184 467 3243 adstantes
488 3183 543 3242 sub
558 3182 677 3243 silentio
694 3182 772 3241 olim
795 3184 930 3249 orabant,
955 3187 1018 3240 tum
1041 3200 1092 3257 pe-

134 3273 219 3327 raeta
235 3267 318 3326 brevi
334 3266 469 3324 oratione
485 3266 619 3323 omnium
638 3280 742 3339 preces
757 3263 903 3324 Sacerdos
916 3264 1002 3323 brevi
1019 3264 1090 3323 item

135 3348 346 3427 deprecatione
369 3345 551 3405 concludens
570 3344 735 3407 Collectam
756 3344 818 3403 alta
832 3362 906 3405 voce
930 3345 1085 3405 recitabat.

133 3429 208 3491 Cum
232 3434 332 3489 autern
356 3427 501 3488 Sacerdos
523 3427 713 3486 exclamabat
734 3426 835 3487 dicens
860 3421 986 3486 Ore'mas
1008 3431 1089 3487 vete·

131 3512 172 3571 ris
194 3510 348 3571 Ecclesiae
371 3509 472 3587 phrasi
500 3504 674 3567 Orationem
696 3509 771 3568 dare
792 3508 969 3569 dicebatur:
994 3525 1085 3584 quem

134 3594 223 3654 ritum
247 3592 405 3670 perspicue
427 3590 557 3669 explicat
571 3588 700 3651 Uranius
721 3590 751 3647 in
766 3587 836 3649 Vita
851 3589 950 3651 Sancti
971 3588 1088 3650 Paulini
