2517 4059
569 186 795 258 witto&-

217 317 364 377 Baronius
385 316 526 385 affirmat,
551 319 718 377 institutam
740 316 831 378 luisse
854 316 931 375 bauo
948 316 1167 392 processionem
1242 355 1243 395 p

216 418 232 459 a
248 397 391 461 Pontifice
405 396 537 463 Gelasio.
553 404 588 458 ut
609 397 787 477 Lupercalia
810 398 939 459 tolleret.
953 395 992 456 Et
1013 414 1085 458 sane
1101 399 1168 457 abo·

217 482 267 542 lita
291 480 383 540 luisse
405 498 421 537 a
444 479 565 539 Gelasio
588 479 777 557 Lupercalia.
801 480 965 540 indubitata
989 497 1036 540 res
1052 486 1116 539 est:
1138 480 1167 537 id

215 563 297 623 enim
317 561 406 621 docet
419 556 557 622 Gelasius
571 563 647 640 ipse.
658 564 686 621 in
702 581 739 625 eo
760 561 995 627 Commentario,
1018 562 1100 637 quod
1114 560 1168 621 Ba·

217 645 319 705 rouius
340 642 507 702 Annalibus
528 645 592 703 suis
612 644 650 702 ad
673 663 785 706 annum
806 641 916 703 Christi
940 640 1000 701 tuo
1024 640 1167 710 numAEll,
1243 689 1244 697 ,

216 733 247 785 et
261 743 347 801 seqq.
370 725 513 784 inseruit:
537 723 652 801 fuitque
674 729 764 787 etiam
788 726 900 786 editum
924 725 953 782 in
968 723 1169 783 Consiliorum

215 806 396 868 Collectione
418 824 435 865 a
458 805 558 866 Labbc
579 807 734 869 adornata.
758 808 878 867 Baronii
907 806 1087 865 seutentiam
1110 822 1172 865 am-

130 918 133 922 ·
217 888 307 965 plecti
328 888 468 950 ridentur
483 888 714 958 Thomassinus,
739 887 888 951 Dochtis
909 887 974 949 Lib.
992 885 1021 945 ll
1043 884 1117 964 Cap.
1131 885 1169 956 lt,

217 968 428 1038 Florentinius,
446 967 583 1031 Exercit.
600 969 655 1029 111
669 972 709 1030 ad
729 970 897 1034 Vlonuori
911 968 989 1029 diem
1002 986 1076 1047 pop.
1093 967 1169 1037 2253

216 1051 390 1116 Honoratus
405 1069 422 1110 a
444 1050 475 1109 S.
492 1052 598 1120 Maria,
622 1048 903 1113 .lnimodoersioncs
919 1050 959 1109 od
976 1048 1101 1111 Criticas
1116 1048 1171 1109 na

217 1134 304 1213 pulos
323 1132 360 1190 T.
376 1132 404 1191 ll
426 1131 492 1191 Lib.
511 1131 555 1191 ΙΙΙ
570 1132 649 1193 Diss.
666 1134 707 1206 53
732 1133 841 1209 aliique
854 1135 956 1194 etiam.
980 1130 1086 1209 Neque
1101 1146 1170 1190 vero

217 1216 317 1291 opinio
340 1215 416 1274 baec
431 1211 574 1273 Frontoni
585 1215 748 1291 displicuit.
772 1214 1095 1290 Adhaerentquoque‚
1119 1230 1171 1273 seu

217 1302 300 1357 certe
322 1295 363 1355 illi
385 1296 488 1356 lavent
509 1297 581 1363 alii,
611 1302 672 1356 tam
696 1299 774 1359 iuter
795 1298 953 1373 antiquos,
981 1312 1074 1370 quam
1097 1296 1171 1354 iuter
1245 1368 1246 1371 Ἴ

218 1379 400 1438 recentiores
429 1376 607 1453 Scriptores.
640 1377 680 1437 At
702 1398 760 1439 non
782 1379 915 1445 desunt,
946 1380 996 1453 qui
1029 1381 1168 1438 moueant

217 1460 310 1519 luisse
333 1459 456 1535 quidem
488 1475 507 1516 a
528 1456 647 1519 Gelasio
669 1461 780 1521 abolita
803 1460 1002 1537 Lupercalia:
1029 1460 1057 1517 id
1081 1457 1169 1533 siqui-

217 1541 307 1609 dem,
331 1541 458 1617 ipsemet
479 1540 588 1612 docet,
610 1546 723 1602 alnon
745 1543 888 1601 contiuuo
907 1541 1117 1607 adducuntur,
1138 1542 1171 1597 ut

217 1626 324 1701 putent
343 1640 426 1688 eum,
449 1620 562 1696 dequo
583 1623 701 1696 agimus
723 1625 826 1691 ritum,
851 1623 941 1684 luisse
962 1622 999 1682 ab
1016 1622 1069 1681 illo
1093 1619 1171 1679 insti·
1246 1689 1247 1693 Ἰ

218 1710 328 1764 tutum.
352 1703 488 1771 Scilicet,
512 1702 584 1762 dum
608 1703 746 1766 Gelasius
768 1705 857 1763 docel
880 1702 1057 1781 Lupercalia
1079 1700 1167 1761 luisse
1246 1704 1247 1725 l

217 1802 282 1846 ase
302 1785 412 1854 ablata,
438 1784 561 1844 minime
583 1783 687 1863 adjicit
709 1785 923 1863 Lupercalibus
946 1786 1038 1845 luisse
1061 1781 1169 1860 suppli-

217 1869 375 1936 cntionem,
399 1866 437 1926 de
452 1883 509 1942 qua
524 1866 710 1935 disserimus,
727 1868 932 1928 substitutam.
955 1865 988 1925 Id
1006 1883 1099 1943 porro
1114 1877 1168 1921 non

217 1950 367 2009 omisisset
380 1946 539 2008 Gelasius:
565 1965 660 2025 neque
676 1950 756 2010 enim
774 1949 877 2008 levem·
894 1950 956 2009 suis
972 1946 1166 2025 temporibus·

217 2037 249 2091 et
269 2031 423 2089 Ecclesiae
440 2038 644 2107 comparasset
667 2030 830 2090 laudemea
854 2031 1011 2091 institutio.
1037 2024 1169 2090 &cundo

219 2128 314 2186 neque
338 2112 368 2168 in
389 2109 630 2171 sacramentario
653 2109 773 2179 Gelasii,
790 2112 884 2172 immo
906 2128 1002 2187 nequo
1024 2112 1055 2169 iu
1071 2108 1170 2170 Sacra·

218 2192 367 2253 mentario
389 2189 527 2267 Gregorii
550 2210 586 2254 ea
604 2194 795 2271 supplicatio,
820 2210 873 2253 seu
889 2194 1045 2271 processio.
1063 2189 1169 2251 descri-

218 2275 320 2339 bitur,
344 2290 441 2348 neque
463 2274 492 2330 ln
514 2274 558 2333 eis
580 2274 639 2334 ulla
672 2272 707 2333 lit
728 2275 941 2335 benedictionis
972 2272 1169 2334 Candelarum

218 2355 344 2416 mentio.
369 2354 446 2413 Aliis
468 2354 568 2431 itaquo
583 2353 704 2415 Gelasio
719 2358 931 2434 posterioribus
946 2354 1091 2416 Romanis
1105 2353 1170 2412 Pon·

218 2436 348 2498 tilicibus
380 2436 539 2497 tribuenda
562 2442 608 2499 est
628 2436 721 2514 hujus
744 2438 817 2498 ritus
840 2439 935 2515 origo.
969 2437 1035 2497 Non
1068 2436 1171 2496 desunt

218 2520 269 2596 qui
299 2520 393 2579 velint
424 2516 562 2594 Sergium
593 2518 755 2579 hodiernae
785 2514 986 2581 Processionis'
1004 2518 1170 2579 'auctorem

220 2618 307 2669 esse,
333 2599 415 2659 Libri
438 2597 621 2660 Pontifioalis
642 2607 673 2661 ct
704 2600 832 2661 Romani
854 2602 974 2663 Ordinis
998 2599 1170 2661 auctoritato

219 2681 345 2743 suliulti.
380 2680 439 2741 Sed
461 2689 531 2742 ante
553 2682 691 2759 Sergium
716 2684 791 2743 ritus
814 2682 863 2742 hic
891 2682 921 2742 in
942 2680 1112 2760 Hispania,
1142 2679 1171 2737 et

218 2763 315 2825 Gallia
338 2762 476 2839 vigebat,
501 2768 535 2823 ut
555 2768 672 2824 constat
693 2780 733 2823 ex
755 2763 901 2824 Sermone
922 2765 1020 2838 primo
1043 2763 1074 2824 S.
1100 2759 1171 2819 llde·

220 2844 340 2921 pbonsi,
364 2847 415 2920 qui
432 2844 535 2905 lloruit
557 2862 634 2904 anno
650 2842 712 2904 dil
735 2851 766 2904 et
786 2862 823 2905 ex
839 2844 970 2905 Homilia
987 2842 1123 2905 Secunda
1143 2842 1169 2897 in

219 2923 432 3067 Puriligzlgone
452 2925 483 2985 S.
508 2926 596 3005 Eligit
613 2924 827 2987 -Noriomensis
851 2924 1002 3005 Episcopi,
1027 2928 1081 3003 qui
1102 2921 1170 2983 obiit

216 3024 294 3071 inno
379 3050 387 3067 .

261 3086 316 3147 lli.
341 3089 496 3149 Processio
519 3089 577 3149 hac
598 3087 713 3158 die-lit,
739 3095 772 3148 ut
797 3105 849 3147 nos
872 3085 1082 3149 inEcclesiam
1105 3098 1169 3161 pro·

218 3170 369 3238 cedentes,
394 3172 637 3240 reminiscamur,
661 3169 740 3246 quod
759 3168 852 3247 Virgo
874 3169 945 3229 olim
969 3171 998 3228 in
1014 3167 1168 3245 Templum

218 3249 529 3330 Hierosolymitanum
551 3253 705 3329 processit,
729 3248 883 3311 Christum
906 3252 1034 3327 gestavit
1056 3257 1089 3311 ut
1102 3260 1168 3309 eum

219 3332 348 3393 Domino
370 3332 495 3392 offerret
515 3336 548 3392 et
578 3332 650 3393 lacti
672 3332 767 3412 hujus
790 3334 936 3393 memoria
958 3333 1100 3407 excitati,
1122 3339 1169 3403 gc·

219 3420 390 3489 stantesque
412 3430 483 3491 pree
498 3408 637 3475 manibus
650 3413 764 3485 lumen,
788 3412 867 3489 quod
883 3410 1036 3477 Christum
1056 3422 1169 3488 reprae-

218 3501 329 3563 sentat,
348 3494 532 3556 Processioui
547 3497 723 3555 assistemus
738 3514 773 3556 ea
790 3500 902 3563 moute,
927 3514 986 3572 qua
1001 3495 1092 3571 Virgo
1102 3493 1165 3569 ,ipsa

219 3578 365 3653 processit
385 3577 415 3635 iu
436 3575 606 3655 Templum,
630 3576 728 3645 idest,
752 3578 837 3639 utin
859 3576 986 3656 Templo
1008 3577 1165 3639 offeramus
