2517 4059
444 181 647 253 widb-

86 307 141 367 uari
160 306 312 369 Ecclesiae
326 312 493 385 prostratos
508 309 703 371 absolutionis
719 312 880 373 termulam
891 330 1022 389 pronun·

86 390 169 449 lieret.
191 388 296 463 Qualis
316 396 417 450 autem
441 392 489 451 illa
505 392 608 463 luerit,
633 393 765 453 indicant
785 393 886 453 Sancti
903 392 1020 466 Patres,

86 488 132 529 uon
151 472 361 541 indicativam,
396 474 447 533 sed
469 474 695 551 deprecativam
718 492 839 552 prorsus
860 477 1022 545 extitisse—3

84 568 139 611 eam
159 555 254 631 precis
277 562 330 615 sut
351 556 497 616 cretionis
519 558 639 618 nomine
661 555 750 632 vulgo
763 557 965 635 indigi'tautes
990 556 1024 618 ld

84 635 151 693 clare
170 636 366 696 demonstrat.
378 636 409 697 S.
425 637 485 698 Leo
507 638 543 697 ad
566 637 762 699 Timotheum
786 638 1024 700 Alexandrinum

84 711 261 793 Episcopum
287 719 329 775 sic
352 719 484 779 scribens
507 717 640 795 Epistola
665 718 724 778 139
745 736 849 781 neree¹
862 721 1023 781 editionis:

83 793 129 856 co
149 799 199 876 qui
213 801 337 875 ueritati
360 799 552 877 aliquatenus
573 802 760 869 restiterunt,
784 801 1024 862 reconciliandos
1120 796 1128 807 ’

83 875 133 936 lieo
143 898 242 958 preces
252 878 473 957 por-Ecclesiae
487 884 638 943 instanter
651 883 805 961 acquiras.
817 883 925 961 Longe¹
933 883 1024 960 proli·

82 957 166 1021 riores
181 970 251 1022 suut
266 963 416 1021 orationes
428 969 518 1040 atque
534 962 746 1027 absolutiones.
760 982 839 1040 quae
853 966 883 1024 iu
899 965 1023 1041 antiquo

81 1035 200 1102 Romano
223 1041 339 1103 Ordine
366 1050 397 1103 et
429 1045 458 1103 iu
487 1046 593 1121 priscis
615 1044 836 1107 Ponoflcattbus
867 1064 1033 1107 recenseo»

81 1125 130 1190 tur,
153 1126 239 1185 ruodo
263 1124 327 1185 iere
350 1142 470 1201 semper
492 1127 685 1202 deprecativo
705 1125 791 1203 juxto
806 1133 942 1189 veterem
965 1124 1023 1187 Ee·

82 1202 176 1266 clesiae
198 1224 339 1267 morem..
361 1204 506 1268 Ceterum
531 1209 773 1283 praetermittere
795 1226 853 1268 uon
876 1210 1022 1271 debemus

81 1284 288 1348 absolutionem
302 1287 462 1364 aliquando
480 1291 610 1365 perdice
626 1290 728 1365 plures
743 1292 901 1366 repetitam
913 1291 1017 1351 luisse.

81 1363 177 1429 Triuae
193 1364 380 1447 repetitionis
396 1370 545 1431 babemus
566 1371 740 1448 exemplum
763 1372 792 1429 iu
808 1370 940 1449 Epistola
957 1369 1023 1433 tlu-

83 1451 154 1523 gonis
185 1449 436 1529 Rotomaugeusis
467 1452 694 1527 Arcbiepiscopi
727 1453 806 1528 apud
829 1454 1020 1515 Willelmuru

82 1527 366 1611 ldaluresburieusem
390 1530 479 1597 Libro
502 1533 515 1593 l
537 1532 692 1594 Historiae
714 1530 880 1604 Nooettoo„
1023 1599 1025 1603 ,

113 1610 162 1693 ill.
187 1612 275 1675 Ritus
290 1616 474 1694 espergendi
499 1614 689 1677 Poeniterrtes
709 1633 788 1691 aqrra
812 1616 971 1677 benedicta
990 1620 1025 1675 et

82 1688 255 1755 thurificandi
271 1714 334 1765 eos,
359 1701 440 1757 extat
462 1698 490 1755 iu
512 1695 922 1775 antiquo-Romano'Ordirre
937 1703 969 1755 et
990 1697 1020 1754 iu

81 1772 134 1833 aliis
154 1776 249 1837 Libris
271 1777 506 1845 Pontifiualibus·
532 1777 665 1839 Tandem
687 1795 744 1837 cur
757 1775 933 1855 'Episcopus
956 1792 1023 1851 poe·

82 1853 192 1918 nitentes
208 1856 377 1929 thurificet,v
397 1858 474 1918 bene
490 1862 621 1920 arbitror
639 1875 709 1939 esse
731 1874 864 1927 causam,
888 1865 923 1919 ut
940 1859 1021 1933 ipsos

82 1937 182 1998 scilicet
198 1946 330 2014 moueat,
355 1946 387 2001 ut
407 1938 518 2000 Christi
541 1942 601 2002 sint
615 1939 807 2001 bonusouor
824 1941 860 1998 in
882 1940 964 2022 omui
978 1940 1022 1999 lo-

81 2032 119 2076 co.
145 2020 289 2099 totiquus
311 2024 673 2097 est-‚iusuper'ritus‚.ut
693 2018 880 2097 Episcopus,
906 2021 954 2081 ubi
977 2038 1021 2081 so·

82 2096 203 2161 lemuiter
220 2104 428 2165 reconciliavit
439 2104 639 2168 poenitentes,
653 2103 766 2185 eisdem
783 2104 1020 2165 benedictionem

82 2180 229 2245 solemnem
244 2187 449 2260 impertiatur.
465 2185 573 2245 Variae
586 2186 754 2245 aileruntur
766 2184 914 2245 formulae
926 2184 1021 2263 hujus
1036 2221 1038 2224 -
1058 2206 1061 2214 ·

82 2258 281 2343 benedictionis
303 2268 331 2325 in
353 2266 578 2329 pontificatibus
601 2267 720 2330 Libris..
745 2266 774 2323 iu
796 2267 907 2345 quibus
928 2269 1020 2327 etiam

82 2348 211 2415 quaedem
233 2350 356 2422 breves,
376 2349 529 2424 oueerlam
548 2349 725 2425 prolixiores
745 2356 824 2407 sunt.
849 2346 935 2419 Quod
957 2365 1021 2425 spe-

82 2430 130 2485 ctat
143 2430 175 2487 ad
193 2432 285 2490 ritum
301 2429 518 2509 impertiendae
534 2429 749 2491 benedictionis
758 2430 904 2489 manibus
923 2427 1020 2487 eleva·
1119 2444 1124 2452 ⁴

82 2505 121 2566 tis.
142 2515 170 2568 et
190 2513 334 2579 extensio,
358 2512 495 2589 exempla
518 2513 555 2571 de
575 2528 610 2571 ee
632 2529 666 2571 re
690 2511 836 2590 babemus
856 2511 966 2570 eximia
991 2510 1030 2569 in'

81 2582 168 2648 Veteri
188 2612 221 2652 ac
245 2592 331 2651 Novo
347 2592 551 2661 Testnmeutm
575 2607 671 2667 eoque
694 2593 791 2651 innuit
811 2592 942 2652 isaacius
957 2588 1021 2654 Ht-

83 2665 138 2729 bert
166 2674 192 2732 iu
214 2671 483 2744 Observatiouibus
511 2675 573 2734 suis
604 2674 642 2732 ud
666 2672 839 2738 pontificale
871 2672 1021 2734 coelestio

82 2744 198 2817 Graecae
220 2758 259 2817 od
275 2750 393 2815 Partem
409 2754 456 2815 Xl
478 2754 629 2831 Liturgia'e
645 2753 887 2826 Ordinationuru‚
910 2754 1022 2833 Obser-

82 2834 183 2895 totione
200 2838 237 2899 V.
263 2837 330 2897 Hac
346 2850 487 2897 manuum
503 2835 879 2913 protensionesignificare
900 2837 1021 2895 videtur

82 2906 242 2995 Episcopus,
266 2938 299 2980 se
323 2918 376 2991 llei
392 2928 529 2984 rnauum4
554 2918 611 2977 boc
627 2924 674 2978 est
695 2920 857 2992 potentiam
880 2919 1029 2993 implora.

85 3008 119 3062 re,
138 3016 169 3059 ac
192 3004 276 3061 uelut
298 3002 367 3060 dato
381 3001 483 3078 siguo,
507 3018 524 3061 e
546 3001 633 3060 caelo
653 3016 809 3059 accersere
831 3000 868 3057 ad
891 3013 1018 3057 munera

84 3080 177 3149 gratiae
191 3101 276 3143 suae.
301 3080 375 3142 Fuit
387 3090 545 3159 praeterea
568 3088 599 3142 et
613 3082 687 3141 olim
703 3081 790 3147 ritus,
814 3086 848 3140 ut
863 3078 1019 3145 Poeuiteu·

84 3159 119 3233 tes
137 3162 163 3220 iu
183 3166 300 3241 signum
324 3164 530 3241 promissionis
559 3182 617 3224 uon
646 3160 789 3240 peccandi
822 3162 1020 3237 imposterum

87 3243 111 3295 ri
127 3246 324 3308 conversionis
346 3262 419 3305 suae
441 3246 478 3305 ad
503 3245 675 3306 Dominum.
700 3261 808 3304 manus
830 3243 1018 3311 attollereut3

86 3316 191 3399 ejusque
212 3326 305 3388 moris
321 3326 593 3407 meminitquidem
616 3326 648 3387 ὃς
660 3326 780 3403 ¹Eligius
800 3322 934 3403 Humilia
948 3320 1019 3384 Vlll

88 3398 303 3471 indiscussae
327 3404 458 3468 Homini.
707 3427 709 3432 ·
758 3447 761 3452 <
829 3448 832 3452 ›

117 3481 163 3547 W·
185 3490 389 3553 Consecraudi·
405 3489 583 3549 chrismatis
606 3491 682 3548 ritus
702 3488 893 3563 spostolicae
915 3484 1020 3566 Tradi·
1046 3511 1048 3514 ’

89 3562 244 3642 licuisset,
277 3573 328 3634 eui
356 3571 559 3633 testimonium
588 3570 748 3647 perbibent
773 3575 894 3631 veteres
916 3568 1019 3631 Patres
