2517 4059
563 188 824 263 sapiebam

198 319 281 378 nium
303 318 544 385 (landavensem,
567 327 598 379 et
618 317 807 396 Cajetanum.
832 321 872 382 ht
887 320 981 383 multo
1003 320 1090 381 aliter
1111 320 1152 379 vi
1215 376 1220 385 .

197 407 263 461 sum
280 407 328 460 est
348 401 414 459 aliis
435 404 525 463 etiam
542 402 734 473 doctissimis,
759 409 790 463 et
811 404 943 478 antiquis
959 402 1152 471 Doctoribus‚

196 482 307 557 quihus
322 482 489 544 adbaerent
511 502 567 543 non
584 485 670 558 pauci
687 502 724 542 ex
740 485 970 545 recentioribus.
994 482 1050 543 Sed
1066 500 1156 560 prae·
1252 490 1253 521 r

196 568 256 623 stat
271 565 348 624 inter
363 565 436 624 alios
452 566 483 626 S.
497 566 576 625 Petri
592 564 730 625 Damiani
751 566 844 626 verba
869 566 1047 641 producere:
1063 564 1156 642 Virgo
1252 614 1253 629 ,

197 647 304 721 inqrrit,
322 646 356 703 in
372 644 602 707 Commentariis
618 645 684 706 Lib.
699 646 728 707 Π
750 665 834 707 num.
852 647 892 707 29
909 652 945 707 et
967 646 1007 705 30
1028 645 1154 731 festinat

196 726 238 785 od
255 726 417 798 Elisabeth,
445 741 471 790 et
486 729 580 788 tribus
595 728 744 789 mensibus
747 731 927 825 ’praesentio
941 748 997 787 sno
1011 736 1156 805 cognatae

197 806 345 905 dignatur
359 810 541 903 hospitium
568 809 658 869 donec
680 812 753 869 noni
777 811 883 871 mensis
899 810 978 891 pne,
1003 810 1152 875 concluso,

196 892 341 951 nativitas
365 890 501 953 immittet
527 890 735 951 Potricrchoe.

538 1086 542 1092 ·
578 1050 706 1114 CAPUT
728 1053 830 1113 vl.

279 1234 321 1276 ns
336 1232 434 1276 resno
449 1234 572 1277 usuras
588 1232 727 1276 vinarius
743 1233 785 1275 ns
800 1206 909 1277 uorr'a
925 1230 1084 1279 canusso.

238 1378 263 1439 l.
287 1378 316 1439 Si
340 1379 479 1439 Patribus
500 1376 709 1440 Carmelitanis
732 1379 902 1447 credimus,
927 1384 1061 1449 uetusta,
1087 1395 1157 1455 pro-

196 1461 347 1537 babitique
370 1460 485 1521 ratione
508 1462 681 1526 edocemur,
707 1460 770 1536 pios
792 1462 906 1539 aliquot
929 1462 1078 1525 homines,
1102 1460 1157 1535 qui
1252 1446 1253 1515 l

196 1543 331 1619 vestigiis
353 1541 530 1602 Sanctorum
546 1540 767 1617 Prophetarum
785 1540 881 1612 Elias,
904 1550 935 1604 et
957 1542 1047 1603 Elisei
1071 1540 1157 1601 insti·

196 1630 309 1691 terant,
332 1623 362 1684 S.
380 1624 498 1686 loannis
521 1624 673 1701 Baptistae
695 1625 888 1685 concionibus
910 1630 1060 1703 permotos
1082 1622 1213 1683 luis·

196 1724 241 1774 se,
259 1713 292 1765 ut
306 1708 404 1767 lesum
420 1705 573 1776 Christum
591 1706 772 1782 promissum
787 1690 817 1765 in
830 1706 894 1784 lege
907 1708 1046 1767 blessiam
1063 1721 1158 1781 agno·

196 1795 341 1856 scerent,
366 1793 397 1849 et
419 1793 610 1848 testarentur
635 1788 668 1848 ld
692 1793 857 1865 postquami
878 1790 1077 1866 praestitere,
1103 1804 1159 1879 po·

197 1871 303 1930 culiari
333 1870 462 1946 quodam
486 1868 596 1928 allectu
620 1868 827 1931 Beatissimam
851 1869 1034 1949 Virginem,
1068 1866 1157 1963 cujus

197 1951 367 2028 colloquiis,
391 1968 425 2009 ac
449 1951 652 2011 familiaritate
675 1950 733 2009 frui
756 1958 893 2029 potuere,
918 1954 993 2012 adeo
1016 1940 1157 2011 reiterari

198 2038 374 2110 coeperunt,
397 2037 432 2091 ut
454 2032 542 2107 primi
565 2034 700 2092 omnium
723 2032 753 2091 in
776 2051 812 2093 eo
835 2036 943 2095 montis
964 2031 1097 2093 Carmeli
1114 2033 1158 2093 lo·

197 2131 246 2184 co,
270 2115 321 2173 ubi
344 2111 424 2173 Elias
446 2114 517 2171 olim
540 2116 752 2174 ascendentem
768 2116 912 2177 nebulam
936 2114 1066 2191 Virginis
1083 2119 1158 2193 typo

196 2197 343 2271 insignem
366 2198 580 2271 conspexerat,
605 2197 702 2255 eidem
727 2198 904 2271 purissimae
926 2196 1041 2273 Virgini
1065 2195 1157 2255 sacel·
1252 2214 1253 2249 l

197 2278 265 2336 lum
285 2276 668 2354 construxerint,·aliaque
691 2278 789 2338 eidem
813 2280 911 2339 adhuc
936 2278 1047 2339 viventi
1070 2278 1156 2339 dein·
1252 2326 1253 2345 ,

196 2376 267 2435 ceps
289 2356 481 2416 adhibuerint
503 2358 644 2433 pietatis,
669 2362 950 2438 venerationisque.
962 2366 1153 2435 argumenta.

196 2440 239 2501 Ne
262 2439 334 2500 iero
358 2441 384 2498 id
403 2442 518 2498 temere
541 2439 651 2501 dixisse
673 2442 830 2502 videantur
845 2442 1035 2509 Carmelitae,
1061 2447 1155 2502 testes
1252 2440 1253 2479 t

197 2520 354 2599 proferunt
375 2521 537 2595 losepbum
561 2520 794 2591 Antiochenum,
820 2523 959 2583 loannem
976 2522 1157 2600 Hierosoly-

197 2605 370 2672 mitanum,
393 2609 424 2662 et
446 2601 604 2686 Cyrillum.
629 2603 716 2675 Quod
741 2606 766 2664 si
789 2605 825 2664 ad
847 2607 1037 2665 obtinendam
1062 2604 1155 2665 fidem'

197 2684 230 2746 hl
252 2679 324 2743 satis
346 2702 404 2742 uon
426 2680 503 2748 sunt,
529 2689 712 2747 recentiores
734 2686 933 2784 Scriptores''
916 2706 950 2745 us
973 2685 1152 2763 adjungunt,

197 2767 318 2841 atque
311 2785 339 2823 m
363 2767 466 2841 primis
489 2756 657 2825 Arnaldum
681 2768 855 2837 Bostrium‚
879 2771 913 2828 in
934 2767 1155 2846 Breuilopniam

195 2847 352 2907 Danielem
376 2867 392 2906 a
419 2846 542 2925 Virgine
568 2848 685 2918 Maria,
709 2852 737 2909 in
773 2850 868 2911 Vinea
895 2851 1155 2919 carmelitarum·

196 2930 330 3004 aliosque
353 2932 456 3010 etiam.
480 2929 598 3002 Quibus
622 2932 765 2997 tamen,
759 2932 854 3006 risque
876 2933 980 2999 etiam,
1004 2950 1080 3007 quae
1096 2930 1153 2993 Pe·
1252 2932 1253 3009 j

196 3017 261 3071 trus
275 3011 407 3071 Thomas
423 3010 591 3071 Saraceuus
607 3012 635 3069 iu
657 3012 893 3073 Carmelitorum
908 3012 1078 3089 Menologio
1094 3018 1154 3074 tra·

195 3091 250 3161 dit,
267 3094 413 3154 obsistunt
429 3094 607 3168 plerumque
623 3095 655 3167 ii,
679 3112 754 3171 quos
770 3094 895 3161 Criticos
910 3096 1063 3171 appellare
1085 3113 1152 3157 cou-
1180 3169 1183 3175 Ι

195 3176 360 3235 suevimus.
386 3174 479 3235 Iidem
504 3192 595 3249 porro
609 3172 712 3235 Critiet
736 3193 792 3235 non
808 3182 952 3236 verentur
975 3179 1153 3255 impugnare
1252 3192 1253 3251 ἢ

195 3256 269 3315 alias
284 3255 470 3317 carmelitici
488 3255 612 3315 Ordinis
629 3258 813 3317 traditiones.
839 3255 996 3318 Praeterea
1021 3267 1089 3319 nota
1106 3264 1152 3319 est

195 3339 343 3418 apparitio
357 3337 553 3397 Beatissimae
565 3335 696 3415 Virginis
719 3338 812 3399 Rcato
834 3337 945 3399 Simoni
969 3339 1059 3400 Stok·
1084 3356 1153 3399 nar·

195 3424 281 3478 ratur
288 3420 394 3487 enim,
419 3420 455 3478 ab
470 3437 504 3478 ea
521 3420 672 3495 praedicto
694 3422 786 3481 Beato
808 3420 974 3481 exhibitum
998 3422 1089 3482 luisse
1105 3439 1153 3481 sa·
1252 3446 1253 3451 ¹

194 3517 282 3558 crum
308 3497 539 3581 scapularem
554 3520 590 3561 ea
613 3500 732 3562 caelesti
757 3509 837 3562 veste
860 3500 952 3563 Sacer
974 3501 1056 3563 Ordo
1078 3502 1153 3565 Car·

196 3579 368 3641 melitarum
391 3583 625 3659 dignosceretur,
649 3588 680 3641 et
702 3602 718 3643 a
742 3584 827 3643 malis
854 3584 1060 3661 ingruentibus
1083 3603 1151 3662 pro·
1252 3618 1253 3651 l
