2517 4059
522 192 745 267 militm·

160 331 281 392 statur,
311 329 342 383 et
364 323 602 397 pulcherrimum
636 325 765 385 hahetur
789 321 913 385 Concilii
935 324 1114 387 erenrensis

159 406 328 467 decretum:
359 402 394 464 Ut
416 424 516 466 mensu
542 406 666 475 Christi,
689 405 764 467 idest
785 404 904 474 Aiture,
928 409 980 467 uhi
1003 409 1116 485 Corpus

160 487 284 548 Domini
305 498 507 554 cousecratur,
521 490 571 549 uhi
587 488 709 567 sanguis
724 490 787 567 ejus
801 489 953 557 hauritur,
970 492 1022 549 uhi
1039 488 1115 550 Sun-

160 580 274 630 ctorum
300 567 455 647 Reliquiae
477 569 691 639 reconduntur,
714 569 766 628 uhi
783 587 904 647 preces,
929 580 955 630 et
976 582 1043 632 uotu
1058 588 1114 649 po·

154 651 226 732 puli
246 651 279 711 iu
302 663 453 729 conspectu
466 651 523 711 Dei
543 671 562 711 u
584 651 744 715 Sacerdote
755 652 936 733 offeruntur,
951 672 1018 713 eum
1033 657 1115 713 omui

157 736 348 794 ueneratione
369 733 536 802 honoretur,
551 744 577 793 et
592 734 797 794 mundissimis
811 736 932 803 liuteis,
956 744 984 794 et
1007 733 1114 795 Pulliis

160 814 388 894 diligentissime
410 810 607 895 cooperietur.
624 814 691 878 Hae
716 833 841 876 numero
857 814 982 877 luerunt
996 822 1110 888 ternae,

158 904 190 959 et
212 899 307 974 prima
330 895 452 972 quidem
475 900 583 957 ceteris
605 898 821 974 aliquantulum
846 898 932 957 vilior
954 899 1113 959 suhrtruto·

160 980 240 1039 riuus
262 978 480 1058 appellabatur;
504 981 553 1039 eui
575 979 664 1043 duae,
681 980 766 1047 aliae,
782 977 926 1059 syndones
941 981 1049 1049 dietae,
1062 998 1113 1040 su·

160 1059 456 1139 perimponebantur.
480 1058 583 1121 Lintea
607 1061 778 1141 hujusmodi
806 1061 948 1122 exhibent
975 1106 982 1128 ,
1006 1070 1037 1123 et
1065 1079 1113 1122 re·

159 1148 353 1219 praesentant
383 1144 430 1203 vel
453 1140 649 1212 linteamina,
678 1143 785 1221 quibus
812 1141 922 1204 Christi
943 1144 1059 1221 Corpus
1082 1145 1111 1204 in

157 1222 325 1303 Sepulchru
348 1224 514 1284 involutum
537 1230 594 1295 est,
611 1232 642 1286 et
655 1226 720 1286 ideo
737 1226 764 1284 in
782 1225 863 1284 Actis
879 1223 1032 1288 Ecclesiae
1047 1224 1111 1287 lde-

157 1306 335 1367 diolanensis
358 1322 483 1383 mappae
511 1304 684 1384 hujusmodi
707 1309 845 1367 dicuntur
869 1305 1038 1375 Sinduncs;
1062 1309 1111 1367 vel

156 1393 382 1467 repraesentant
403 1388 562 1448 carrdorcm
585 1406 689 1449 sacrae
712 1389 907 1448 humanitatis
929 1389 1057 1453 Christi,
1080 1401 1111 1451 et

157 1469 225 1531 ideo
248 1490 307 1530 non
329 1477 416 1532 vacat
436 1468 523 1547 culpa
553 1472 595 1531 nti
621 1472 650 1531 in
673 1470 826 1531 Sacrificio
847 1471 964 1549 mappis
984 1474 1112 1532 immuu-

156 1552 213 1625 dis,
230 1551 278 1613 vel
300 1553 373 1612 alias
391 1552 606 1613 indecentibus.
623 1554 670 1613 Ex
691 1571 751 1630 quo
773 1554 801 1611 in
818 1551 887 1613 lure
902 1552 1038 1615 dicantur
1049 1554 1111 1611 iiu-

157 1642 206 1693 teu
227 1635 394 1705 deducitur,
411 1650 536 1709 mappas
550 1635 661 1696 debere
684 1654 750 1711 esse
766 1652 897 1712 pannum
913 1652 948 1695 ex
965 1634 1027 1694 lino
1043 1651 1109 1695 eon·

153 1714 281 1777 loetum.
304 1716 431 1793 Insuper
454 1714 490 1777 ad
513 1706 591 1777 idein
618 1718 768 1793 pertinent
789 1734 860 1777 unsa
882 1732 986 1788 aurea,
1010 1722 1040 1776 et
1061 1734 1110 1777 ar-

154 1804 284 1877 genita,
307 1797 410 1864 liures,
434 1798 542 1858 thecae
564 1800 712 1875 pretiosae
733 1816 802 1859 cum
818 1797 966 1875 Reliqniis
987 1797 1110 1859 Serrete-

153 1897 235 1951 rnm,
251 1888 282 1942 et
303 1880 360 1941 alia
382 1880 519 1960 ejusdem
544 1881 672 1959 generis,
688 1898 765 1957 qnae
781 1880 851 1940 licet
867 1882 1032 1941 necessaria
1049 1898 1108 1942 non
1131 1951 1134 1957 ι

153 1962 222 2032 sint,
248 1964 357 2033 solent,
382 1969 481 2022 tamen
504 1961 539 2020 ad
563 1968 702 2023 ornatum
719 1963 831 2024 Altaris
846 1962 993 2023 adhiberi.
1007 1962 1107 2025 Theo·

152 2044 274 2106 duretus
296 2044 362 2104 Lib.
389 2043 399 2103 l
422 2043 578 2104 Historiae
599 2042 823 2105 Ecclesiasticus
837 2042 910 2122 Cap.
927 2044 968 2104 29
983 2045 1107 2121 loquens

150 2124 188 2187 de
210 2127 389 2194 Eneaeniis,
415 2128 478 2187 sive
501 2127 726 2187 consecratione
747 2126 966 2205 Templorum,
990 2145 1067 2206 quae
1087 2145 1107 2187 a

150 2205 342 2269 Constantino
364 2198 472 2285 Magno
494 2205 715 2287 Hierosolymis
737 2209 892 2271 aedificata
913 2208 1047 2279 luerunt,
1065 2211 1106 2270 di-

149 2291 252 2351 vinum
276 2289 379 2351 Altare
401 2290 511 2350 anlaris
534 2290 706 2367 regalibus,
729 2294 870 2369 vasisque
901 2294 1002 2352 aureis
1024 2295 1106 2351 omni

150 2390 260 2449 genere
283 2390 470 2451 gemmarum
494 2373 709 2433 collucentibus
724 2380 863 2435 ornatum
884 2372 977 2434 fuisse
998 2375 1102 2434 refert

148 2450 193 2513 Ile
214 2451 352 2515 Floribus
373 2454 476 2531 positis
500 2456 527 2513 in
550 2455 647 2515 Altari
670 2457 875 2516 testimonium
899 2455 1047 2515 habemus
1068 2454 1100 2514 S.

149 2534 307 2614 Augustini
335 2536 400 2595 lib.
424 2534 519 2598 XXII
540 2536 577 2597 de
603 2536 731 2600 Ciuitate
753 2538 812 2599 Dei
832 2535 905 2611 Cap.
928 2536 959 2604 8,
983 2538 1034 2597 ubi
1057 2554 1105 2596 re-

146 2616 216 2686 fert,
239 2618 320 2695 qnod
342 2617 489 2678 Martialis
512 2619 635 2695 quidam
656 2617 845 2681 Christianae
866 2617 1028 2697 Religionis
1048 2619 1115 2679 hu·-

146 2701 200 2759 stis
223 2718 384 2761 conversus
417 2706 463 2760 est
483 2700 518 2759 ad
542 2698 643 2760 lesum
666 2700 820 2762 Christum
849 2706 972 2777 propter
993 2703 1104 2761 oratio-

148 2800 215 2841 nem
239 2781 347 2843 lautam
372 2782 408 2841 ab
431 2780 497 2860 ejus
517 2800 631 2924 ponere
659 2782 688 2841 in
711 2781 852 2843 Oratorio
875 2781 906 2843 S.
930 2781 1101 2861 Stephani,

145 2868 181 2923 et
191 2871 314 2941 propter
329 2862 433 2933 flores,
451 2863 500 2941 qui
536 2864 710 2943 xlllartyris
722 2863 818 2926 Alteri
834 2864 986 2942 desumpti
999 2868 1099 2925 erant.

144 2944 269 3006 Sanetus
290 2946 435 3013 Severus,
455 2949 487 3005 ut
509 2946 545 3006 de
567 2964 603 3007 eo
628 2945 721 3007 relert
734 2945 902 3025 Gregorius
917 2945 1101 3008 Turonensis

143 3026 232 3089 Libro
255 3028 298 3087 De
317 3026 422 3091 Gloria
448 3026 657 3107 Confessorum
677 3026 750 3106 Cap.
766 3027 817 3090 50:
842 3027 952 3090 Solitus
966 3037 1033 3087 erut
1046 3028 1099 3109 po-

143 3128 191 3170 ree
212 3110 343 3170 liliorum
369 3122 495 3191 tempore
524 3130 581 3190 quo
607 3120 776 3172 nuscuntur
800 3111 961 3190 colligere,
988 3128 1024 3171 ue
1042 3128 1100 3189 per

138 3192 270 3271 parietes
290 3193 378 3273 trojus
400 3191 482 3253 aedis
508 3192 687 3273 appendere.
