2517 4059
490 234 715 306 &33th-

127 374 186 423 xus
201 362 250 422 vel
267 365 363 441 pictus
378 362 424 423 vel
441 363 574 424 caelatus
590 366 723 442 primurn
737 362 836 425 locum
853 365 996 437 obtineat,
1009 367 1080 429 Cru-

126 442 250 504 cifirum
270 441 539 506 interCandelabra
553 446 722 522 ponendum
737 448 860 507 minime
876 450 1078 509 neceesarium

123 527 312 597 arbitratur,
336 523 369 585 u‘t
390 526 585 605 congregatio
607 527 660 589 SS.
684 528 809 589 Rituum
831 547 908 589 anno
932 528 1013 589 1663
1032 548 1079 590 re

123 608 253 686 spondit.
277 606 360 681 Quae
384 609 485 669 itidem
510 611 589 669 circa
612 612 827 686 quaestionem:
851 609 901 669 ,ln
921 630 1008 691 saper
1031 610 1080 672 Al·
1174 620 1177 626 '

123 700 200 759 tara,
216 691 250 750 iu
273 708 330 769 quo
353 690 580 752 sanctissimum
597 688 826 752 Sacramentum
843 693 1006 773 obpositam
1022 706 1074 761 ert,

126 772 216 835 Cruor
237 770 271 831 de
295 791 377 831 more
398 774 537 833 collocari
559 771 686 844 debcot;
707 776 737 834 in
759 779 879 851 tamque
907 776 997 834 variis
1018 774 1079 834 Do-

122 859 241 915 ctorum
265 856 419 915 sententiis
442 855 538 915 media
560 856 607 913 via
630 857 794 934 procedens
816 874 892 916 anno
916 855 994 916 17t1
1025 857 1074 919 dic

121 934 143 994 2
164 934 349 1013 Septembris
379 938 419 997 ita
440 937 597 998 decrevit:
628 941 661 998 ut
689 937 840 1015 quaelibet
861 936 993 999 Ecclesia
1015 956 1077 998 mo-

121 1035 187 1079 rem
211 1026 241 1080 et
262 1019 441 1088 institutum,
458 1019 537 1097 quod
559 1026 647 1091 autea
662 1026 846 1088 servaverat,
870 1021 899 1079 in
922 1026 1076 1099 posterum
1192 1069 1195 1076 .

122 1118 242 1178 quoque
265 1102 419 1161 retineret.

162 1180 202 1241 ll.
227 1178 403 1243 Communia
425 1182 560 1243 omnibus
576 1180 717 1244 Ecclesiis
737 1187 807 1243 sunt
828 1183 1024 1251 candelabra,
1041 1203 1075 1245 a·

121 1265 222 1340 liaque
244 1282 316 1324 vasa
338 1263 451 1324 affabre
474 1262 551 1324 lacta
574 1284 609 1323 ex
632 1283 717 1335 auro,
740 1272 875 1342 argento,
901 1267 997 1327 aliove
1013 1284 1075 1327 me-

124 1345 207 1411 tallo,
226 1346 334 1422 quibus
356 1344 432 1404 fixae
450 1346 602 1417 candelae,
618 1347 667 1407 vel
688 1346 840 1426 ellychnia
862 1349 928 1408 oleo
951 1348 1007 1408 lota
1023 1368 1074 1409 ac-

120 1427 325 1488 cendebantur
347 1428 384 1487 ad
407 1428 611 1505 praebendum
636 1429 750 1498 lumen,
767 1429 804 1488 ab
826 1431 897 1506 ipsis
918 1429 1075 1507 Apostolo-

119 1527 190 1569 rum
214 1511 398 1587 temporibus
419 1508 510 1572 fuisse
533 1512 562 1569 in
579 1509 726 1580 Ecclesia,
742 1512 810 1570 iude
832 1511 961 1571 ostendit
983 1512 1075 1573 Baro-

119 1592 187 1651 nius
210 1610 286 1651 anno
301 1590 341 1651 58
364 1591 431 1669 qula
454 1592 504 1652 hic
527 1612 597 1655 usus
617 1592 680 1672 jam
702 1598 771 1653 ante
785 1591 902 1669 vigebat
918 1594 995 1668 apud
1011 1591 1074 1655 He-

120 1673 238 1740 braeos,
262 1674 369 1751 quibus
393 1675 421 1732 in
444 1673 581 1752 Templo,
595 1681 625 1736 et
641 1676 784 1736 lucernae
799 1690 958 1734 succensae
974 1683 1072 1744 erant,

122 1762 152 1814 ct
173 1773 302 1817 aureum
332 1754 551 1818 Candelabrum
585 1757 855 1835 pretiosissimum,
879 1755 973 1814 Exodi
997 1754 1070 1835 Cap.

121 1835 210 1897 XXV
233 1837 351 1916 egregie
374 1838 569 1916 descriptum.
593 1838 691 1911 Quam
713 1856 784 1899 vero
807 1846 981 1913 sumptuosa
997 1837 1072 1900 haec

121 1924 231 1990 essent,
256 1922 327 1981 satis
349 1931 524 1998 expressum
548 1921 695 1981 habemus
716 1919 794 1998 apud
815 1919 1017 1987 Anastasium‚
1041 1928 1074 1983 et

121 2000 221 2071 alios,
246 2004 296 2079 qui
318 2000 511 2063 Summarum
534 2000 711 2062 Pontificum
734 2002 858 2060 donaria
881 2009 1072 2065 recensentes

120 2083 298 2161 frequenter
321 2091 499 2145 enumerant
521 2084 630 2161 pharos
652 2087 816 2150 coronatos,
829 2083 981 2158 lampades
1003 2101 1072 2147 curn

120 2164 283 2242 delphinis,
308 2171 337 2227 et
358 2166 495 2226 lucernas
516 2183 622 2228 aureas
636 2173 726 2242 atque
742 2171 912 2241 argenteas,
926 2166 1072 2243 multique

120 2247 272 2325 ponderis,
290 2248 318 2306 in
341 2248 449 2325 quibus
471 2265 528 2306 non
550 2246 645 2308 solum
667 2266 743 2315 cera,
760 2255 790 2307 et
812 2247 913 2308 oleum
936 2266 1071 2308 commu-

120 2346 182 2397 ne‚
207 2331 258 2391 sed
280 2329 436 2406 aliquando
465 2330 564 2389 oleum
588 2330 836 2408 pretiosissimum
858 2336 888 2389 et
915 2330 1072 2406 opobalsa-

121 2428 205 2471 mum
228 2412 451 2471 incendebatur.
475 2409 531 2470 His
553 2418 655 2473 autem
676 2414 755 2471 vasis
776 2412 859 2471 dives
881 2419 945 2470 erat
967 2410 1072 2472 Eccle-

121 2495 165 2553 sia
187 2494 276 2552 etiam
300 2494 354 2553 sub
377 2493 503 2553 ethnicis
524 2493 771 2570 Imperatoribos,
795 2494 844 2569 qui
867 2492 960 2568 ipsam
983 2494 1072 2553 deva-

120 2574 249 2636 stabant.
274 2574 306 2634 In
330 2576 412 2635 Actis
434 2576 512 2635 enirn
535 2574 801 2635 Proconsularibus
822 2575 949 2635 traditae
971 2575 1072 2653 legun·

120 2664 171 2717 tur
203 2658 232 2716 in
256 2655 357 2717 Africa
390 2658 530 2716 ministris
551 2655 727 2716 Diocletiani
750 2657 889 2716 lucernae
913 2664 1071 2732 argenteae

120 2743 264 2815 septem,
288 2756 397 2799 aeneae
418 2738 556 2799 undecim
590 2756 659 2799 cum
682 2738 795 2797 catenis
817 2737 904 2801 suis,
929 2738 1070 2801 candelae

121 2823 229 2881 breves
245 2838 354 2881 aeneae
376 2838 446 2880 curn
468 2820 598 2881 lucernis
620 2818 682 2880 suis
697 2825 822 2896 septem.
840 2816 870 2878 S.
884 2817 981 2878 Lucas
996 2822 1065 2881 Act.

121 2901 266 2980 Cap.XX
282 2904 350 2972 vfl,
360 2907 390 2961 et
404 2899 424 2960 8
436 2903 510 2963 bene
523 2898 631 2962 r'nultas
642 2919 782 2961 accensas
794 2900 946 2977 lampades
961 2918 997 2960 eo
1013 2902 1070 2962 loci

122 2985 253 3056 extitisse
274 2984 377 3051 refert,
393 2984 443 3043 ubi
466 2983 496 3045 S.
513 2983 623 3044 Paulus
638 2985 759 3059 longum
778 2999 946 3043 sermonem
965 2982 1070 3045 habuit

121 3067 219 3143 prima
242 3066 446 3126 hebdomadae
468 3066 523 3136 dio,
541 3084 633 3142 quam
655 3063 833 3125 Siccanas
855 3065 933 3125 diem
951 3062 1070 3125 Domini

119 3150 312 3225 nuncupavit.
331 3148 376 3208 Ad
400 3165 511 3207 annum
533 3145 593 3206 230
608 3148 722 3225 insigne
745 3148 915 3225 prodigium
937 3148 1069 3224 contigit,

83 3276 86 3283 ,
121 3246 181 3307 quo
205 3229 285 3290 Deus
305 3228 582 3309 lerosolymitanam
605 3227 770 3289 Ecclesiam
794 3231 940 3290 luminum
958 3229 1070 3289 laetitia

120 3311 255 3372 orbatam
278 3329 433 3372 remanere
456 3305 512 3371 non
535 3329 641 3389 passus
663 3315 718 3379 est,
743 3309 891 3373 Eusebius
912 3312 991 3371 enirn
1014 3309 1071 3369 Hi-

119 3394 226 3455 storicc
247 3392 468 3455 Ecclesiasticcc
489 3392 555 3453 Lib.
573 3392 616 3452 Vl
638 3391 709 3470 Cap.
731 3392 752 3451 7
774 3392 937 3454 memoriae
960 3392 1068 3469 prodit,

120 3494 190 3535 cum
213 3477 312 3536 oleum
342 3474 519 3543 deiecisset,
543 3474 695 3555 lampades
716 3492 843 3543 omues,
867 3474 898 3535 S.
922 3473 1070 3554 Episcopo

120 3555 259 3617 Narcisso
284 3556 431 3635 jubente,
456 3575 533 3637 aqua
555 3574 593 3617 ex
616 3557 754 3633 proximo
775 3562 866 3635 puteo
892 3558 999 3617 hausta
1022 3574 1070 3617 re-

38 3683 42 3693 .
115 3637 215 3715 pletas
238 3640 342 3701 melius
358 3641 477 3711 arsisse,
495 3656 585 3718 quam
601 3640 625 3700 si
641 3640 754 3718 optimo
769 3640 836 3701 oleo
853 3639 981 3700 refertae
997 3638 1069 3700 luis-

887 3735 901 3761 ξ
