2517 4059
5 368 9 395 ,
111 339 193 382 carm
214 317 342 382 dicimus
364 318 405 380 od
428 316 626 382 Patreas‘Et
648 337 685 378 sc
706 337 759 381 nor
780 318 910 381 inducas
929 323 964 382 in
987 331 1082 384 tenta·

112 403 246 464 tionem.
277 401 353 462 ltem
382 401 570 479 Augustinus
597 401 741 464 Sermone
765 401 829 462 126
857 402 893 462 de
920 401 1082 484 Tenpore:

3 480 8 572 J
113 483 233 548 Moneo
254 502 305 544 uos
326 484 511 551 clarissimi,
534 492 569 544 ut
587 501 707 562 precem
728 483 894 561 lepitimom
916 483 1029 554 Petri,
1052 494 1081 546 ct

113 567 190 628 Deo
217 564 398 647 offerendam
426 573 496 626 ento
519 563 652 624 dr’scatr's.
679 563 725 624 Ab
746 565 852 626 eodem
883 568 973 628 etiam
1003 568 1080 630 baec

113 646 231 710 Oratio
252 648 380 707 coelestis
401 645 579 724 appellatur.
598 645 752 707 Brevitate
772 663 828 706 sua
842 649 1081 718 commendatur,

114 736 249 807 propter
272 747 362 811 quam
384 727 422 788 ab
443 728 525 787 omni
547 732 667 794 aetate,
692 733 723 788 et
743 746 838 798 sexu,
863 748 880 789 a
903 731 1027 792 rudibus
1049 736 1082 790 et

115 813 298 889 imperitis,
323 828 379 870 non
403 810 502 870 urinus
523 825 615 884 quam
639 809 757 886 ingenio
785 816 819 870 et
837 810 970 871 doctrina
993 829 1082 890 prae·

114 894 272 956 stantibus
294 893 366 958 viris
389 891 554 952 memoriae
569 891 774 951 commendari
796 890 884 952 iacile
900 899 1007 968 potest.
1030 893 1081 953 Di-

2 965 3 1001 ³
115 977 227 1036 vinam
242 976 328 1034 istam
344 973 521 1034 Orationem
545 973 682 1034 caelestis
694 972 852 1035 doctrinae
868 977 1081 1051 compendium

115 1056 156 1118 S.
178 1055 347 1135 Cyprianus
369 1059 466 1114 vocat.
490 1054 597 1130 ltaque
618 1059 649 1114 et
671 1055 854 1131 plenitudine
877 1073 932 1115 saa
955 1057 1082 1117 caeteris

3 1136 7 1150 '
117 1139 309 1200 orationibus
330 1135 482 1198 antecellit
497 1133 653 1196 Dominica
666 1134 780 1202 Oratio,
805 1139 875 1212 quia
891 1136 963 1196 nibil
988 1137 1082 1198 inilia

117 1218 380 1298 praetermittitur
395 1235 502 1280 eorum
518 1233 596 1292 quae
619 1235 637 1276 a
653 1216 716 1276 lleo
733 1217 883 1292 postulare
897 1215 1001 1279 fideles
1016 1237 1080 1297 pos·

118 1307 197 1363 sunt
228 1319 263 1360 ac
287 1300 406 1360 debent.
432 1299 627 1378 septenarius
655 1297 705 1360 ille
727 1300 903 1373 petitionum
938 1318 1082 1362 numerus

4 1385 12 1456 J
117 1382 362 1448 Beatitudinibus
378 1379 567 1456 Evangelicis
583 1385 613 1446 et
626 1388 743 1458 septem
759 1381 852 1439 Donis
866 1380 995 1458 Spiritus
1009 1381 1081 1443 Sau-

4 1459 6 1532 ᾏ
119 1467 163 1526 cti
193 1465 368 1540 respondet.
400 1461 431 1523 S.
454 1459 620 1540 Cyprianus
648 1463 678 1520 in
700 1461 843 1524 Tractatu
871 1463 909 1521 de
937 1461 1081 1525 Oratione

5 1569 6 1595 ³
118 1545 281 1608 Dominica
307 1546 396 1605 docet
424 1544 501 1604 lianc
529 1545 698 1606 orationem
726 1543 763 1602 ad
790 1543 976 1605 Christianos
1004 1544 1083 1606 solos

118 1630 289 1706 pertinere:
307 1625 405 1686 Homo
426 1625 804 1700 recompensatorem,
828 1636 855 1686 ct
869 1625 931 1685 Deo
951 1644 1005 1686 suo
1023 1644 1082 1706 per

120 1712 189 1792 eius
210 1711 341 1788 proriam
363 1711 536 1770 restitutus,
558 1707 659 1785 primo
679 1707 714 1766 ia
734 1706 796 1766 loco
817 1705 893 1767 dicit
914 1706 1007 1768 Potor
1027 1727 1081 1768 no-

3 1785 5 1859 ,¹
119 1801 185 1854 ster
207 1792 274 1870 quia
297 1807 325 1850 cr
350 1789 504 1850 incoctis.
528 1785 635 1848 Oratio
657 1787 814 1848 Dominica
842 1790 1014 1864 quotidiana
1035 1795 1082 1850 est

118 1871 259 1934 fidelium
283 1871 443 1941 medicina,
468 1877 502 1932 ut
523 1869 631 1933 docent
651 1869 705 1930 SS.
722 1869 836 1939 Patres,
860 1876 892 1929 et
912 1873 990 1930 inter
1005 1871 1080 1933 alios

3 1947 5 1988 ³
117 1954 153 2018 S.
180 1954 376 2031 Augustinus.
402 1949 486 2012 llaec
513 1929 618 2012 O'ratio
639 1951 870 2014 Catccbumenis
902 1952 1080 2014 tradebatur

2 2079 4 2110 ,
120 2043 192 2114 post
215 2034 455 2114 Symbolumex
478 2030 631 2094 Ecclesiae
654 2031 841 2108 Disciplina,
872 2041 902 2095 et
923 2041 990 2110 post
1010 2039 1079 2094 octo

3 2165 4 2177 ,
118 2118 186 2181 dies
209 2135 225 2176 a
242 2115 489 2192 Competentibus
512 2113 706 2181 reddebatur,
731 2113 818 2183 idest,
834 2116 1029 2182 recitabatur,
1047 2119 1082 2175 ut

119 2205 192 2262 aute
208 2197 352 2272 Baptismi
369 2196 587 2272 susceptionem
604 2199 725 2256 nossent
741 2214 798 2256 non
813 2197 911 2256 solnm
926 2198 998 2272 quid
1014 2214 1081 2258 cre·
1163 2239 1173 2250 κ

119 2281 208 2350 dere,
226 2279 277 2340 sed
294 2297 397 2353 quem,
414 2284 444 2336 et
458 2273 607 2350 quonrodo
630 2277 773 2338 invocare
787 2277 943 2347 deberent,
961 2285 996 2338 ut
1011 2296 1078 2339 oon·

119 2365 182 2424 etat
207 2379 245 2422 ex
270 2359 428 2436 Augustini
457 2356 653 2419 Sermonibus
674 2357 769 2423 tvl,
792 2357 876 2420 Lvll
893 2402 912 2421 .,
926 2358 1022 2420 tvllt
1046 2366 1078 2421 et

117 2441 206 2502 LIX.
230 2439 316 2500 Hanc
339 2438 515 2500 Orationem
536 2440 681 2517 ignorare
703 2442 782 2501 nolti
799 2441 972 2503 Christiano
994 2441 1076 2511 licet,

119 2523 220 2600 inquit
234 2523 400 2582 Concilium
418 2520 567 2584 Remunse
582 2518 610 2580 ll
631 2539 710 2582 anuo
725 2519 787 2580 813
808 2523 1006 2591 celebratum,
1023 2522 1078 2584 Ca·

119 2622 200 2668 noue
222 2605 262 2664 ll.
286 2603 535 2680 eramplurimae
557 2607 640 2671 sunt,
665 2609 699 2663 ut
720 2603 771 2662 vix
792 2621 842 2662 eas
863 2604 950 2665 iacile
972 2621 1079 2664 nume·

119 2705 187 2756 res,
212 2695 374 2753 veterum,
399 2684 624 2759 recentiumque
648 2682 739 2760 hujus
760 2686 980 2746 sacratissimae
1001 2683 1078 2746 Ora·

120 2769 210 2831 tionis
232 2769 444 2843 expositiones.
470 2764 550 2825 Bene
584 2764 694 2824 multas
727 2766 804 2826 iuter
825 2772 961 2827 caeteros
984 2766 1076 2828 nostri

120 2853 267 2928 temporis
289 2848 457 2924 Scriptores
480 2847 599 2924 collegit
620 2863 658 2906 ex
674 2843 725 2904 SS.
743 2843 885 2909 Patribus
899 2845 1078 2909 Franciscus

3 2926 7 2941 ¹
118 2933 250 2994 Amatus
282 2930 397 3008 Pouget
419 2928 506 2987 Tom.
531 2925 560 2987 ll
585 2926 771 2988 Cotcclrcacos
799 2926 880 2988 Part.
906 2927 925 2986 3
953 2927 1080 2992 Sect2

119 3011 192 3090 Cap.
213 3011 230 3071 l
254 3020 272 3084 p
290 3014 307 3072 1
330 3017 360 3069 et
382 3028 445 3085 seq.
468 3028 485 3069 a
509 3027 576 3087 pag.
595 3005 657 3066 sut
679 3023 775 3084 usque
796 3009 833 3069 ad
848 3008 920 3079 669,
944 3010 993 3070 ubi
1009 3015 1078 3088 post

120 3095 255 3172 singulas
279 3094 458 3168 petitiones,
483 3107 590 3151 aarum
615 3091 753 3164 proprias
774 3093 990 3168 explicationes
1012 3109 1079 3170 my·

121 3178 212 3242 sticss
233 3177 323 3234 etiam
347 3179 437 3250 atquc
461 3170 654 3251 symbolicas,
672 3173 815 3248 appositis
836 3175 971 3250 ipsorum
992 3179 1077 3234 rete·

119 3275 189 3322 rum
211 3257 376 3316 Doctorum
401 3254 525 3314 testibus
554 3253 707 3328 aptissime
730 3253 859 3328 protect.
880 3253 975 3314 Suam
998 3254 1077 3332 pari·

121 3346 168 3403 ter
184 3338 366 3414 singularem
392 3336 510 3395 tandem
534 3337 671 3394 meretur
686 3334 787 3394 brevis
809 3335 945 3412 ejusdem
961 3335 1080 3397 Oratio·

1 3429 3 3488 l
120 3422 210 3484 tionis
227 3417 400 3486 Dominioae
424 3416 580 3494 expositio,
604 3432 695 3490 quam
717 3433 755 3474 ea
772 3417 918 3478 nonnullis
940 3419 1076 3478 itoman-

1 3491 3 3576 l
119 3504 213 3580 liquis
226 3499 439 3576 Scriptoribus,
453 3498 578 3573 aliisque
594 3496 696 3561 medii,
709 3513 745 3556 ac
757 3499 890 3558 recentis.
900 3501 966 3559 aeri
978 3498 1077 3562 Theo·

1 3603 2 3610 ¹
79 3597 85 3608 ¹
120 3583 208 3664 logis,
233 3599 288 3644 nec
312 3599 369 3642 nou
392 3579 563 3645 clarissimis
578 3575 877 3657 Sacraesoripturac
899 3580 1076 3658 Interpreti·
