2517 4059
455 225 680 297 *wiltu*

79 352 185 414 ficetis
208 354 280 413 locis
302 359 395 432 patet.
411 355 491 415 llicti
506 361 576 415 snut
592 354 746 434 majores,
772 363 803 416 et
825 356 966 421 minores,
985 374 1042 417 non

79 454 101 493 a
129 436 308 513 praestantia
325 437 489 501 materiae,
512 436 563 496 sed
586 456 603 496 a
626 438 851 513 magnitudine,
876 438 920 496 vel
945 439 1042 514 parvi·

80 522 151 577 tate
174 518 263 576 vasis.
288 516 383 576 Erant
414 525 444 579 ct
466 517 582 579 Calices
608 517 766 598 offertorii
780 562 786 585 ,
816 520 865 594 qui
889 512 999 596 Ca'ngio
1021 520 1041 579 ii

79 600 230 659 videntur
252 614 337 662 esse,
363 600 391 657 iu
414 617 491 674 quos
505 602 645 670 amulae,
662 602 775 660 scilicet
790 602 849 658 viui
866 600 1041 671 oblationes,

81 681 118 738 in
140 679 302 755 ampullis,
326 684 357 736 et
379 679 487 755 phialis
511 683 645 758 positae,
664 700 678 739 a
699 679 833 739 [liaconis
848 682 1045 741 retundeban-

81 765 150 820 tur.
175 761 223 819 Ab
245 767 369 820 auctore
390 762 511 821 demum
535 762 616 822 Libri
640 761 821 823 Pontificalis
844 764 943 823 variae
965 760 1043 822 Cali-

79 860 156 902 cum
181 842 294 916 species
317 848 533 903 enumerantur
556 845 711 903 nimirum:
739 843 831 906 Colias
850 847 1042 923 praecipuus,

71 923 271 1002 pensantilis.
300 922 457 1000 fundatos,
482 942 640 1003 gemmeus,
664 925 851 987 reticulatus.
875 936 1041 995 catenatus,

81 1015 234 1065 ansatos.
259 1015 450 1081 tetragonus,
474 1015 502 1065 et
523 1006 731 1084 imaginatum
748 1006 910 1080 dequibus
932 1008 1044 1083 specie-

80 1087 144 1145 bus
168 1085 284 1144 abunde
306 1089 367 1160 egit
387 1085 523 1146 Andreas
538 1086 698 1167 saussajus
720 1088 749 1146 in
773 1085 920 1165 Panoplia
939 1084 1045 1146 Soror-

83 1166 184 1227 dotoli
206 1165 270 1225 Lib.
293 1165 363 1226 Vlll
388 1184 456 1245 pag.
475 1168 490 1225 1
513 1164 587 1245 Cap.
604 1168 680 1228 xlv
703 1176 760 1229 art.
775 1167 813 1226 ll.
833 1168 1044 1245 Antiquiorum

82 1246 224 1307 Calicem
241 1247 370 1307 lormam
385 1248 556 1316 rotundam,
571 1255 690 1326 patente
703 1256 869 1326 apertoque
884 1269 937 1310 ore
954 1248 1044 1310 luisse

83 1333 194 1389 censet
224 1328 403 1389 vicecomes
430 1330 496 1390 Lib.
523 1330 565 1393 Vl
591 1331 629 1390 de
656 1330 766 1393 Missae
794 1336 949 1407 Apporotn
971 1329 1051 1407 Cap.⁴

83 1408 166 1470 XIV
189 1410 218 1468 in
241 1409 310 1470 tine.
336 1410 431 1470 Porro
446 1412 483 1470 de
498 1414 593 1472 sacris
607 1414 799 1489 antiquorum
815 1410 977 1481 Callcibus,
995 1430 1046 1471 eo·

83 1510 219 1566 rumque
243 1494 388 1557 materia,
412 1491 531 1557 torma,
555 1495 648 1554 variis
663 1493 842 1568 speciebus,
867 1492 991 1568 liguris,
1015 1499 1047 1553 et

85 1573 261 1632 nominibus
283 1573 397 1649 legendi
426 1582 495 1634 suut
516 1573 624 1649 loseph
646 1576 847 1642 vicecomes,
872 1574 915 1633 Dc
937 1572 1045 1634 Missos

86 1652 250 1733 Apparere
273 1654 340 1713 Lib.
364 1654 405 1713 Vl
421 1654 494 1731 Cap.
511 1654 543 1726 83
560 1654 706 1720 Casalius,
731 1657 768 1716 de
790 1655 885 1737 sacris
903 1653 1047 1715 Cirrisrio·

85 1754 198 1794 norum
221 1736 329 1795 ritibus
350 1734 423 1812 Cap.
447 1736 486 1805 11;
511 1737 647 1796 Andreas
669 1737 841 1815 Saussajm,
860 1738 888 1794 iu
912 1753 963 1793 sua
989 1732 1046 1795 Po·

87 1817 193 1893 neptia
215 1816 402 1877 sacerdotali
424 1817 475 1877 lib.
496 1817 579 1885 vlll:
604 1817 742 1886 Rellotle,
765 1821 794 1877 in
822 1818 882 1876 suls
909 1813 1047 1875 Odseroa·

86 1894 219 1957 tionibus
238 1898 279 1957 od
300 1899 379 1958 ritus
402 1896 550 1960 Ecclesiae
564 1897 773 1958 laudunensis
789 1919 817 1974 p.
837 1895 897 1956 tte
913 1902 944 1955 et
959 1914 1043 1974 seqq;

87 1977 214 2038 Marcus
236 1978 385 2039 Antonius
408 1979 583 2044 Boldettus,
607 1981 637 2039 iu
665 1990 758 2055 opere
790 1979 888 2039 italice
921 1984 1044 2037 exarato

93 2057 304 2119 Osscmazioni
325 2079 413 2137 sopra
433 2062 446 2119 i
472 2061 621 2124 Ccmctera'
644 2058 751 2123 dc’SS.
776 2061 910 2119 dlartiri.

130 2139 184 2199 lV.
206 2139 288 2200 luter
310 2160 396 2202 sacra
419 2142 517 2211 Vasa,
541 2161 621 2220 quae
644 2140 682 2221 (l)
706 2143 741 2202 ad
757 2140 967 2203 Sanctissimae
983 2139 1043 2200 Eu·

88 2221 249 2283 cbaristlae
272 2241 359 2282 usum
376 2242 392 2283 a
410 2226 513 2301 primis
536 2242 630 2300 risque
647 2224 831 2301 temporibus
847 2223 963 2282 addicta
980 2222 1044 2281 lue·

87 2321 145 2370 re,
170 2302 268 2362 nullus
289 2304 407 2364 dubitat
428 2306 627 2366 recensendas
648 2322 712 2365 esse
737 2302 886 2373 Potrnasr
910 2305 951 2363 sle
967 2304 1054 2366 dicta

89 2402 107 2443 a
129 2384 279 2461 patendo,
302 2402 362 2460 qua
384 2404 547 2447 recensus
567 2394 615 2446 est
627 2382 795 2445 Columella
811 2385 876 2444 Lib.
894 2383 955 2445 ΧΗ
970 2383 1043 2460 Cap.

88 2463 141 2524 ld.
159 2464 266 2525 Graeci
283 2466 393 2526 Diaron
413 2473 533 2529 vocant.
551 2466 597 2527 An
613 2466 751 2527 Salvator
773 2472 980 2527 consecratum
998 2481 1045 2541 pa-

88 2564 158 2606 nem
189 2545 218 2604 in
249 2547 353 2619 disco,
376 2566 429 2608 seu
464 2554 569 2625 patena
602 2550 758 2626 posuerit,
783 2566 841 2607 uon
874 2547 1046 2621 exprimunt

87 2624 323 2704 Evangelistae:
352 2629 421 2709 ejus
449 2636 549 2689 tamen
582 2647 669 2689 usum
699 2630 765 2689 aeri
793 2626 956 2706 Apostolici
978 2642 1046 2687 esse

89 2706 225 2786 liturgia
241 2708 339 2769 lacobi
357 2711 498 2771 ostendit.
512 2708 654 2771 Formam
671 2708 851 2771 Pateuarum
867 2725 1044 2777 concavam,

89 2790 313 2867 rotundamque
335 2791 448 2860 luisse,
465 2792 545 2853 baud
562 2789 689 2850 dubium
706 2834 713 2859 ,
731 2792 760 2849 id
776 2792 855 2851 enim
870 2834 876 2857 ,
894 2807 963 2849 cum
981 2789 1044 2865 ipsa

84 2870 218 2932 Patenae
241 2874 466 2934 nomenclatura
488 2873 610 2950 pandit,
629 2877 692 2931 turn
716 2872 778 2948 ipsa
802 2872 962 2931 necessitas
984 2869 1045 2931 erl·

89 2953 201 3031 gebat:
225 2959 258 3013 ut
278 2953 391 3015 scilicet
412 2954 544 3031 aptiori,
568 2958 600 3013 et
620 2952 816 3012 commodiori
840 2949 936 3011 lorma
959 2967 1046 3026 cape-

88 3039 138 3094 ret
158 3034 296 3100 oblatas.
320 3054 396 3111 quas
419 3035 562 3097 rotundas
585 3033 676 3095 luisse
691 3034 877 3093 demonstrat
890 3032 972 3093 Bona
989 3028 1046 3091 Rc·

90 3133 160 3175 rum
183 3112 412 3194 liturgicarum
434 3114 497 3176 tit.
522 3114 579 3175 m
595 3112 668 3191 Cap.
686 3113 737 3175 23.
756 3114 828 3173 Nam
852 3114 920 3174 licet
944 3112 1047 3190 primis

89 3196 243 3257 Ecclesiae
272 3199 459 3274 temporibus
493 3197 621 3272 integri,
646 3214 681 3256 ae
703 3195 786 3256 solidi
820 3212 933 3273 penes,
959 3192 1046 3270 cuju·

90 3295 238 3354 scumque
264 3277 403 3356 figurae,
427 3279 474 3338 vel
502 3277 617 3338 formae
646 3276 766 3345 terent,
790 3294 806 3335 a
830 3274 981 3336 Fidelibus
1003 3270 1047 3333 ot·

90 3356 264 3429 terrentur3
290 3360 404 3437 reddita
427 3365 526 3420 tamen
549 3359 703 3420 Ecclesiae
727 3376 822 3438 pace,
846 3363 996 3419 servatam
1012 3352 1046 3413 sr-

90 3456 196 3516 guram
214 3442 374 3502 rotundam
389 3483 397 3509 ,
413 3458 467 3501 seu
482 3440 684 3502 orbicularem
702 3446 805 3501 notant
819 3439 923 3501 Patres
937 3434 1044 3497 Graeci

125 3609 161 3670 ll)
180 3597 267 3673 bauli,
279 3610 318 3659 Dr
336 3610 441 3662 Potane
454 3611 581 3673 argenteo
595 3605 813 3663 forocorneiiosa
824 3607 887 3673 Cap.
901 3606 914 3656 1
930 3608 957 3655 ct
969 3614 1044 3669 seqq.
