2517 4059
435 183 661 256 *2127th

71 330 121 393 per
131 312 380 372 resurrectionem
393 314 489 373 citum
503 312 705 373 immortalem
719 321 747 373 et
767 312 1027 393 incorruptibilem

74 395 228 456 incloocit.
254 390 349 453 Iocus
363 405 472 462 nutem,
496 396 531 453 in
552 412 609 472 quo
623 413 675 454 noe
695 394 870 463 lectitemus,
894 406 933 454 est
947 397 1027 455 locus

73 476 270 553 penerntionis
284 486 316 535 et.
332 476 551 552 corruptionis:
573 470 622 534 sed
643 476 721 535 loeus
742 477 871 537 coelestis
885 488 925 536 eet
946 478 1027 537 locus

73 556 317 635 incorruptionis.
341 554 381 617 Et
395 556 462 615 ideo
484 574 545 617 non
557 556 617 634 [uit
639 557 822 625 conueniens,
846 556 924 636 quod
938 557 1025 621 Cleri·

73 650 127 699 etot
148 649 219 715 post
242 641 493 698 resurrectionem
514 648 682 697 remaneret
704 637 738 695 t'n
760 642 859 706 terris,
887 637 937 698 sed
957 658 1026 699 eon·

73 721 183 780 ueniens
211 719 298 797 fuit,
329 718 406 798 quod
432 718 605 780 ascenderet
633 719 667 777 in
697 720 819 779 eoelum.
851 718 1023 797 Congruum
1129 736 1132 743 '

74 805 158 863 etiam
187 800 268 867 tuit.
304 808 337 860 ut
358 801 521 861 ascendens
554 802 583 859 in
606 800 725 861 eoelum
748 818 835 860 etlnrn
859 801 1024 861 humanum

73 901 176 958 corpus
200 882 277 941 illuc
292 887 473 958 asportaret,
495 881 627 950 utillud,
648 882 730 956 quod
755 887 798 940 tol
813 883 915 959 poenis
930 886 959 941 et
974 899 1025 957 op·

75 965 220 1039 probriis.
245 963 319 1022 dum
342 962 390 1024 hic
412 969 578 1041 pateretur,
602 961 773 1039 subjecerat
794 968 825 1023 et
847 962 1025 1023 humiliave-

75 1051 124 1113 rat,
138 1045 302 1121 ⁴particeps
325 1042 437 1105 iaceret
458 1045 571 1123 gloriae
592 1050 623 1103 et
646 1044 789 1121 triumphi
799 1040 858 1104 'sui
882 1045 1023 1105 incaelo:

74 1145 127 1202 quo
142 1126 287 1200 exemplo
303 1127 504 1187 excitaremus
518 1133 548 1187 et
570 1143 624 1185 nos
647 1126 683 1185 ad
700 1126 885 1203 affligendam
901 1142 1024 1186 carnem

75 1209 98 1264 in
115 1210 214 1273 terris,
241 1206 369 1267 fidentes
390 1225 458 1281 eam
482 1226 534 1267 nos
549 1206 705 1267 habituros
721 1207 831 1285 gloriae
854 1213 1023 1268 consortem

74 1288 99 1345 in
119 1290 223 1349 coelis.
243 1287 367 1347 Poterat
387 1288 509 1364 quidem
526 1288 674 1355 Salvator,
698 1295 816 1371 peracto
838 1306 893 1367 per
916 1288 1027 1367 passio·

76 1386 135 1429 nem
151 1377 182 1429 et
203 1375 338 1431 mortem
362 1369 512 1432 humanae
526 1370 750 1447 Redemptionis
772 1388 806 1429 ao
821 1389 892 1431 suae
910 1369 1026 1430 missio·

75 1451 112 1509 nis
132 1452 304 1529 mysterio,
329 1468 425 1526 eoque
458 1469 511 1528 per
532 1450 798 1512 Resurrectionem
821 1450 1022 1523 confirmato,
1125 1516 1128 1523 ¹

75 1536 165 1592 satim
180 1534 220 1593 ad
237 1533 360 1592 coelum
382 1534 460 1593 unde
482 1533 679 1596 descenderat
700 1532 813 1594 reverti
833 1551 940 1596 rurum
954 1549 1026 1597 curn

76 1610 124 1672 hoc
138 1615 303 1683 distulerit,
328 1618 359 1672 et
379 1614 415 1673 ad
439 1616 633 1694 quadraginta
649 1615 712 1674 dies
733 1617 926 1693 protraxerit,
949 1630 1025 1688 quae

77 1709 157 1755 eausa
172 1696 280 1760 luerit.
305 1702 424 1770 praeter
445 1696 747 1763 suamvoluntatem,
772 1696 888 1772 assequi
910 1712 967 1754 non
984 1695 1025 1752 ita

76 1774 153 1837 tuelle
174 1783 231 1839 est.
261 1775 293 1835 ld
317 1781 417 1837 tamen
440 1778 593 1848 voluisse,
616 1775 767 1855 conjicere
789 1794 970 1856 possumus,
994 1778 1027 1833 ut

77 1870 139 1918 suae
153 1858 400 1920 Resurrectionis
426 1860 585 1921 ueritatem
609 1859 639 1917 in
661 1860 800 1920 cordibus
824 1856 1024 1918 dubitantium

77 1936 284 2015 imprimeret:
309 1939 345 2015 ad
368 1939 426 1999 hoc
440 1942 520 2001 euim
544 1942 658 2017 aliquot
679 1940 743 2000 dies
764 1939 924 1999 necessarii
946 1936 1024 1995 vide·

76 2016 184 2082 tantur.
210 2020 260 2081 Ad
276 2021 359 2081 hunc
382 2018 469 2081 fierem
494 2040 597 2083 omnes
611 2019 678 2097 ejus
700 2022 900 2097 apparitiones
922 2020 1025 2097 dirige·

78 2096 188 2162 bantur.
214 2104 259 2163 nt
272 2120 419 2178 quorsum
441 2103 478 2163 ad
494 2098 690 2181 quadraginta
707 2102 770 2163 dies
792 2102 951 2167 distulerit,
976 2118 1026 2161 ae·

79 2182 168 2256 nigrua
182 2189 240 2244 est.
268 2181 346 2242 lllud
370 2189 468 2243 tamen
491 2186 608 2246 solvere
628 2188 755 2245 conatur
777 2182 808 2243 S.
827 2183 1024 2260 Augustinus,

79 2278 123 2321 seu
136 2264 209 2325 alius
233 2271 353 2333 annor,
377 2268 546 2343 quaestione
558 2262 598 2327 26
620 2264 698 2325 inter
720 2266 872 2341 sexaginta
893 2264 1025 2341 quinque

80 2342 110 2399 ad
123 2342 277 2411 Orosium,
300 2345 437 2415 dicendo,
455 2345 568 2408 lactum
584 2348 643 2406 hoc
659 2346 761 2417 luisse,
779 2353 814 2406 ut
828 2346 1025 2424 quadraginta

80 2423 186 2486 circiter
208 2427 356 2488 horarum
375 2429 569 2496 absentiam,
602 2446 663 2505 quo
685 2426 841 2490 moriendo
862 2425 1024 2505 discipulos

80 2520 140 2565 snos
158 2509 360 2569 vehementer
374 2509 549 2580 afflixerat,
576 2510 771 2587 quadraginta
794 2508 911 2567 dierum
937 2522 1025 2586 prue-

80 2589 175 2659 sentia,
199 2596 363 2666 antequam
384 2591 421 2655 ad
444 2590 563 2651 Patrem
587 2591 715 2660 rediret,
740 2594 961 2667 compensaret.

112 2667 150 2727 V.
170 2670 336 2747 Reliquum
351 2677 408 2743 est,
432 2678 466 2733 ut
480 2668 632 2749 adjuncta,
657 2689 735 2749 quae
757 2671 947 2731 detensionis
959 2685 1026 2748 my·

83 2751 194 2813 sterium
217 2754 438 2822 circumstant,
460 2770 705 2830 persequamur;
728 2770 805 2830 quae
828 2756 897 2811 sunt
919 2749 1023 2818 loeus,

82 2832 197 2910 tempus,
221 2834 349 2902 modus,
373 2838 579 2912 spectatores,
603 2835 781 2900 comitatus,
805 2839 836 2892 et
858 2831 1023 2896 miracula,

84 2926 150 2985 quae
168 2914 246 2977 Deus
269 2916 300 2973 iu
322 2916 396 2975 tanti
411 2915 547 2993 mysterii
571 2917 749 2976 memoriam
773 2914 864 2973 edere
885 2912 936 2972 diu
959 2927 1026 2989 per-

85 2999 230 3057 urerent.
257 2996 363 3057 Tradit
383 2996 480 3056 Lucas
501 2996 598 3073 capite
620 2997 727 3057 ultimo
748 2994 847 3055 lesum
870 2992 1026 3054 Christum

85 3069 240 3152 Discipulos
263 3078 422 3139 adduxisse
445 3078 475 3137 iu
496 3076 686 3145 Bethaniam,
711 3078 805 3153 iisque
821 3074 1022 3135 benedixisse:

87 3148 119 3212 Et
137 3158 249 3234 suctum
272 3170 314 3219 eet
336 3157 409 3217 dum
430 3158 632 3227 benediceret,
655 3158 773 3219 recessit
796 3157 832 3217 ob
855 3157 906 3225 eie,
932 3164 959 3215 et
981 3154 1024 3231 fe·

88 3236 195 3299 retotur
209 3242 243 3300 in
258 3242 391 3308 cocturus
414 3239 492 3315 quod
508 3239 632 3316 quidem
655 3242 778 3301 innuere
799 3236 930 3307 videtur,
954 3254 1026 3295 eum

89 3316 259 3382 eBethania
285 3324 314 3381 in
336 3318 453 3381 coelum
477 3320 655 3381 ascendisse.
679 3320 793 3383 Verum
826 3319 904 3379 idem
927 3316 1026 3378 Lucas

90 3397 141 3457 tet.
155 3404 356 3481 Apostolorum
376 3398 450 3479 Cap.
467 3401 482 3463 1
504 3420 534 3462 v.
553 3401 592 3461 12
607 3408 744 3471 testatur,
761 3399 933 3478 Apostolos,
949 3402 1026 3475 post-

91 3488 166 3546 quarn
180 3482 335 3546 Christum
350 3484 490 3545 uiderunt
511 3484 681 3544 ascendisse
704 3484 731 3541 in
747 3483 876 3546 coelum,
901 3480 1024 3541 rediisse

90 3552 318 3647 Hierosolymam
340 3584 360 3626 u
382 3576 501 3635 monte,
525 3565 579 3645 qui
599 3574 725 3627 uocatur
751 3561 859 3624 Oliveti
871 3605 879 3634 ,
909 3562 963 3642 qni
984 3571 1026 3622 eet
