2517 4059
551 204 775 277 ΜΒΝ·

187 333 333 401 crementi
356 350 452 408 usque
473 333 510 391 ed
527 335 705 411 completam
728 331 975 393 communionem
999 330 1145 393 Sacerdo-

189 418 228 474 tis
250 415 450 484 celebrantis,
474 415 666 492 aliorumque
688 416 712 475 si
734 414 830 475 adsint
851 414 1108 473 communicandi.

566 576 694 639 CAPUT
716 576 771 637 lll.
869 621 873 628 ,

317 758 359 800 nu
381 758 481 802 rusro
504 756 726 803 snuorrssursu
749 754 1019 824 ruuanorrrmnrs.
1138 814 1146 829 θ

231 902 257 962 l.
281 902 491 963 Sanctissimae
512 902 760 963 burnunciutiouis
788 899 823 960 B.
847 900 959 961 Mariae
982 900 1145 961 Festivltes

189 985 231 1045 25
253 986 353 1045 Martii
375 986 424 1044 die
438 984 621 1045 celebratur.
648 984 843 1053 denuntiatio
859 983 890 1044 S.
908 981 1027 1043 Mariae
1043 984 1147 1059 appel-

192 1069 271 1126 latur
293 1068 322 1123 in
345 1066 586 1126 Sacramenterio
608 1066 640 1126 S.
653 1062 801 1141 Gregorii,
817 1063 1034 1124 Kelenderinm
1057 1062 1149 1123 Fron·

190 1148 268 1207 tonis
290 1147 384 1208 habet
406 1147 604 1229 denuntiatio
620 1146 755 1205 Domini.
781 1145 812 1204 ln
829 1144 1068 1223 Hieronymiauo
1090 1145 1148 1205 Lu›

189 1230 272 1288 censi
294 1225 465 1288 Florentinii
481 1230 644 1290 scribitur:
670 1226 866 1286 Adnuntiatio
884 1224 1010 1288 Sanctae
1024 1225 1149 1287 Mariae
1214 1295 1218 1303 Ι

191 1310 227 1369 da
246 1309 452 1389 Conceptiano.
475 1309 615 1388 Hispanis
630 1309 703 1369 olim
718 1307 872 1367 Fartiaitns
887 1309 1064 1367 Dominicae
1079 1306 1149 1369 Ma·

133 1393 136 1397 ’
192 1393 259 1459 tris,
281 1401 335 1451 aut
354 1389 471 1451 Festum
492 1393 524 1453 S.
546 1391 680 1470 Virqinis
695 1390 819 1458 Mariae,
843 1396 875 1449 ut
890 1408 926 1449 ex
941 1390 1074 1451 Concilio
1089 1389 1150 1447 Tn-

191 1474 291 1533 letano
313 1474 431 1534 decimo
454 1473 527 1550 Cup.
552 1474 566 1534 l
593 1480 625 1533 et
645 1490 681 1532 ex
704 1470 813 1531 Codice
836 1470 934 1547 legum
960 1472 1150 1550 Wisigotha-

193 1573 259 1613 rum
283 1554 349 1613 Lib.
367 1554 430 1615 Xll
446 1557 492 1616 tit.
511 1554 531 1613 3
552 1554 624 1631 Leg.
642 1555 661 1613 6
676 1553 836 1629 colligitur.
863 1552 895 1611 ln
911 1552 1044 1613 Concilio
1059 1552 1149 1613 Trul-

191 1637 260 1696 leno
282 1654 371 1697 saera
386 1638 504 1715 [eustoc
519 1634 729 1697 Nuntiotionis
751 1632 822 1700 dies,
846 1636 893 1695 vel
911 1636 1045 1694 absolute
1062 1632 1150 1696 Nuu-

192 1720 279 1779 tiatia
300 1720 480 1795 appellatur.
506 1718 539 1777 ln
561 1717 721 1778 Ordinnrio
742 1714 925 1779 Corbeieusi
949 1721 980 1776 et
1000 1715 1147 1782 Tutiensi:

192 1796 378 1859 Aunuciatio
401 1798 575 1859 Dominica.
599 1798 633 1858 ln
654 1798 831 1859 Celenderio
854 1798 1001 1876 Lyrensi:
1026 1807 1151 1861 Annua·

192 1882 284 1941 ciatio
297 1881 423 1943 Christi.
448 1881 481 1941 ln
505 1882 655 1958 plerisque
678 1882 757 1940 enim
781 1878 1004 1955 Martyrnlogiis
1028 1878 1152 1938 Adnuit*

193 1965 286 2023 ciatio
307 1963 468 2023 Dominica
490 1964 620 2037 legitur,
645 1969 676 2023 el
699 1962 728 2020 in
751 1960 1152 2037 KelenderioNeupolitnuo

193 2045 392 2129 ennuntiatio
408 2044 531 2103 Domini
545 2044 626 2104 Iera.
650 2042 864 2103 Tbomessinus
887 2042 922 2101 rie
934 2039 1086 2102 Fastorum
1101 2060 1152 2100 ca-

189 2122 350 2184 tabrationc
373 2125 439 2183 Lib.
455 2124 483 2184 ll
506 2124 579 2202 Cep.
599 2126 637 2185 te
660 2144 742 2185 num.
761 2124 782 2183 2
804 2131 905 2193 tenet,
927 2124 1022 2185 ullum
1044 2124 1150 2185 exiere

189 2192 228 2265 de
251 2205 308 2265 hac
331 2203 505 2266 Festivitnte
526 2205 871 2267 documentumfirmue
893 2204 962 2266 fidei
984 2210 1053 2267 ente
1075 2204 1152 2266 Con·

189 2286 293 2346 cilium
309 2286 485 2347 Trulluuum
509 2286 762 2365 Constantinopoli
786 2288 923 2347 barbitum
944 2306 1022 2347 enno
1037 2286 1101 2347 692
1122 2289 1152 2345 in

191 2386 251 2445 quo
275 2368 467 2445 praecipitur,
491 2388 528 2429 ne
552 2388 605 2447 per
619 2369 888 2447 Quedregesimem
913 2370 1061 2447 integrum
1078 2370 1153 2429 blis-

189 2468 241 2511 see
258 2448 445 2511 Sacrificium
462 2458 635 2530 peragatur,
657 2456 870 2531 praeterquam
885 2450 1024 2519 Sabbato,
1049 2459 1077 2509 ct
1088 2449 1152 2509 Do·

188 2534 327 2601 minian,
361 2541 388 2590 at
408 2532 519 2593 Sartcta
540 2534 791 2593 denunciationis
812 2533 871 2592 clia.
905 2532 949 2592 De
971 2532 1151 2608 antiquitate

190 2612 284 2691 hujus
306 2613 374 2673 lesti
397 2621 514 2674 constat
534 2633 573 2675 ex
593 2613 624 2677 S.
639 2613 799 2692 Augustini
823 2614 993 2675 testimonio
1017 2615 1045 2672 in
1060 2610 1150 2673 Libro

189 2692 238 2756 IV
256 2693 292 2753 de
308 2691 459 2755 Trinitatc
480 2696 554 2772 Cup.
571 2696 590 2756 5
613 2696 665 2757 ubi
683 2696 757 2757 baec
781 2696 890 2756 habet:
916 2696 998 2757 Sicm
1018 2696 1150 2775 annaio·

189 2776 273 2836 tribue
296 2774 445 2837 traditum
459 2778 624 2857 suscipiens
647 2776 945 2837 Ecclesiae-custodit
967 2779 1150 2847 auctoritas,

189 2868 293 2919 octauo
315 2854 470 2918 Kalendas
490 2858 604 2939 Aprilis
626 2870 782 2938 concaptus
803 2860 935 2921 creditur
964 2854 1151 2939 (Christus)

190 2958 248 3016 quo
270 2948 298 2999 at
315 2958 433 3018 passus.
468 2939 596 3017 Insuper
617 2938 787 3001 Concilium
809 2942 988 3002 Toletenum
1012 2938 1043 2998 X
1073 2958 1153 2999 anno

110 3085 119 3101 .
185 3019 251 3081 656
273 3021 310 3079 dc
332 3021 391 3081 hoc
413 3022 490 3081 sesto
513 3028 668 3099 tamquam
692 3023 729 3082 de
745 3022 823 3098 lusto
842 3020 904 3100 jum
927 3022 978 3081 diu
1000 3021 1150 3092 instituto,

189 3109 222 3162 et
243 3102 281 3162 ab
302 3104 450 3162 universis
471 3105 593 3180 passim.
618 3100 763 3166 Ecclesiis
786 3112 920 3180 recepto.
946 3102 1078 3179 loquitur
1093 3103 1154 3165 Cn·
1223 3106 1228 3114 '

188 3201 267 3244 none
288 3184 305 3244 1
325 3183 376 3245 ubi
397 3186 593 3259 conqueritur
615 3187 694 3261 quod
718 3187 746 3243 in
771 3186 873 3246 multis
894 3183 1059 3263 Hispaniae
1082 3202 1153 3262 per-

188 3266 270 3325 tibus
290 3266 384 3343 liujus
406 3264 532 3327 Sanctae
556 3264 688 3343 Virginis
712 3268 823 3328 lentum
858 3284 915 3326 uon
939 3284 1000 3325 uno
1022 3264 1071 3326 (lie
1093 3284 1151 3344 per

186 3365 294 3407 omnes
316 3348 384 3407 nuni
400 3346 531 3407 circulos
553 3353 670 3424 agetur.
694 3348 742 3409 Arl
762 3348 855 3427 buJ'us
878 3345 1049 3407 festivitatis
1072 3349 1153 3410 ritus

191 3430 322 3504 pertinet
336 3428 518 3489 Constitutio'
537 3426 632 3506 Sergii
658 3428 755 3507 Papae
771 3428 783 3489 l
798 3430 848 3505 qui
864 3429 982 3490 saeculo
1004 3428 1080 3489 vixit
1102 3447 1152 3490 se-

188 3510 301 3587 ptimo,
324 3509 361 3569 (le
376 3510 433 3571 hac
456 3508 616 3571 testivitate
633 3512 766 3587 loquitur
788 3517 942 3587 tamquam
959 3510 1054 3597 multo
1076 3518 1149 3572 ente

188 3590 335 3653 institute.
363 3590 541 3663 Constituit,
564 3603 597 3654 ut
619 3591 719 3653 diabm
744 3592 994 3654 denunciationis
1009 3596 1070 3652 etc.
1093 3595 1149 3653 Li·
