2517 4059
559 116 763 191 *9⁸3-

186 248 228 309 ris
250 246 352 316 Nono,
375 264 451 325 quae
466 248 540 309 hora
563 247 622 310 diei
644 247 832 313 duodecima,
856 252 888 307 ct
908 246 1064 309 occidente
1079 246 1139 307 sole

186 328 372 397 liniebatur,
395 329 474 391 unde
496 330 592 390 noctis
614 330 735 405 vigiliae
755 330 869 407 pariter
892 334 1024 405 quatuor
1047 330 1137 389 duce·

186 411 258 471 hant
273 410 443 471 exordium.
467 414 554 473 Ratio
570 417 673 472 autem
690 413 731 473 sic
745 411 896 471 dividendi
912 411 1069 471 duodecim
1084 411 1136 470 hn-

186 510 236 553 ras
258 510 433 553 communes
467 495 495 554 in
521 500 653 570 quatuor
680 494 847 569 praedictas
880 499 979 568 partes
1008 491 1140 570 majores

186 580 265 642 crat,
287 575 355 649 qrria
379 574 557 635 Sacerdotes
580 574 692 635 loduici
714 581 844 649 cuatuor
866 577 924 635 illis
944 574 1003 634 diei
1026 580 1139 648 tempo

187 656 270 717 ribus
293 653 423 734 (nempe
444 658 525 717 circa
546 655 694 726 Primam,
723 656 864 723 Tertiam,
888 656 1007 717 &atam
1027 663 1060 716 et
1082 654 1141 716 No·
1238 657 1243 666 '

187 754 259 795 nom
281 736 416 797 solebant
438 756 507 798 suas
531 755 637 814 preces
657 746 690 798 ct
710 736 867 803 sacrificia,
887 738 1008 813 aliaque
1029 738 1067 797 ad
1089 737 1141 798 lu·
1242 739 1243 744 ’

178 819 302 879 daleam
321 818 505 893 Religionem
518 819 698 893 pertinentia
715 837 857 896 peragere
871 837 878 877 :
904 820 982 878 unde
994 818 1050 878 hae
1067 836 1144 894 qua-

155 918 158 923 ’
188 906 257 961 tuor
272 901 500 977 appellabantur
511 898 613 959 Horae
628 918 746 960 scaros.
758 902 862 960 Altera
878 902 1036 960 sententia.
1050 917 1142 976 quam

187 980 232 1043 (ΙΙ.
250 983 447 1043 Weiteoaver
463 980 562 1043 Nolae
583 980 777 1043 nndrcem
791 981 864 1056 Cap.
881 981 941 1041 XV
955 1000 986 1041 v,
1003 980 1045 1041 25
1065 983 1143 1057 opti-

187 1081 268 1123 mam
292 1069 393 1123 censet
414 1072 445 1124 cl
476 1066 666 1139 nuncetiam
688 1065 868 1123 auctoritate
901 1062 933 1121 S.
956 1062 1141 1128 Clementis,

188 1143 218 1205 S.
237 1142 341 1219 lgnalii
366 1142 407 1203 M.
423 1142 630 1215 confirmatur,
654 1150 700 1204 est
715 1146 874 1219 explicatio
889 1143 1030 1208 hiberae,
1055 1144 1143 1206 Com·
1241 1207 1242 1210 ,

186 1228 337 1285 montorio
366 1225 563 1285 islanorum
592 1224 665 1301 Cap.
688 1224 770 1285 XlX
796 1242 827 1283 r.
851 1225 918 1294 1t;
944 1232 975 1285 et
1002 1225 1141 1295 Bullati,

187 1302 335 1384 deoosoa
360 1307 511 1385 Critiquu
532 1304 620 1367 Tom.
638 1306 666 1367 ll
688 1324 772 1367 num.
789 1306 846 1377 31η
870 1313 901 1367 et
923 1308 1067 1373 illorum,
1091 1308 1142 1383 qui

187 1386 292 1447 dicunt
314 1394 395 1447 recte
417 1390 508 1449 asseri
541 1408 557 1449 a
581 1387 613 1448 S.
637 1388 740 1449 Marco
763 1386 863 1447 lesum
884 1388 1041 1448 Christum
1063 1389 1141 1447 horo

187 1471 278 1529 lartio
301 1468 391 1530 luisse
414 1468 592 1529 crucifixum
608 1491 623 1539 ;.
648 1471 718 1544 quia
740 1475 812 1529 lunc
834 1468 947 1529 Pilatus
969 1472 1014 1528 oh·
1030 1470 1144 1529 clamo-

186 1568 237 1611 res
260 1548 452 1617 ludaeorum,
476 1551 623 1629 crodfipc,
647 1549 801 1629 crucifipc,
825 1549 978 1611 Christum
1001 1550 1037 1610 ad
1060 1568 1144 1610 mor·

187 1638 247 1693 tem
279 1631 385 1691 Crucis
415 1634 472 1691 iam
502 1632 688 1699 destinavu;
722 1637 753 1691 et
780 1635 893 1709 pariter
923 1641 1004 1693 recte
1035 1632 1094 1691 dici
1125 1650 1144 1691 a

187 1713 218 1775 S.
243 1712 354 1773 loaone
374 1732 444 1775 eum
468 1712 646 1773 crucifixum
670 1730 736 1772 esse
767 1716 846 1773 circa
876 1716 980 1773 loram
1002 1724 1141 1776 sectam.

187 1796 258 1872 quia
292 1800 363 1855 lunc
385 1792 541 1857 crucifixio
565 1812 670 1871 reapse
684 1803 812 1869 peracta
833 1803 890 1855 est.
925 1795 1047 1854 Marcus
1067 1812 1143 1871 ergo

188 1877 334 1951 originem
358 1883 390 1938 et
422 1878 560 1942 inititium
583 1874 790 1936 Crucilixionis
821 1894 875 1952 per
897 1878 1002 1935 horam
1021 1875 1144 1935 tertiam
1245 1895 1246 1898 ¹

186 1958 340 2023 indicavit,
359 1958 483 2017 loannes
498 1976 571 2019 vero
588 1957 657 2036 ejus
670 1960 877 2018 executionem
894 1964 925 2017 et
939 1959 1144 2034 complemen-

187 2043 251 2099 tum
275 2056 328 2113 per
350 2040 453 2099 horum
475 2048 588 2098 scalam
610 2039 783 2116 assignarit.
807 2039 912 2113 Quoad
929 2046 1049 2115 tempus
1068 2056 1143 2097 vero
1189 2054 1195 2064 ·
1245 2093 1247 2108 ‚

187 2121 293 2183 aetatis
310 2120 418 2179 mortis
437 2118 639 2187 lesuChristi,
664 2138 720 2179 non
744 2138 802 2180 una
824 2126 869 2180 est
894 2118 1070 2180 Sanctorum
1088 2120 1143 2179 ra-
1245 2159 1246 2186 ,

186 2200 395 2275 tramopinic.
419 2198 789 2277 Eumenimlannovilae'
810 2219 884 2262 suae
905 2204 997 2279 triges
1074 2219 1141 2261 cru·
1245 2189 1246 2260 l

187 2278 309 2343 cifixum
331 2298 397 2343 csse
429 2282 566 2343 scribunt
586 2280 726 2343 Clemens
747 2282 990 2353 Alexandrinos,
1042 2280 1147 2341 ilrol
1245 2279 1246 2348 i

185 2360 390 2433 Stromclum,·
411 2361 623 2434 Tertullianus,
637 2361 726 2425 Libro
741 2364 885 2425 aduersas
898 2364 1037 2427 ledaeos.
1052 2363 1141 2423 llanc
1245 2355 1246 2408 3

186 2445 504 2509 senteutiamluenlur
519 2444 614 2505 lulius
627 2445 799 2517 hlricaous,
823 2446 902 2523 apud
918 2444 1142 2522 Hieronymum
1245 2493 1247 2512 ,

185 2524 216 2583 in
238 2522 335 2602 Caput
356 2524 401 2585 lX
426 2525 573 2598 Danielis,
597 2534 628 2588 et
648 2526 834 2597 lactantius,
858 2527 924 2587 Lib.
949 2526 992 2587 IV
1014 2522 1144 2587 Institu-
1245 2523 1246 2602 l

185 2607 303 2669 tionum
323 2604 395 2683 Cap.
419 2608 456 2679 l;
486 2606 658 2685 Origenes,
696 2606 838 2668 Tractatio
861 2607 986 2669 XXXV
1011 2608 1041 2665 in
1064 2608 1144 2669 Mar-
1245 2643 1246 2660 κ

187 2686 333 2759 thaeum3
357 2688 534 2751 Philaslrius
556 2690 739 2757 Brixiensis‚
763 2686 851 2749 Libro
877 2689 912 2749 dc
937 2689 1144 2760 Hocrcsihus3
1245 2685 1246 2764 l

186 2768 450 2853 ct‘Chrpsologns,
475 2771 620 2833 Sermone
644 2771 716 2841 1513
741 2771 845 2832 volunt
866 2789 937 2831 eum
960 2771 1053 2831 luisse
1076 2788 1145 2847 pas·
1245 2797 1246 2834 ς

186 2866 253 2913 sum
276 2870 353 2912 anno
370 2854 524 2929 trigesimo
539 2855 636 2929 primo
658 2855 737 2913 ritae
752 2870 836 2920 suae,
860 2857 891 2911 et
905 2852 936 2914 S.
954 2852 1143 2929 Epiphanius
1245 2897 1246 2920 ,

186 2951 264 2995 anno
286 2936 440 3011 trigesimo
462 2935 615 3000 secundo,
645 2939 677 2994 et
704 2934 873 2995 Chronicon
902 2934 1142 2995 Alexandrinum

187 3033 265 3077 anno
280 3017 433 3093 trigesimo
448 3021 568 3092 errario.
591 3015 724 3085 interea,
746 3032 817 3075 cum
833 3016 924 3074 tacito
940 3015 1070 3092 quodam
1086 3012 1144 3075 Ec·

186 3097 296 3159 clasiae
310 3115 456 3157 consensu
473 3098 608 3173 probatu,
621 3100 712 3172 atque
733 3097 825 3159 etiam
848 3098 1017 3157 communis
1040 3096 1144 3157 videa·
1245 3133 1246 3168 3

186 3183 236 3239 tur
258 3179 379 3255 opinio,
404 3176 559 3239 Christum
592 3185 749 3238 mortuum
780 3194 848 3238 csse
871 3178 1025 3256 trigesimo
1055 3179 1144 3239 lertio
1245 3179 1246 3182 ’

89 3302 92 3307 -
186 3262 293 3323 achlin
314 3278 387 3321 suae
409 3278 498 3323 anno.
522 3277 575 3321 scu
597 3260 740 3328 ineunte,
764 3277 819 3320 seu
839 3257 902 3337 jam
924 3260 1054 3337 expleto,
1077 3259 1142 3321 sire

186 3342 277 3405 otiam
300 3342 395 3403 tribus
417 3340 523 3401 additis
543 3340 708 3408 mensibus,
732 3346 767 3402 ut
779 3341 965 3403 existimarit
980 3341 1140 3412 Baroniua,

186 3422 312 3502 Imperii
334 3422 445 3485 Tiberii
468 3422 586 3485 decimo
607 3428 727 3494 oolam,
750 3423 799 3484 rel
821 3422 1030 3488 decimonono.
