2517 4059
452 178 457 187 ”
567 185 791 259 ammom-

168 366 176 377 .
206 336 250 380 se.
276 316 338 379 Sub
360 316 417 377 boc
439 330 546 393 genere
570 314 680 376 Missae
696 314 848 377 sollemnis
874 316 1042 378 continetur
1066 316 1159 377 Missa

205 400 346 477 Papalis;
377 398 432 458 sub
454 395 559 457 eodem
582 416 693 474 genere
725 400 897 457 continetur
924 397 1036 474 paritet·
1065 396 1158 459 Missa

204 479 357 542 Pontilicia
380 479 577 556 Episcopalis,
601 479 688 557 cnjus
710 482 797 547 ritus,
820 484 851 538 et
872 478 1088 539 Caeremoniae
1103 480 1155 541 de·

204 564 377 624 scribuntur
400 562 427 621 in
442 560 652 623 caerimoniali
669 559 900 638 Episcoporum.
916 561 959 621 oe
976 562 1013 621 iis
1029 567 1160 623 tractant

203 645 369 712 Castaldus,
393 643 534 722 Eanldry,
559 642 672 710 llissus,
695 641 851 704 Gerlacrls.
867 641 1005 713 Vinitor;
1024 662 1078 707 nen
1101 663 1158 705 non

204 728 288 789 Paris
315 728 352 787 de
379 724 494 786 Crassis
522 725 593 785 olim
621 725 861 803 Apostolicarnm
888 723 1157 789 Caeremoniarirm

204 810 359 889 Magister,
383 813 414 867 et
430 807 594 885 Episcopus
608 806 793 868 Pisaurensis
817 807 844 866 in
860 805 952 867 Libro
974 808 1023 867 cui
1039 808 1154 869 titulus:

203 892 248 953 De
274 890 476 954 Coeremom’is
500 886 737 957 Cordinolium,
768 899 795 949 et
818 888 1031 970 Episcoporum
1058 890 1093 947 in
1115 908 1158 949 eo-

204 992 275 1035 rum
298 972 493 1035 Dioecesibur.
517 970 653 1045 Denique
680 969 737 1035 snb
763 970 824 1036 hoe
849 987 958 1047 genere
986 973 1157 1032 continetur

204 1057 294 1116 Missa
311 1054 486 1121 abbatialis,
504 1052 540 1112 de
555 1052 645 1130 cujus
659 1052 787 1120 liitibus,
804 1044 1048 1114 etCaeremoniis
1063 1061 1156 1129 agunt

204 1139 382 1213 praesertim
405 1135 564 1195 Zacharias
586 1153 603 1193 a
623 1133 758 1206 Mutina,
781 1138 816 1194 in
840 1134 1065 1197 Caeremonialr'
1088 1135 1156 1197 Cor·

205 1220 395 1287 sinensium:
415 1217 548 1277 Donatus
568 1216 745 1285 Ramerius,
767 1219 802 1277 in
823 1214 944 1277 Rituali
964 1216 1155 1285 Meroetica,

206 1300 460 1368 Romanorulm,
485 1317 519 1357 oc
544 1298 779 1360 coelestinorum
806 1300 876 1359 usui
898 1299 1075 1377 conformi:
1102 1317 1157 1359 nec

205 1399 263 1442 non
276 1383 388 1444 eluctor
400 1379 634 1442 Caeremonialis
645 1379 864 1441 Canonicornm
874 1377 1071 1458 Regularinm
1082 1378 1160 1441 Con-

203 1464 386 1543 gregationis
407 1464 437 1524 S.
451 1464 624 1524 Salvatoris.
649 1460 748 1523 Missis
770 1462 973 1539 generalibus,
997 1468 1030 1523 et
1049 1463 1157 1523 solem-

201 1546 292 1607 nibus
314 1552 502 1622 opponuntnr
519 1542 661 1604 Privatae
681 1550 712 1604 et
726 1544 897 1613 Solitariae,
921 1562 996 1621 quae
1018 1546 1156 1623 privatim

139 1696 143 1703 ,
204 1634 235 1689 et
256 1629 447 1705 peculiariter
469 1628 531 1701 sine
553 1631 654 1693 cantu,
678 1644 739 1686 uno
761 1628 917 1687 dumtaxat
930 1626 1046 1687 Clerico
1070 1628 1157 1687 mini·

204 1714 331 1773 strenia,
348 1710 411 1769 sire
434 1711 462 1767 in
479 1706 624 1774 Ecclesia,
641 1709 705 1767 sire
726 1710 756 1768 in
773 1710 890 1784 privato
904 1707 1043 1772 Oratorio
1066 1727 1157 1786 agun-

201 1799 266 1852 iur.
291 1792 382 1851 Missa
404 1792 567 1859 solitario,
591 1796 681 1867 prout
702 1807 718 1848 a
739 1791 865 1853 Privata
886 1789 1090 1867 distinguitur,
1116 1793 1157 1849 iu-

206 1871 350 1953 telligitnr
373 1870 434 1939 illa,
459 1891 536 1949 quae
558 1891 574 1931 a
598 1874 661 1931 solo
683 1869 855 1941 Sacerdote,
879 1873 996 1933 nemine
1013 1878 1158 1949 ptacsen-

205 1961 254 2031 te,
276 1961 307 2017 ei
329 1954 526 2033 respondente
548 1952 641 2014 siebat
662 1952 732 2013 olim
756 1955 784 2012 in
807 1954 1006 2015 Monastcriis.
1030 1955 1156 2032 Insuper

201 2043 369 2097 occurrunt
385 2036 494 2097 Missae
517 2055 595 2112 quae
617 2036 655 2097 de
669 2042 805 2113 tempore
820 2036 916 2096 dictae
932 2042 1002 2097 snut
1022 2054 1101 2113 qrrao
1116 2056 1158 2096 re·

205 2120 350 2197 spondent
371 2119 463 2177 variis
486 2119 554 2177 anni
577 2116 776 2179 Ecclesiastici
800 2118 1009 2194 temporibus,
1039 2119 1069 2177 in
1092 2120 1156 2194 qui-

202 2200 258 2261 bus
281 2200 369 2260 Vitae
384 2198 544 2271 Passionis,
569 2207 600 2259 et
620 2200 781 2260 Doctrinae
796 2200 908 2261 Christi
932 2202 1095 2279 mysteria.¹
1108 2199 1156 2261 Fi-

204 2282 313 2359 deique
347 2289 462 2343 nostrae
489 2281 684 2342 Sacramenta
716 2282 902 2343 recoluntur.
933 2283 1017 2342 Aliae
1045 2282 1156 2342 Missae

91 2374 94 2379 ’
203 2372 285 2436 sunt,
309 2381 387 2441 qnae
410 2364 437 2424 in
460 2364 606 2424 bonorem
629 2363 806 2425 Sanctorum
829 2364 875 2441 agi
898 2365 1005 2433 solent,
1029 2382 1099 2424 cum
1121 2365 1154 2423 il-

205 2446 303 2508 lorum
332 2446 479 2507 memoria
506 2464 604 2506 annua
631 2446 821 2507 solemnitate
848 2446 885 2505 ab
913 2446 984 2520 ipsis
1005 2444 1155 2506 Ecclesiae

204 2529 389 2589 incunabulis
415 2527 567 2588 recolitur.
585 2527 759 2587 Audiendus
781 2527 818 2588 de
841 2528 888 2587 bis
903 2524 1071 2605 Cyprianus
1086 2524 1156 2606 Epi-

201 2610 274 2671 stola
300 2608 351 2669 atr:
369 2608 526 2691 Sacrificio
543 2616 602 2688 pro
628 2613 679 2675 eis,
702 2627 756 2685 pro
778 2629 879 2669 eorum
903 2610 1014 2672 scilicet
1036 2606 1158 2679 lronore,'

203 2711 317 2773 semper
341 2690 508 2773 offerimus,
534 2693 648 2770 quoties
669 2690 844 2769 Martyrum
863 2692 1019 2771 pannones,
1045 2701 1072 2751 ct
1095 2692 1155 2751 dies

203 2776 377 2836 anniuersia
398 2774 674 2837 commemoratione
695 2773 885 2834 celebramus.
901 2771 940 2833 Et
959 2772 1095 2853 Epistola
1117 2774 1155 2833 37

202 2856 239 2916 ad
255 2855 377 2917 Clerum
402 2872 489 2915 suum
513 2854 672 2933 diligenter
692 2854 827 2915 adnotari
851 2857 972 2917 mandat
993 2857 1068 2926 dies,
1092 2858 1156 2932 qui-

202 2939 257 3001 bus
280 2937 430 3015 Martyres
452 2937 622 3005 excedunt,
646 2955 681 2997 ac
704 2937 760 2997 sibi
782 2936 969 3015 significaris
993 2945 1027 3000 ut
1048 2938 1152 3015 iuquit,
1219 2996 1223 3002 ,

202 3020 388 3081 celebrentur
410 3019 456 3079 laic
478 3037 497 3078 a
519 3020 602 3079 nobis
623 3020 785 3081 oblationes
807 3029 833 3079 ct
853 3020 1002 3100 sacrificia
1024 3021 1057 3079 ob
1079 3038 1156 3079 eom·

201 3102 432 3161 enumerationes
453 3119 575 3170 aarum,
599 3118 659 3175 quo
682 3101 852 3161 testimonio
875 3102 988 3163 nullum
1005 3108 1155 3177 praestan·

203 3185 274 3247 tius,
292 3184 339 3243 Ad
361 3181 439 3242 idem
463 3183 596 3261 respexit
610 3182 825 3249 Tertullianus,
849 3200 919 3245 cum
936 3184 1025 3243 libro
1046 3182 1083 3242 de
1101 3183 1157 3246 Co-

201 3282 281 3325 rano
303 3265 407 3325 Militis
428 3264 502 3341 Cap.
528 3263 547 3321 3
569 3264 636 3323 ait:
664 3261 832 3325 Oblationes
854 3284 915 3344 pro
936 3264 1081 3326 Natalitis
1103 3284 1156 3325 an·

201 3364 266 3407 nuo
289 3346 335 3404 die
356 3347 496 3423 summus.
519 3344 705 3406 Confirmant
734 3344 870 3423 ejusdem
903 3349 975 3409 ritus
1002 3348 1155 3424 antiquita·

202 3432 264 3488 tem
287 3426 440 3489 Ecclesiae
463 3427 656 3506 smyrnensis
676 3427 794 3489 Fideles
814 3429 844 3489 in
860 3426 1003 3506 Epistola,
1021 3447 1080 3505 qua
1101 3428 1156 3490 Po·

203 3510 317 3586 lpearpi
340 3510 517 3589 martyrium
540 3510 715 3573 describunt
735 3510 813 3586 apud
835 3508 996 3573 Eusebium
1018 3510 1083 3571 Lib.
1115 3511 1154 3570 ll'

204 3588 352 3652 Historiae
375 3588 603 3654 Ecclesiasticar·
620 3591 694 3671 Cap.
718 3590 778 3652 XV
800 3590 927 3671 ejusque
952 3612 1018 3655 ossa
1041 3611 1074 3655 se
1095 3594 1154 3653 col-
