2517 4059
615 158 822 241 socom

230 280 356 360 Majoris
372 282 587 347 Hebdomadae
612 294 631 361 §
653 287 672 348 3
695 284 815 348 num-8
837 283 990 359 multaque
1012 279 1104 341 allert
1120 281 1212 341 scitu

233 364 333 441 digna,
348 372 378 427 et
399 368 528 427 ostendit
551 386 662 446 magno
683 373 832 445 apparatu
848 369 877 427 in
892 362 1113 427 Monachorum
1132 358 1214 423 Coc·

232 445 330 505 noblis
340 446 491 525 ejusmodi
507 450 692 511 ablutionem
708 449 773 511 fieri
789 448 1000 511 consuevisset
1016 444 1097 504 domi
1116 444 1212 505 enim

231 527 402 599 Monacbis,
426 531 528 606 egenis
543 550 617 592 vero
640 534 845 609 mendicisque
868 534 954 589 extra
973 526 1211 587 Mouasterium

233 607 337 670 Abbas
352 610 505 672 abluebat.
529 612 696 690 Regulares
711 614 845 675 Abbates
860 611 969 671 multas
990 626 1044 685 per
1059 625 1134 667 eam
1154 625 1210 668 oc·

199 746 204 753 .
233 691 387 752 casionem
411 693 619 773 eleemosynas
641 696 904 774 dilargiebantur..

272 772 346 833 XV.
370 773 509 837 Creditur
524 778 659 838 Marcion
675 778 853 841 haereticus
876 773 967 847 tuisse
988 770 1120 846 primus,
1149 770 1209 846 qui

231 856 347 933 negarit
361 854 459 917 lesum
472 853 625 919 Christum
642 859 808 919 celebrasse
822 856 964 918 ultimum
978 851 1104 911 Pascha.
1122 850 1209 930 Ejus

231 940 376 997 sententia
403 956 421 998 a
442 937 559 999 Sanctis
581 938 720 1003 Patribus
741 939 895 1001 confutata
917 936 1000 997 venit
1023 934 1052 991 in
1068 930 1211 1005 oblivio<

231 1036 313 1083 nem.
344 1016 404 1078 Sub
432 1019 552 1081 initium
574 1023 686 1083 saeculi
717 1021 775 1083 Vll
796 1038 864 1083 eam
892 1019 930 1078 ab
956 1014 1105 1076 oblivione
1136 1017 1210 1075 vin-

231 1097 343 1163 dicavit
364 1099 548 1175 Philoponus
570 1103 750 1165 haereticus.
782 1102 848 1162 Non
872 1119 933 1161 una
954 1104 999 1157 est
1026 1096 1063 1156 de
1079 1095 1206 1179 ultimo

229 1178 377 1241 Paschato
399 1200 417 1242 a
438 1181 559 1243 Christo
582 1181 742 1249 celebrato*
756 1183 915 1247 sententia.
939 1178 1041 1237 Prima
1062 1195 1204 1245 eorum,

230 1264 282 1339 qui
298 1263 416 1332 docent,
440 1262 595 1325 Christum
620 1267 784 1327 Dominum
805 1265 873 1340 agni
888 1261 1041 1323 Paschalis
1061 1276 1202 1319 coenam

232 1361 303 1403 cum
326 1344 480 1422 discipulis
494 1347 555 1407 snis
570 1348 751 1419 celebrasse,
776 1353 807 1409 et
826 1346 1055 1407 Sacramentum
1072 1338 1206 1402 Eucha-

232 1425 334 1502 ristiae
358 1425 519 1487 instituisse
536 1426 618 1489 Luna
635 1428 711 1490 XlV
728 1429 839 1494 Martii,
863 1427 911 1487 die
927 1424 1007 1485 lovis
1028 1422 1065 1481 ad
1083 1440 1203 1484 secun-

233 1506 303 1565 dam
318 1524 490 1583 vesperam,
515 1510 609 1584 pridie
625 1527 714 1586 quarn
737 1515 869 1571 mortem
890 1525 946 1587 pro
962 1505 1047 1565 nobis
1061 1502 1201 1565 subiret·

231 1584 368 1649 Secunda
391 1597 436 1649 est
457 1587 656 1662 Graecorum,
681 1593 745 1668 qui,
770 1597 805 1654 nt
825 1589 895 1651 lesu
918 1587 1031 1649 Christi
1050 1586 1204 1664 exemplo

230 1668 411 1730 confirment
426 1672 518 1731 ritum
533 1690 622 1737 suurn
633 1672 811 1735 conficiendi
823 1670 1046 1732 Eucharistiam
1061 1684 1102 1726 ex
1116 1685 1202 1745 pane

230 1750 422 1821 fermentato,
440 1753 634 1824 contendunt,
648 1752 803 1818 Christum
816 1755 921 1814 mortis
932 1768 1005 1811 suae
1016 1751 1201 1825 praescium

231 1833 402 1895 celebrasse
417 1830 546 1901 Pascha,
570 1836 698 1913 ideoque
720 1839 811 1899 etiam
825 1836 1057 1909 ,Sacramentum
1072 1829 1204 1892 Eucha-

230 1915 512 1977 ristiaeinstituisse
528 1919 623 1995 pridie
639 1916 706 1995 ejus
721 1919 778 1979 diei
794 1919 845 1994 qui
860 1914 993 1976 Paschae
1008 1910 1202 1973 celebrando

230 1996 296 2073 lege
313 1999 507 2073 praestitutus
523 2007 598 2067 erat,
623 2000 743 2073 quando
760 2001 897 2059 videlicet
919 2012 996 2073 pane
1010 1994 1201 2058 sermentato
1256 2047 1257 2056 ,

232 2078 313 2137 vesci
337 2076 453 2138 ludaeis
476 2080 596 2140 licebat.
632 2080 732 2142 Tertia
756 2087 802 2143 est
823 2096 929 2142 eorum
958 2074 1200 2151 nullatemus,
1256 2133 1257 2136 ,

231 2158 353 2234 quidem
378 2177 394 2217 a
417 2158 537 2221 Christo
561 2160 674 2223 Pascha
696 2164 882 2224 celebratum
903 2159 950 2218 die
971 2176 991 2217 a
1012 2158 1078 2233 lege
1101 2161 1201 2219 statu·
1256 2201 1257 2204 κ

128 2242 135 2253 “
232 2244 286 2305 to,
310 2240 362 2299 sed
385 2240 515 2307 volunt,
539 2260 574 2302 eo
596 2262 675 2302 anno
696 2242 810 2304 Pascha
833 2262 848 2303 a
872 2240 989 2301 ludaeis
1011 2236 1200 2300 translatum

231 2319 324 2381 luisse
346 2322 374 2379 in
398 2322 486 2381 diem·
501 2322 621 2385 Sabbati
648 2333 837 2403 sequentem.
860 2322 975 2397 Quarta
997 2321 1123 2380 demum
1146 2325 1198 2383 est
1256 2379 1257 2382 ,

230 2419 360 2473 eorum,
384 2404 435 2480 qni
458 2403 580 2473 dicunt,
614 2404 771 2468 Christum
793 2406 905 2467 omissa
927 2420 1021 2463 coena
1042 2400 1197 2470 Iudaica,

229 2483 375 2545 duntaxat
397 2485 637 2547 Eucharisticam
653 2487 783 2557 Coenam
804 2486 946 2563 Corporis
967 2484 1013 2544 sui
1035 2500 1198 2543 consecra·

230 2564 311 2625 tione
346 2584 380 2626 ec
407 2566 612 2630 distributione
641 2572 804 2648 peregisse.
830 2568 939 2643 Opinio
968 2565 1042 2625 haec
1069 2566 1199 2626 saeculo

230 2644 278 2705 lx
299 2648 417 2708 invecta
434 2652 491 2717 cst,
516 2649 665 2711 referente
680 2651 788 2711 Photio
810 2651 839 2711 in
854 2648 1046 2711 Bibliotheca.
1069 2644 1196 2707 Iamdiu

230 2729 358 2805 sopitam
381 2730 438 2789 sub
460 2723 577 2792 ihitium
599 2733 713 2793 saeculi
736 2731 829 2793 XVll
849 2733 929 2793 edito
955 2727 1056 2790 libello
1077 2728 1198 2788 excita-

229 2810 273 2870 vit
287 2809 493 2891 Hieronymus
513 2812 720 2875 Vecchiettus.
745 2813 946 2875 Nihilominus
959 2810 1098 2873 eamdem
1122 2826 1198 2870 sen·

229 2893 481 2969 tentiampostea
502 2906 594 2957 ausus
615 2903 662 2957 est
683 2912 874 2973 propugnare
896 2892 1067 2953 Bernardns
1089 2888 1195 2969 Lamy

231 2972 262 3031 in
277 2991 330 3035 sua
349 2972 518 3036 Concordia
540 2976 746 3054 Ecanpclico‚
770 2983 802 3038 et
823 2978 853 3035 in
869 2974 1013 3034 Tractatu
1035 2970 1196 3033 Historico

144 3056 146 3061 '
230 3052 266 3113 dc
289 3059 381 3116 ceteri
395 3054 578 3117 ludaeorum
599 3057 743 3117 Poscbotc
758 3058 863 3135 gallice
880 3056 1062 3131 conscripto.
1085 3050 1195 3131 Hujus

230 3142 405 3211 argumenta
428 3138 622 3198 confutarunt
643 3140 701 3198 viri
724 3140 784 3201 dno
806 3137 999 3199 eruditissimi
1022 3134 1056 3194 P.
1073 3130 1196 3197 Grave·

230 3234 297 3286 sou,
322 3216 357 3276 dc
371 3214 521 3296 Mystcriis
537 3231 564 3280 ct
578 3222 667 3280 oncis
685 3220 796 3283 Christi
806 3219 933 3281 Disccrt.
952 3217 1008 3288 193
1032 3223 1065 3279 et
1077 3214 1112 3274 P.
1126 3214 1193 3278 Ho
1256 3258 1257 3263 .

231 3301 355 3358 noratus
376 3316 393 3358 a
414 3299 445 3359 S.
468 3300 576 3382 Maria,
600 3301 636 3361 T.
660 3301 690 3362 ll
712 3301 1010 3363 Animadversionem
1031 3302 1067 3361 in
1090 3296 1196 3375 Repu-

230 3381 285 3445 lcs,
310 3388 338 3438 ct
358 3399 446 3440 crum
472 3380 597 3444 Criticcs
618 3382 685 3442 Lib.
710 3382 765 3454 tv,
790 3383 966 3445 Dissertatio
988 3380 1045 3441 111.
1068 3378 1116 3439 Ex
1138 3380 1193 3441 his

229 3460 382 3520 sententiis
396 3464 494 3536 prima
509 3463 718 3541 amplectenda
732 3470 789 3536 est,
799 3482 885 3542 -quae
900 3462 1106 3540 antiquissima
1122 3466 1190 3531 est,

228 3547 259 3603 et
279 3541 414 3602 omnium
444 3542 623 3605 Sanctorum
653 3545 776 3607 Patrum
798 3565 967 3617 consensu,
998 3548 1089 3620 atque
1111 3542 1192 3604 adeo
