<?xml version="1.0" encoding="UTF-8"?>
<!DOCTYPE html PUBLIC "-//W3C//DTD XHTML 1.0 Transitional//EN"
    "http://www.w3.org/TR/xhtml1/DTD/xhtml1-transitional.dtd">
<html xmlns="http://www.w3.org/1999/xhtml" xml:lang="en" lang="en">
 <head>
  <title>
</title>
<meta http-equiv="Content-Type" content="text/html;charset=utf-8" />
  <meta name='ocr-system' content='tesseract 3.04.00' />
  <meta name='ocr-capabilities' content='ocr_page ocr_carea ocr_par ocr_line ocrx_word'/>
</head>
<body>
  <div class='ocr_page' id='page_1' title='image "./institutionesli00marigoog_0066.png"; bbox 0 0 2517 4059; ppageno 0'>
   <div class='ocr_carea' id='block_1_1' title="bbox 604 177 805 249">
    <p class='ocr_par' dir='ltr' id='par_1_1' title="bbox 604 177 805 249">
     <span class='ocr_line' id='line_1_1' title="bbox 604 177 805 249; baseline 0.045 -13"><span class='ocrx_word' id='word_1_1' title='bbox 604 177 805 249; x_wconf 59' lang='lat' dir='ltr'><strong>wetma-</strong></span> 
     </span>
    </p>
   </div>
   <div class='ocr_carea' id='block_1_2' title="bbox 216 302 1246 2918">
    <p class='ocr_par' dir='ltr' id='par_1_2' title="bbox 216 302 1246 2918">
     <span class='ocr_line' id='line_1_2' title="bbox 225 302 1193 386; baseline 0.001 -15"><span class='ocrx_word' id='word_1_2' title='bbox 225 306 468 371; x_wconf 86' lang='lat' dir='ltr'><strong>Damascenicis:</strong></span> <span class='ocrx_word' id='word_1_3' title='bbox 495 305 566 365; x_wconf 92' lang='lat' dir='ltr'><strong>item</strong></span> <span class='ocrx_word' id='word_1_4' title='bbox 583 306 644 378; x_wconf 83' lang='lat' dir='ltr'><strong>illa,</strong></span> <span class='ocrx_word' id='word_1_5' title='bbox 662 325 752 385; x_wconf 87' lang='lat' dir='ltr'><strong>quam</strong></span> <span class='ocrx_word' id='word_1_6' title='bbox 764 307 950 383; x_wconf 75' lang='lat' dir='ltr'><strong>Augustinus</strong></span> <span class='ocrx_word' id='word_1_7' title='bbox 963 305 1081 367; x_wconf 90' lang='lat' dir='ltr'><strong>Calmet</strong></span> <span class='ocrx_word' id='word_1_8' title='bbox 1096 302 1193 386; x_wconf 85' lang='lat' dir='ltr'><strong>prae·</strong></span> 
     </span>
     <span class='ocr_line' id='line_1_3' title="bbox 224 388 1219 470; baseline -0.008 -17"><span class='ocrx_word' id='word_1_9' title='bbox 224 391 308 470; x_wconf 87' lang='lat' dir='ltr'><strong>ponit</strong></span> <span class='ocrx_word' id='word_1_10' title='bbox 330 388 494 466; x_wconf 86' lang='lat' dir='ltr'><strong>Evangelio</strong></span> <span class='ocrx_word' id='word_1_11' title='bbox 517 388 584 448; x_wconf 85' lang='lat' dir='ltr'><strong>Divi</strong></span> <span class='ocrx_word' id='word_1_12' title='bbox 607 389 765 453; x_wconf 80' lang='lat' dir='ltr'><strong>Matthaei.</strong></span> <span class='ocrx_word' id='word_1_13' title='bbox 1216 414 1219 417; x_wconf 48' lang='lat'><strong>⁴</strong></span> 
     </span>
     <span class='ocr_line' id='line_1_4' title="bbox 264 468 1196 547; baseline 0.002 -16"><span class='ocrx_word' id='word_1_14' title='bbox 264 470 352 532; x_wconf 87' lang='lat' dir='ltr'><strong>XVl.</strong></span> <span class='ocrx_word' id='word_1_15' title='bbox 377 470 538 547; x_wconf 90' lang='lat' dir='ltr'><strong>Postquam</strong></span> <span class='ocrx_word' id='word_1_16' title='bbox 554 470 639 531; x_wconf 91' lang='lat' dir='ltr'><strong>lesus</strong></span> <span class='ocrx_word' id='word_1_17' title='bbox 653 470 791 531; x_wconf 89' lang='lat' dir='ltr'><strong>Christus</strong></span> <span class='ocrx_word' id='word_1_18' title='bbox 806 469 970 546; x_wconf 90' lang='lat' dir='ltr'><strong>legitimam</strong></span> <span class='ocrx_word' id='word_1_19' title='bbox 992 468 1125 533; x_wconf 87' lang='lat' dir='ltr'><strong>Coenam</strong></span> <span class='ocrx_word' id='word_1_20' title='bbox 1139 470 1196 533; x_wconf 87' lang='lat' dir='ltr'><strong>ie-</strong></span> 
     </span>
     <span class='ocr_line' id='line_1_5' title="bbox 222 549 1191 631; baseline -0.001 -17"><span class='ocrx_word' id='word_1_21' title='bbox 222 556 275 626; x_wconf 87' lang='lat' dir='ltr'><strong>cit,</strong></span> <span class='ocrx_word' id='word_1_22' title='bbox 300 561 331 615; x_wconf 91' lang='lat' dir='ltr'><strong>et</strong></span> <span class='ocrx_word' id='word_1_23' title='bbox 353 553 444 629; x_wconf 88' lang='lat' dir='ltr'><strong>pedes</strong></span> <span class='ocrx_word' id='word_1_24' title='bbox 462 550 684 629; x_wconf 83' lang='lat' dir='ltr'><strong>Discipulorum</strong></span> <span class='ocrx_word' id='word_1_25' title='bbox 699 552 781 617; x_wconf 87' lang='lat' dir='ltr'><strong>lavit,</strong></span> <span class='ocrx_word' id='word_1_26' title='bbox 805 550 911 612; x_wconf 90' lang='lat' dir='ltr'><strong>eodem</strong></span> <span class='ocrx_word' id='word_1_27' title='bbox 928 549 1007 611; x_wconf 91' lang='lat' dir='ltr'><strong>lovis</strong></span> <span class='ocrx_word' id='word_1_28' title='bbox 1028 554 1091 625; x_wconf 86' lang='lat' dir='ltr'><strong>die,</strong></span> <span class='ocrx_word' id='word_1_29' title='bbox 1116 554 1191 631; x_wconf 90' lang='lat' dir='ltr'><strong>pri-</strong></span> 
     </span>
     <span class='ocr_line' id='line_1_6' title="bbox 221 632 1191 713; baseline -0.002 -16"><span class='ocrx_word' id='word_1_30' title='bbox 221 656 272 701; x_wconf 91' lang='lat' dir='ltr'><strong>mo</strong></span> <span class='ocrx_word' id='word_1_31' title='bbox 295 635 503 713; x_wconf 83' lang='lat' dir='ltr'><strong>Azymorum,</strong></span> <span class='ocrx_word' id='word_1_32' title='bbox 527 641 634 710; x_wconf 89' lang='lat' dir='ltr'><strong>quarto</strong></span> <span class='ocrx_word' id='word_1_33' title='bbox 656 640 688 697; x_wconf 93' lang='lat' dir='ltr'><strong>et</strong></span> <span class='ocrx_word' id='word_1_34' title='bbox 707 635 853 710; x_wconf 79' lang='lat' dir='ltr'><strong>vigesimo</strong></span> <span class='ocrx_word' id='word_1_35' title='bbox 874 632 995 700; x_wconf 85' lang='lat' dir='ltr'><strong>Martii,</strong></span> <span class='ocrx_word' id='word_1_36' title='bbox 1018 636 1129 696; x_wconf 90' lang='lat' dir='ltr'><strong>eadem</strong></span> <span class='ocrx_word' id='word_1_37' title='bbox 1149 636 1191 695; x_wconf 89' lang='lat' dir='ltr'><strong>in</strong></span> 
     </span>
     <span class='ocr_line' id='line_1_7' title="bbox 221 714 1194 793; baseline -0.003 -14"><span class='ocrx_word' id='word_1_38' title='bbox 221 719 324 788; x_wconf 86' lang='lat' dir='ltr'><strong>domo,</strong></span> <span class='ocrx_word' id='word_1_39' title='bbox 341 724 429 793; x_wconf 88' lang='lat' dir='ltr'><strong>atque</strong></span> <span class='ocrx_word' id='word_1_40' title='bbox 452 715 557 776; x_wconf 86' lang='lat' dir='ltr'><strong>eadem</strong></span> <span class='ocrx_word' id='word_1_41' title='bbox 573 714 651 777; x_wconf 88' lang='lat' dir='ltr'><strong>lorte</strong></span> <span class='ocrx_word' id='word_1_42' title='bbox 673 721 701 776; x_wconf 89' lang='lat' dir='ltr'><strong>in</strong></span> <span class='ocrx_word' id='word_1_43' title='bbox 719 714 822 775; x_wconf 84' lang='lat' dir='ltr'><strong>mensa</strong></span> <span class='ocrx_word' id='word_1_44' title='bbox 848 734 915 773; x_wconf 90' lang='lat' dir='ltr'><strong>cum</strong></span> <span class='ocrx_word' id='word_1_45' title='bbox 930 716 1114 777; x_wconf 75' lang='lat' dir='ltr'><strong>recubuisset</strong></span> <span class='ocrx_word' id='word_1_46' title='bbox 1128 717 1194 777; x_wconf 88' lang='lat' dir='ltr'><strong>ite-</strong></span> 
     </span>
     <span class='ocr_line' id='line_1_8' title="bbox 221 796 1193 877; baseline -0.002 -16"><span class='ocrx_word' id='word_1_47' title='bbox 221 820 302 866; x_wconf 85' lang='lat' dir='ltr'><strong>rum,</strong></span> <span class='ocrx_word' id='word_1_48' title='bbox 320 817 396 877; x_wconf 89' lang='lat' dir='ltr'><strong>pane</strong></span> <span class='ocrx_word' id='word_1_49' title='bbox 412 804 442 859; x_wconf 86' lang='lat' dir='ltr'><strong>et</strong></span> <span class='ocrx_word' id='word_1_50' title='bbox 456 797 549 856; x_wconf 90' lang='lat' dir='ltr'><strong>calice</strong></span> <span class='ocrx_word' id='word_1_51' title='bbox 564 804 689 875; x_wconf 89' lang='lat' dir='ltr'><strong>accepto</strong></span> <span class='ocrx_word' id='word_1_52' title='bbox 710 814 746 858; x_wconf 89' lang='lat' dir='ltr'><strong>ac</strong></span> <span class='ocrx_word' id='word_1_53' title='bbox 769 798 938 866; x_wconf 88' lang='lat' dir='ltr'><strong>benedicto,</strong></span> <span class='ocrx_word' id='word_1_54' title='bbox 955 796 1071 874; x_wconf 87' lang='lat' dir='ltr'><strong>Corpus</strong></span> <span class='ocrx_word' id='word_1_55' title='bbox 1093 817 1193 859; x_wconf 92' lang='lat' dir='ltr'><strong>suum</strong></span> 
     </span>
     <span class='ocr_line' id='line_1_9' title="bbox 221 879 1192 957; baseline -0.005 -14"><span class='ocrx_word' id='word_1_56' title='bbox 221 889 252 943; x_wconf 89' lang='lat' dir='ltr'><strong>et</strong></span> <span class='ocrx_word' id='word_1_57' title='bbox 273 880 455 957; x_wconf 83' lang='lat' dir='ltr'><strong>Sanguinem</strong></span> <span class='ocrx_word' id='word_1_58' title='bbox 479 879 642 954; x_wconf 85' lang='lat' dir='ltr'><strong>Discipulis</strong></span> <span class='ocrx_word' id='word_1_59' title='bbox 669 879 846 946; x_wconf 78' lang='lat' dir='ltr'><strong>distribuit,</strong></span> <span class='ocrx_word' id='word_1_60' title='bbox 877 895 913 938; x_wconf 92' lang='lat' dir='ltr'><strong>ac</strong></span> <span class='ocrx_word' id='word_1_61' title='bbox 946 880 1123 947; x_wconf 84' lang='lat' dir='ltr'><strong>mandavit,</strong></span> <span class='ocrx_word' id='word_1_62' title='bbox 1147 884 1192 940; x_wconf 90' lang='lat' dir='ltr'><strong>ut</strong></span> 
     </span>
     <span class='ocr_line' id='line_1_10' title="bbox 221 958 1191 1040; baseline -0.002 -17"><span class='ocrx_word' id='word_1_63' title='bbox 221 966 277 1040; x_wconf 80' lang='lat' dir='ltr'><strong>ipsi</strong></span> <span class='ocrx_word' id='word_1_64' title='bbox 301 979 420 1038; x_wconf 89' lang='lat' dir='ltr'><strong>qnoque</strong></span> <span class='ocrx_word' id='word_1_65' title='bbox 443 960 470 1018; x_wconf 94' lang='lat' dir='ltr'><strong>id</strong></span> <span class='ocrx_word' id='word_1_66' title='bbox 487 958 621 1019; x_wconf 86' lang='lat' dir='ltr'><strong>lacerent</strong></span> <span class='ocrx_word' id='word_1_67' title='bbox 644 962 735 1021; x_wconf 92' lang='lat' dir='ltr'><strong>insui</strong></span> <span class='ocrx_word' id='word_1_68' title='bbox 753 962 1087 1021; x_wconf 81' lang='lat' dir='ltr'><strong>commemorationem.</strong></span> <span class='ocrx_word' id='word_1_69' title='bbox 1112 960 1191 1035; x_wconf 88' lang='lat' dir='ltr'><strong>Quo</strong></span> 
     </span>
     <span class='ocr_line' id='line_1_11' title="bbox 221 1038 1187 1114; baseline -0.002 -9"><span class='ocrx_word' id='word_1_70' title='bbox 221 1044 374 1106; x_wconf 86' lang='lat' dir='ltr'><strong>Sacrificio</strong></span> <span class='ocrx_word' id='word_1_71' title='bbox 403 1047 435 1101; x_wconf 89' lang='lat' dir='ltr'><strong>et</strong></span> <span class='ocrx_word' id='word_1_72' title='bbox 457 1038 651 1103; x_wconf 89' lang='lat' dir='ltr'><strong>Sacramenta</strong></span> <span class='ocrx_word' id='word_1_73' title='bbox 682 1044 839 1114; x_wconf 89' lang='lat' dir='ltr'><strong>instituto,</strong></span> <span class='ocrx_word' id='word_1_74' title='bbox 864 1041 986 1103; x_wconf 84' lang='lat' dir='ltr'><strong>diuitias</strong></span> <span class='ocrx_word' id='word_1_75' title='bbox 1008 1042 1110 1103; x_wconf 81' lang='lat' dir='ltr'><strong>diuini</strong></span> <span class='ocrx_word' id='word_1_76' title='bbox 1130 1043 1187 1103; x_wconf 81' lang='lat' dir='ltr'><strong>sui</strong></span> 
     </span>
     <span class='ocr_line' id='line_1_12' title="bbox 222 1122 1186 1203; baseline -0.003 -18"><span class='ocrx_word' id='word_1_77' title='bbox 222 1144 294 1203; x_wconf 73' lang='lat' dir='ltr'><strong>erga</strong></span> <span class='ocrx_word' id='word_1_78' title='bbox 309 1124 440 1183; x_wconf 87' lang='lat' dir='ltr'><strong>homiues</strong></span> <span class='ocrx_word' id='word_1_79' title='bbox 456 1123 569 1183; x_wconf 90' lang='lat' dir='ltr'><strong>amoris</strong></span> <span class='ocrx_word' id='word_1_80' title='bbox 582 1124 661 1183; x_wconf 87' lang='lat' dir='ltr'><strong>uelut</strong></span> <span class='ocrx_word' id='word_1_81' title='bbox 674 1122 789 1203; x_wconf 72' lang='lat' dir='ltr'><strong>effudit,</strong></span> <span class='ocrx_word' id='word_1_82' title='bbox 813 1132 904 1201; x_wconf 86' lang='lat' dir='ltr'><strong>atque</strong></span> <span class='ocrx_word' id='word_1_83' title='bbox 927 1142 960 1185; x_wconf 91' lang='lat' dir='ltr'><strong>re</strong></span> <span class='ocrx_word' id='word_1_84' title='bbox 982 1124 1046 1199; x_wconf 81' lang='lat' dir='ltr'><strong>ipsa</strong></span> <span class='ocrx_word' id='word_1_85' title='bbox 1067 1143 1122 1185; x_wconf 90' lang='lat' dir='ltr'><strong>eos</strong></span> <span class='ocrx_word' id='word_1_86' title='bbox 1142 1126 1186 1184; x_wconf 83' lang='lat' dir='ltr'><strong>iu</strong></span> 
     </span>
     <span class='ocr_line' id='line_1_13' title="bbox 219 1203 1189 1289; baseline 0.001 -25"><span class='ocrx_word' id='word_1_87' title='bbox 219 1208 309 1289; x_wconf 81' lang='lat' dir='ltr'><strong>finem</strong></span> <span class='ocrx_word' id='word_1_88' title='bbox 324 1205 446 1265; x_wconf 77' lang='lat' dir='ltr'><strong>ditescit.</strong></span> <span class='ocrx_word' id='word_1_89' title='bbox 470 1203 592 1265; x_wconf 84' lang='lat' dir='ltr'><strong>Etenim</strong></span> <span class='ocrx_word' id='word_1_90' title='bbox 617 1206 673 1265; x_wconf 89' lang='lat' dir='ltr'><strong>hoe</strong></span> <span class='ocrx_word' id='word_1_91' title='bbox 686 1206 764 1265; x_wconf 91' lang='lat' dir='ltr'><strong>bono</strong></span> <span class='ocrx_word' id='word_1_92' title='bbox 782 1208 903 1267; x_wconf 90' lang='lat' dir='ltr'><strong>nullum</strong></span> <span class='ocrx_word' id='word_1_93' title='bbox 915 1205 1091 1282; x_wconf 84' lang='lat' dir='ltr'><strong>optabilius,</strong></span> <span class='ocrx_word' id='word_1_94' title='bbox 1116 1206 1189 1268; x_wconf 91' lang='lat' dir='ltr'><strong>nul-</strong></span> 
     </span>
     <span class='ocr_line' id='line_1_14' title="bbox 221 1287 1186 1366; baseline -0.003 -16"><span class='ocrx_word' id='word_1_95' title='bbox 221 1292 285 1350; x_wconf 96' lang='lat' dir='ltr'><strong>lum</strong></span> <span class='ocrx_word' id='word_1_96' title='bbox 309 1287 508 1365; x_wconf 82' lang='lat' dir='ltr'><strong>praestantius</strong></span> <span class='ocrx_word' id='word_1_97' title='bbox 539 1304 635 1363; x_wconf 88' lang='lat' dir='ltr'><strong>neque</strong></span> <span class='ocrx_word' id='word_1_98' title='bbox 663 1287 768 1347; x_wconf 90' lang='lat' dir='ltr'><strong>datum</strong></span> <span class='ocrx_word' id='word_1_99' title='bbox 790 1294 837 1349; x_wconf 91' lang='lat' dir='ltr'><strong>est</strong></span> <span class='ocrx_word' id='word_1_100' title='bbox 868 1287 1043 1347; x_wconf 84' lang='lat' dir='ltr'><strong>mortalium</strong></span> <span class='ocrx_word' id='word_1_101' title='bbox 1074 1289 1186 1366; x_wconf 83' lang='lat' dir='ltr'><strong>generi</strong></span> 
     </span>
     <span class='ocr_line' id='line_1_15' title="bbox 220 1366 1186 1449; baseline 0.001 -20"><span class='ocrx_word' id='word_1_102' title='bbox 220 1368 422 1449; x_wconf 81' lang='lat' dir='ltr'><strong>praepotentis</strong></span> <span class='ocrx_word' id='word_1_103' title='bbox 445 1366 500 1428; x_wconf 90' lang='lat' dir='ltr'><strong>Dei</strong></span> <span class='ocrx_word' id='word_1_104' title='bbox 522 1385 667 1429; x_wconf 91' lang='lat' dir='ltr'><strong>concessu</strong></span> <span class='ocrx_word' id='word_1_105' title='bbox 689 1373 781 1445; x_wconf 88' lang='lat' dir='ltr'><strong>atque</strong></span> <span class='ocrx_word' id='word_1_106' title='bbox 803 1388 948 1440; x_wconf 87' lang='lat' dir='ltr'><strong>munero,</strong></span> <span class='ocrx_word' id='word_1_107' title='bbox 973 1386 1071 1445; x_wconf 89' lang='lat' dir='ltr'><strong>neque</strong></span> <span class='ocrx_word' id='word_1_108' title='bbox 1094 1370 1186 1430; x_wconf 90' lang='lat' dir='ltr'><strong>dabi-</strong></span> 
     </span>
     <span class='ocr_line' id='line_1_16' title="bbox 221 1448 1185 1522; baseline 0.002 -11"><span class='ocrx_word' id='word_1_109' title='bbox 221 1458 281 1512; x_wconf 85' lang='lat' dir='ltr'><strong>tur.</strong></span> <span class='ocrx_word' id='word_1_110' title='bbox 306 1450 409 1510; x_wconf 89' lang='lat' dir='ltr'><strong>Plures</strong></span> <span class='ocrx_word' id='word_1_111' title='bbox 441 1450 470 1508; x_wconf 94' lang='lat' dir='ltr'><strong>in</strong></span> <span class='ocrx_word' id='word_1_112' title='bbox 493 1449 680 1510; x_wconf 89' lang='lat' dir='ltr'><strong>institutione</strong></span> <span class='ocrx_word' id='word_1_113' title='bbox 703 1448 916 1511; x_wconf 85' lang='lat' dir='ltr'><strong>Eucharistiae</strong></span> <span class='ocrx_word' id='word_1_114' title='bbox 947 1450 1185 1522; x_wconf 82' lang='lat' dir='ltr'><strong>considerantur</strong></span> 
     </span>
     <span class='ocr_line' id='line_1_17' title="bbox 219 1530 1188 1610; baseline -0.002 -15"><span class='ocrx_word' id='word_1_115' title='bbox 219 1532 330 1595; x_wconf 80' lang='lat' dir='ltr'><strong>Christi</strong></span> <span class='ocrx_word' id='word_1_116' title='bbox 355 1532 474 1592; x_wconf 89' lang='lat' dir='ltr'><strong>Domini</strong></span> <span class='ocrx_word' id='word_1_117' title='bbox 496 1532 641 1594; x_wconf 82' lang='lat' dir='ltr'><strong>actiones.</strong></span> <span class='ocrx_word' id='word_1_118' title='bbox 665 1530 768 1592; x_wconf 87' lang='lat' dir='ltr'><strong>Primo</strong></span> <span class='ocrx_word' id='word_1_119' title='bbox 783 1534 864 1593; x_wconf 87' lang='lat' dir='ltr'><strong>enim</strong></span> <span class='ocrx_word' id='word_1_120' title='bbox 883 1531 971 1593; x_wconf 88' lang='lat' dir='ltr'><strong>lesus</strong></span> <span class='ocrx_word' id='word_1_121' title='bbox 991 1534 1112 1609; x_wconf 87' lang='lat' dir='ltr'><strong>accepit</strong></span> <span class='ocrx_word' id='word_1_122' title='bbox 1134 1551 1188 1610; x_wconf 89' lang='lat' dir='ltr'><strong>pa·</strong></span> 
     </span>
     <span class='ocr_line' id='line_1_18' title="bbox 219 1610 1189 1693; baseline 0 -18"><span class='ocrx_word' id='word_1_123' title='bbox 219 1633 301 1682; x_wconf 81' lang='lat' dir='ltr'><strong>nem.</strong></span> <span class='ocrx_word' id='word_1_124' title='bbox 325 1613 432 1673; x_wconf 90' lang='lat' dir='ltr'><strong>deinde</strong></span> <span class='ocrx_word' id='word_1_125' title='bbox 456 1613 519 1672; x_wconf 86' lang='lat' dir='ltr'><strong>Deo</strong></span> <span class='ocrx_word' id='word_1_126' title='bbox 535 1610 616 1674; x_wconf 89' lang='lat' dir='ltr'><strong>Patri</strong></span> <span class='ocrx_word' id='word_1_127' title='bbox 639 1632 695 1673; x_wconf 92' lang='lat' dir='ltr'><strong>suo</strong></span> <span class='ocrx_word' id='word_1_128' title='bbox 716 1616 826 1689; x_wconf 89' lang='lat' dir='ltr'><strong>gratias</strong></span> <span class='ocrx_word' id='word_1_129' title='bbox 846 1616 924 1693; x_wconf 80' lang='lat' dir='ltr'><strong>egit3</strong></span> <span class='ocrx_word' id='word_1_130' title='bbox 947 1620 1013 1674; x_wconf 93' lang='lat' dir='ltr'><strong>tum</strong></span> <span class='ocrx_word' id='word_1_131' title='bbox 1035 1616 1189 1675; x_wconf 89' lang='lat' dir='ltr'><strong>eumdem</strong></span> 
     </span>
     <span class='ocr_line' id='line_1_19' title="bbox 219 1692 1185 1777; baseline 0 -20"><span class='ocrx_word' id='word_1_132' title='bbox 219 1714 328 1775; x_wconf 86' lang='lat' dir='ltr'><strong>panem</strong></span> <span class='ocrx_word' id='word_1_133' title='bbox 351 1694 440 1770; x_wconf 80' lang='lat' dir='ltr'><strong>tregit</strong></span> <span class='ocrx_word' id='word_1_134' title='bbox 462 1700 493 1753; x_wconf 90' lang='lat' dir='ltr'><strong>et</strong></span> <span class='ocrx_word' id='word_1_135' title='bbox 514 1693 668 1755; x_wconf 87' lang='lat' dir='ltr'><strong>distribuit</strong></span> <span class='ocrx_word' id='word_1_136' title='bbox 690 1693 849 1772; x_wconf 90' lang='lat' dir='ltr'><strong>Discipulis</strong></span> <span class='ocrx_word' id='word_1_137' title='bbox 870 1696 994 1756; x_wconf 85' lang='lat' dir='ltr'><strong>dicens:</strong></span> <span class='ocrx_word' id='word_1_138' title='bbox 1017 1692 1185 1777; x_wconf 76' lang='lat' dir='ltr'><strong>Accipite,</strong></span> 
     </span>
     <span class='ocr_line' id='line_1_20' title="bbox 220 1772 1246 1855; baseline 0 -15"><span class='ocrx_word' id='word_1_139' title='bbox 220 1789 248 1840; x_wconf 86' lang='lat' dir='ltr'><strong>et</strong></span> <span class='ocrx_word' id='word_1_140' title='bbox 268 1776 467 1837; x_wconf 85' lang='lat' dir='ltr'><strong>manducate:</strong></span> <span class='ocrx_word' id='word_1_141' title='bbox 498 1772 562 1835; x_wconf 87' lang='lat' dir='ltr'><strong>Hoc</strong></span> <span class='ocrx_word' id='word_1_142' title='bbox 579 1787 619 1837; x_wconf 87' lang='lat' dir='ltr'><strong>cst</strong></span> <span class='ocrx_word' id='word_1_143' title='bbox 643 1775 760 1855; x_wconf 78' lang='lat' dir='ltr'><strong>Corpus</strong></span> <span class='ocrx_word' id='word_1_144' title='bbox 781 1798 890 1837; x_wconf 87' lang='lat' dir='ltr'><strong>meum.</strong></span> <span class='ocrx_word' id='word_1_145' title='bbox 915 1775 954 1836; x_wconf 78' lang='lat' dir='ltr'><strong>ut</strong></span> <span class='ocrx_word' id='word_1_146' title='bbox 975 1786 1101 1855; x_wconf 87' lang='lat' dir='ltr'><strong>accepto</strong></span> <span class='ocrx_word' id='word_1_147' title='bbox 1125 1776 1186 1840; x_wconf 88' lang='lat' dir='ltr'><strong>Ca·</strong></span> <span class='ocrx_word' id='word_1_148' title='bbox 1245 1777 1246 1780; x_wconf 67' lang='grc'>’</span> 
     </span>
     <span class='ocr_line' id='line_1_21' title="bbox 218 1856 1184 1937; baseline 0.001 -16"><span class='ocrx_word' id='word_1_149' title='bbox 218 1862 297 1930; x_wconf 91' lang='lat' dir='ltr'><strong>lice,</strong></span> <span class='ocrx_word' id='word_1_150' title='bbox 322 1860 432 1936; x_wconf 89' lang='lat' dir='ltr'><strong>gratias</strong></span> <span class='ocrx_word' id='word_1_151' title='bbox 455 1856 557 1917; x_wconf 90' lang='lat' dir='ltr'><strong>itidem</strong></span> <span class='ocrx_word' id='word_1_152' title='bbox 585 1856 647 1935; x_wconf 85' lang='lat' dir='ltr'><strong>egit</strong></span> <span class='ocrx_word' id='word_1_153' title='bbox 669 1856 733 1917; x_wconf 86' lang='lat' dir='ltr'><strong>Deo</strong></span> <span class='ocrx_word' id='word_1_154' title='bbox 755 1857 835 1919; x_wconf 87' lang='lat' dir='ltr'><strong>Patri</strong></span> <span class='ocrx_word' id='word_1_155' title='bbox 858 1877 933 1927; x_wconf 90' lang='lat' dir='ltr'><strong>suo,</strong></span> <span class='ocrx_word' id='word_1_156' title='bbox 967 1865 998 1919; x_wconf 88' lang='lat' dir='ltr'><strong>at</strong></span> <span class='ocrx_word' id='word_1_157' title='bbox 1019 1860 1184 1937; x_wconf 81' lang='lat' dir='ltr'><strong>Apostolis</strong></span> 
     </span>
     <span class='ocr_line' id='line_1_22' title="bbox 218 1940 1246 2020; baseline 0.002 -19"><span class='ocrx_word' id='word_1_158' title='bbox 218 1943 368 2020; x_wconf 62' lang='lat' dir='ltr'><strong>praebete</strong></span> <span class='ocrx_word' id='word_1_159' title='bbox 392 1943 427 1999; x_wconf 93' lang='lat' dir='ltr'><strong>ut</strong></span> <span class='ocrx_word' id='word_1_160' title='bbox 448 1956 485 1997; x_wconf 84' lang='lat' dir='ltr'><strong>ex</strong></span> <span class='ocrx_word' id='word_1_161' title='bbox 507 1956 543 1998; x_wconf 91' lang='lat' dir='ltr'><strong>eo</strong></span> <span class='ocrx_word' id='word_1_162' title='bbox 565 1940 721 2011; x_wconf 88' lang='lat' dir='ltr'><strong>biberent,</strong></span> <span class='ocrx_word' id='word_1_163' title='bbox 744 1940 867 2002; x_wconf 84' lang='lat' dir='ltr'><strong>dicens:</strong></span> <span class='ocrx_word' id='word_1_164' title='bbox 891 1940 991 2000; x_wconf 85' lang='lat' dir='ltr'><strong>Bitite</strong></span> <span class='ocrx_word' id='word_1_165' title='bbox 1013 1960 1051 2001; x_wconf 80' lang='lat' dir='ltr'><strong>ca·</strong></span> <span class='ocrx_word' id='word_1_166' title='bbox 1072 1943 1129 2001; x_wconf 83' lang='lat' dir='ltr'><strong>doc</strong></span> <span class='ocrx_word' id='word_1_167' title='bbox 1154 1961 1186 2003; x_wconf 93' lang='lat' dir='ltr'><strong>o·</strong></span> <span class='ocrx_word' id='word_1_168' title='bbox 1245 1951 1246 1956; x_wconf 77' lang='grc'>’</span> 
     </span>
     <span class='ocr_line' id='line_1_23' title="bbox 217 2020 1179 2101; baseline 0.002 -20"><span class='ocrx_word' id='word_1_169' title='bbox 217 2042 316 2083; x_wconf 87' lang='lat' dir='ltr'><strong>mnes:</strong></span> <span class='ocrx_word' id='word_1_170' title='bbox 339 2022 386 2080; x_wconf 83' lang='lat' dir='ltr'><strong>hic</strong></span> <span class='ocrx_word' id='word_1_171' title='bbox 402 2030 442 2079; x_wconf 89' lang='lat' dir='ltr'><strong>cst</strong></span> <span class='ocrx_word' id='word_1_172' title='bbox 464 2022 544 2078; x_wconf 89' lang='lat' dir='ltr'><strong>euim</strong></span> <span class='ocrx_word' id='word_1_173' title='bbox 566 2021 697 2101; x_wconf 72' lang='lat' dir='ltr'><strong>Sanguis</strong></span> <span class='ocrx_word' id='word_1_174' title='bbox 721 2040 804 2081; x_wconf 89' lang='lat' dir='ltr'><strong>meus</strong></span> <span class='ocrx_word' id='word_1_175' title='bbox 825 2024 896 2083; x_wconf 82' lang='lat' dir='ltr'><strong>noui</strong></span> <span class='ocrx_word' id='word_1_176' title='bbox 913 2020 1090 2083; x_wconf 77' lang='lat' dir='ltr'><strong>Testamenti</strong></span> <span class='ocrx_word' id='word_1_177' title='bbox 1111 2029 1179 2085; x_wconf 86' lang='lat' dir='ltr'><strong>etc.</strong></span> 
     </span>
     <span class='ocr_line' id='line_1_24' title="bbox 217 2099 1246 2166; baseline 0.002 -2"><span class='ocrx_word' id='word_1_178' title='bbox 217 2104 354 2164; x_wconf 83' lang='lat' dir='ltr'><strong>Salvator</strong></span> <span class='ocrx_word' id='word_1_179' title='bbox 369 2103 475 2162; x_wconf 90' lang='lat' dir='ltr'><strong>eadem</strong></span> <span class='ocrx_word' id='word_1_180' title='bbox 490 2103 655 2163; x_wconf 84' lang='lat' dir='ltr'><strong>verborum</strong></span> <span class='ocrx_word' id='word_1_181' title='bbox 678 2101 775 2163; x_wconf 80' lang='lat' dir='ltr'><strong>torma</strong></span> <span class='ocrx_word' id='word_1_182' title='bbox 795 2122 868 2165; x_wconf 92' lang='lat' dir='ltr'><strong>usus</strong></span> <span class='ocrx_word' id='word_1_183' title='bbox 889 2110 935 2164; x_wconf 91' lang='lat' dir='ltr'><strong>est</strong></span> <span class='ocrx_word' id='word_1_184' title='bbox 955 2105 992 2163; x_wconf 96' lang='lat' dir='ltr'><strong>ad</strong></span> <span class='ocrx_word' id='word_1_185' title='bbox 1008 2103 1180 2166; x_wconf 87' lang='lat' dir='ltr'><strong>conficien·</strong></span> <span class='ocrx_word' id='word_1_186' title='bbox 1245 2099 1246 2104; x_wconf 61' lang='grc'>’</span> 
     </span>
     <span class='ocr_line' id='line_1_25' title="bbox 216 2183 1183 2262; baseline 0.004 -17"><span class='ocrx_word' id='word_1_187' title='bbox 216 2186 287 2245; x_wconf 93' lang='lat' dir='ltr'><strong>dam</strong></span> <span class='ocrx_word' id='word_1_188' title='bbox 303 2183 537 2251; x_wconf 87' lang='lat' dir='ltr'><strong>Eucharistiam‚</strong></span> <span class='ocrx_word' id='word_1_189' title='bbox 560 2202 622 2261; x_wconf 92' lang='lat' dir='ltr'><strong>qua</strong></span> <span class='ocrx_word' id='word_1_190' title='bbox 638 2201 691 2242; x_wconf 92' lang='lat' dir='ltr'><strong>nos</strong></span> <span class='ocrx_word' id='word_1_191' title='bbox 706 2186 831 2246; x_wconf 88' lang='lat' dir='ltr'><strong>utimur.</strong></span> <span class='ocrx_word' id='word_1_192' title='bbox 856 2186 896 2247; x_wconf 87' lang='lat' dir='ltr'><strong>Et</strong></span> <span class='ocrx_word' id='word_1_193' title='bbox 913 2200 946 2245; x_wconf 89' lang='lat' dir='ltr'><strong>re</strong></span> <span class='ocrx_word' id='word_1_194' title='bbox 962 2186 1085 2262; x_wconf 87' lang='lat' dir='ltr'><strong>quidem</strong></span> <span class='ocrx_word' id='word_1_195' title='bbox 1100 2205 1183 2249; x_wconf 85' lang='lat' dir='ltr'><strong>vera</strong></span> 
     </span>
     <span class='ocr_line' id='line_1_26' title="bbox 217 2264 1184 2344; baseline 0.002 -17"><span class='ocrx_word' id='word_1_196' title='bbox 217 2265 417 2329; x_wconf 90' lang='lat' dir='ltr'><strong>Tertullianus</strong></span> <span class='ocrx_word' id='word_1_197' title='bbox 440 2264 558 2325; x_wconf 87' lang='lat' dir='ltr'><strong>Lib.lV</strong></span> <span class='ocrx_word' id='word_1_198' title='bbox 580 2265 726 2327; x_wconf 91' lang='lat' dir='ltr'><strong>adversus</strong></span> <span class='ocrx_word' id='word_1_199' title='bbox 747 2267 932 2330; x_wconf 84' lang='lat' dir='ltr'><strong>Marcionem</strong></span> <span class='ocrx_word' id='word_1_200' title='bbox 954 2264 1028 2344; x_wconf 86' lang='lat' dir='ltr'><strong>Cap.</strong></span> <span class='ocrx_word' id='word_1_201' title='bbox 1043 2266 1100 2328; x_wconf 85' lang='lat' dir='ltr'><strong>to:</strong></span> <span class='ocrx_word' id='word_1_202' title='bbox 1128 2271 1184 2329; x_wconf 78' lang='lat' dir='ltr'><strong>Ac·</strong></span> 
     </span>
     <span class='ocr_line' id='line_1_27' title="bbox 217 2344 1181 2430; baseline 0.002 -21"><span class='ocrx_word' id='word_1_203' title='bbox 217 2356 332 2430; x_wconf 80' lang='lat' dir='ltr'><strong>ceptum</strong></span> <span class='ocrx_word' id='word_1_204' title='bbox 350 2364 487 2427; x_wconf 73' lang='lat' dir='ltr'><strong>paoem,</strong></span> <span class='ocrx_word' id='word_1_205' title='bbox 512 2348 635 2423; x_wconf 87' lang='lat' dir='ltr'><strong>inquit,</strong></span> <span class='ocrx_word' id='word_1_206' title='bbox 660 2344 855 2409; x_wconf 86' lang='lat' dir='ltr'><strong>distributum</strong></span> <span class='ocrx_word' id='word_1_207' title='bbox 878 2348 1034 2426; x_wconf 64' lang='lat' dir='ltr'><strong>discibulis</strong></span> <span class='ocrx_word' id='word_1_208' title='bbox 1057 2348 1181 2429; x_wconf 85' lang='lat' dir='ltr'><strong>Corpus</strong></span> 
     </span>
     <span class='ocr_line' id='line_1_28' title="bbox 216 2427 1181 2506; baseline 0.002 -14"><span class='ocrx_word' id='word_1_209' title='bbox 216 2450 304 2493; x_wconf 89' lang='lat' dir='ltr'><strong>suum</strong></span> <span class='ocrx_word' id='word_1_210' title='bbox 314 2430 400 2489; x_wconf 88' lang='lat' dir='ltr'><strong>illum</strong></span> <span class='ocrx_word' id='word_1_211' title='bbox 414 2427 497 2505; x_wconf 67' lang='lat' dir='ltr'><strong>fecit,</strong></span> <span class='ocrx_word' id='word_1_212' title='bbox 520 2427 584 2489; x_wconf 86' lang='lat' dir='ltr'><strong>Hoc</strong></span> <span class='ocrx_word' id='word_1_213' title='bbox 600 2437 641 2487; x_wconf 89' lang='lat' dir='ltr'><strong>cst</strong></span> <span class='ocrx_word' id='word_1_214' title='bbox 657 2446 764 2506; x_wconf 82' lang='lat' dir='ltr'><strong>corpus</strong></span> <span class='ocrx_word' id='word_1_215' title='bbox 779 2448 878 2491; x_wconf 90' lang='lat' dir='ltr'><strong>mcum</strong></span> <span class='ocrx_word' id='word_1_216' title='bbox 893 2430 1032 2492; x_wconf 85' lang='lat' dir='ltr'><strong>dicendo.</strong></span> <span class='ocrx_word' id='word_1_217' title='bbox 1055 2428 1181 2494; x_wconf 88' lang='lat' dir='ltr'><strong>Eodem</strong></span> 
     </span>
     <span class='ocr_line' id='line_1_29' title="bbox 216 2508 1246 2591; baseline 0.001 -17"><span class='ocrx_word' id='word_1_218' title='bbox 216 2514 307 2574; x_wconf 92' lang='lat' dir='ltr'><strong>modo</strong></span> <span class='ocrx_word' id='word_1_219' title='bbox 330 2510 508 2569; x_wconf 84' lang='lat' dir='ltr'><strong>Ambrosius</strong></span> <span class='ocrx_word' id='word_1_220' title='bbox 530 2511 568 2570; x_wconf 91' lang='lat' dir='ltr'><strong>de</strong></span> <span class='ocrx_word' id='word_1_221' title='bbox 590 2508 744 2587; x_wconf 85' lang='lat' dir='ltr'><strong>Mysteriis</strong></span> <span class='ocrx_word' id='word_1_222' title='bbox 765 2510 838 2591; x_wconf 84' lang='lat' dir='ltr'><strong>Cap.</strong></span> <span class='ocrx_word' id='word_1_223' title='bbox 862 2511 882 2571; x_wconf 88' lang='grc'><strong>9</strong></span> <span class='ocrx_word' id='word_1_224' title='bbox 904 2520 923 2585; x_wconf 63' lang='lat' dir='ltr'><strong>s</strong></span> <span class='ocrx_word' id='word_1_225' title='bbox 944 2510 1002 2573; x_wconf 74' lang='lat' dir='ltr'><strong>bl:</strong></span> <span class='ocrx_word' id='word_1_226' title='bbox 1026 2510 1093 2589; x_wconf 85' lang='lat' dir='ltr'><strong>lpse</strong></span> <span class='ocrx_word' id='word_1_227' title='bbox 1114 2514 1183 2575; x_wconf 85' lang='lat' dir='ltr'><strong>cla-</strong></span> <span class='ocrx_word' id='word_1_228' title='bbox 1245 2533 1246 2536; x_wconf 45' lang='lat'>¹</span> 
     </span>
     <span class='ocr_line' id='line_1_30' title="bbox 216 2589 1246 2673; baseline -0.001 -18"><span class='ocrx_word' id='word_1_229' title='bbox 216 2602 281 2655; x_wconf 90' lang='lat' dir='ltr'><strong>mat</strong></span> <span class='ocrx_word' id='word_1_230' title='bbox 296 2589 443 2651; x_wconf 84' lang='lat' dir='ltr'><strong>Dominus</strong></span> <span class='ocrx_word' id='word_1_231' title='bbox 458 2590 557 2652; x_wconf 83' lang='lat' dir='ltr'><strong>lesus:</strong></span> <span class='ocrx_word' id='word_1_232' title='bbox 580 2589 643 2652; x_wconf 85' lang='lat' dir='ltr'><strong>Hoc</strong></span> <span class='ocrx_word' id='word_1_233' title='bbox 665 2601 706 2651; x_wconf 86' lang='lat' dir='ltr'><strong>cst</strong></span> <span class='ocrx_word' id='word_1_234' title='bbox 729 2592 846 2673; x_wconf 69' lang='lat' dir='ltr'><strong>Comus</strong></span> <span class='ocrx_word' id='word_1_235' title='bbox 867 2614 976 2654; x_wconf 85' lang='lat' dir='ltr'><strong>meum.</strong></span> <span class='ocrx_word' id='word_1_236' title='bbox 1000 2592 1032 2654; x_wconf 90' lang='lat' dir='ltr'><strong>S.</strong></span> <span class='ocrx_word' id='word_1_237' title='bbox 1047 2593 1183 2657; x_wconf 90' lang='lat' dir='ltr'><strong>loannes</strong></span> <span class='ocrx_word' id='word_1_238' title='bbox 1245 2651 1246 2654; x_wconf 74' lang='grc'>,</span> 
     </span>
     <span class='ocr_line' id='line_1_31' title="bbox 216 2670 1246 2755; baseline 0.001 -18"><span class='ocrx_word' id='word_1_239' title='bbox 216 2673 450 2753; x_wconf 80' lang='lat' dir='ltr'><strong>Chrysostomus</strong></span> <span class='ocrx_word' id='word_1_240' title='bbox 471 2679 607 2734; x_wconf 87' lang='lat' dir='ltr'><strong>extrema</strong></span> <span class='ocrx_word' id='word_1_241' title='bbox 630 2670 765 2736; x_wconf 89' lang='lat' dir='ltr'><strong>Homilia</strong></span> <span class='ocrx_word' id='word_1_242' title='bbox 780 2674 809 2736; x_wconf 92' lang='lat' dir='ltr'><strong>ll</strong></span> <span class='ocrx_word' id='word_1_243' title='bbox 831 2676 860 2734; x_wconf 93' lang='lat' dir='ltr'><strong>in</strong></span> <span class='ocrx_word' id='word_1_244' title='bbox 876 2674 1045 2755; x_wconf 81' lang='lat' dir='ltr'><strong>Epistulam</strong></span> <span class='ocrx_word' id='word_1_245' title='bbox 1067 2675 1108 2734; x_wconf 87' lang='lat' dir='ltr'><strong>ad</strong></span> <span class='ocrx_word' id='word_1_246' title='bbox 1129 2676 1184 2738; x_wconf 72' lang='lat' dir='ltr'><strong>Ii·</strong></span> <span class='ocrx_word' id='word_1_247' title='bbox 1245 2679 1246 2722; x_wconf 46' lang='grc' dir='ltr'><em>ἵ</em></span> 
     </span>
     <span class='ocr_line' id='line_1_32' title="bbox 216 2754 1246 2835; baseline 0.003 -18"><span class='ocrx_word' id='word_1_248' title='bbox 216 2758 365 2817; x_wconf 86' lang='lat' dir='ltr'><strong>matheum</strong></span> <span class='ocrx_word' id='word_1_249' title='bbox 380 2756 485 2815; x_wconf 85' lang='lat' dir='ltr'><strong>scribit</strong></span> <span class='ocrx_word' id='word_1_250' title='bbox 499 2754 555 2816; x_wconf 89' lang='lat' dir='ltr'><strong>hoc</strong></span> <span class='ocrx_word' id='word_1_251' title='bbox 577 2755 684 2815; x_wconf 90' lang='lat' dir='ltr'><strong>modo:</strong></span> <span class='ocrx_word' id='word_1_252' title='bbox 712 2754 864 2831; x_wconf 84' lang='lat' dir='ltr'><strong>Quomodo</strong></span> <span class='ocrx_word' id='word_1_253' title='bbox 886 2757 959 2816; x_wconf 88' lang='lat' dir='ltr'><strong>dum</strong></span> <span class='ocrx_word' id='word_1_254' title='bbox 972 2758 1072 2824; x_wconf 87' lang='lat' dir='ltr'><strong>uerba,</strong></span> <span class='ocrx_word' id='word_1_255' title='bbox 1098 2776 1182 2835; x_wconf 84' lang='lat' dir='ltr'><strong>quae</strong></span> <span class='ocrx_word' id='word_1_256' title='bbox 1245 2795 1246 2798; x_wconf 61' lang='lat'><em>=</em></span> 
     </span>
     <span class='ocr_line' id='line_1_33' title="bbox 216 2836 1179 2918; baseline -0.001 -17"><span class='ocrx_word' id='word_1_257' title='bbox 216 2839 331 2901; x_wconf 86' lang='lat' dir='ltr'><strong>locutus</strong></span> <span class='ocrx_word' id='word_1_258' title='bbox 353 2846 395 2897; x_wconf 88' lang='lat' dir='ltr'><strong>est</strong></span> <span class='ocrx_word' id='word_1_259' title='bbox 422 2836 570 2909; x_wconf 85' lang='lat' dir='ltr'><strong>Christus,</strong></span> <span class='ocrx_word' id='word_1_260' title='bbox 598 2836 700 2896; x_wconf 86' lang='lat' dir='ltr'><strong>eodem</strong></span> <span class='ocrx_word' id='word_1_261' title='bbox 714 2850 795 2909; x_wconf 84' lang='lat' dir='ltr'><strong>suet,</strong></span> <span class='ocrx_word' id='word_1_262' title='bbox 821 2856 896 2918; x_wconf 84' lang='lat' dir='ltr'><strong>quac</strong></span> <span class='ocrx_word' id='word_1_263' title='bbox 921 2836 1067 2901; x_wconf 84' lang='lat' dir='ltr'><strong>Sacerdos</strong></span> <span class='ocrx_word' id='word_1_264' title='bbox 1091 2858 1179 2900; x_wconf 77' lang='lat' dir='ltr'><strong>nuuc</strong></span> 
     </span>
    </p>
   </div>
   <div class='ocr_carea' id='block_1_3' title="bbox 95 2917 1181 3063">
    <p class='ocr_par' dir='ltr' id='par_1_3' title="bbox 95 2917 1181 3063">
     <span class='ocr_line' id='line_1_34' title="bbox 95 2917 1181 3001; baseline 0.004 -24"><span class='ocrx_word' id='word_1_265' title='bbox 95 2962 101 2977; x_wconf 80' lang='grc'><em>,</em></span> <span class='ocrx_word' id='word_1_266' title='bbox 152 2980 154 2985; x_wconf 78' lang='grc'>,</span> <span class='ocrx_word' id='word_1_267' title='bbox 217 2938 329 3001; x_wconf 81' lang='lat' dir='ltr'><strong>quoque</strong></span> <span class='ocrx_word' id='word_1_268' title='bbox 342 2920 561 2998; x_wconf 84' lang='lat' dir='ltr'><strong>pronuntiant:</strong></span> <span class='ocrx_word' id='word_1_269' title='bbox 588 2920 633 2977; x_wconf 89' lang='lat' dir='ltr'><strong>ito</strong></span> <span class='ocrx_word' id='word_1_270' title='bbox 649 2919 797 2979; x_wconf 85' lang='lat' dir='ltr'><strong>etoblatio</strong></span> <span class='ocrx_word' id='word_1_271' title='bbox 813 2919 915 2979; x_wconf 89' lang='lat' dir='ltr'><strong>cadem</strong></span> <span class='ocrx_word' id='word_1_272' title='bbox 931 2928 982 2979; x_wconf 87' lang='lat' dir='ltr'><strong>est.</strong></span> <span class='ocrx_word' id='word_1_273' title='bbox 1006 2917 1062 2979; x_wconf 86' lang='lat' dir='ltr'><strong>Est</strong></span> <span class='ocrx_word' id='word_1_274' title='bbox 1082 2938 1181 2995; x_wconf 83' lang='lat' dir='ltr'><strong>porro</strong></span> 
     </span>
     <span class='ocr_line' id='line_1_35' title="bbox 102 2998 1181 3063; baseline -0.003 2"><span class='ocrx_word' id='word_1_275' title='bbox 102 3006 103 3009; x_wconf 72' lang='grc'>’</span> <span class='ocrx_word' id='word_1_276' title='bbox 216 3004 313 3063; x_wconf 85' lang='lat' dir='ltr'><strong>simila</strong></span> <span class='ocrx_word' id='word_1_277' title='bbox 336 3000 410 3060; x_wconf 91' lang='lat' dir='ltr'><strong>illud</strong></span> <span class='ocrx_word' id='word_1_278' title='bbox 427 2998 550 3060; x_wconf 86' lang='lat' dir='ltr'><strong>Eusebii</strong></span> <span class='ocrx_word' id='word_1_279' title='bbox 573 2998 720 3062; x_wconf 87' lang='lat' dir='ltr'><strong>Emisseni</strong></span> <span class='ocrx_word' id='word_1_280' title='bbox 731 2998 866 3062; x_wconf 84' lang='lat' dir='ltr'><strong>Humilia</strong></span> <span class='ocrx_word' id='word_1_281' title='bbox 886 3003 922 3062; x_wconf 85' lang='lat' dir='ltr'><strong>iu</strong></span> <span class='ocrx_word' id='word_1_282' title='bbox 936 2999 1041 3061; x_wconf 83' lang='lat' dir='ltr'><strong>Remis</strong></span> <span class='ocrx_word' id='word_1_283' title='bbox 1059 3004 1181 3063; x_wconf 88' lang='lat' dir='ltr'><strong>Patmo-</strong></span> 
     </span>
    </p>
   </div>
   <div class='ocr_carea' id='block_1_4' title="bbox 215 3080 1246 3565">
    <p class='ocr_par' dir='ltr' id='par_1_4' title="bbox 215 3080 1246 3565">
     <span class='ocr_line' id='line_1_36' title="bbox 215 3080 1179 3159; baseline 0 -15"><span class='ocrx_word' id='word_1_284' title='bbox 215 3102 297 3145; x_wconf 88' lang='lat' dir='ltr'><strong>rum:</strong></span> <span class='ocrx_word' id='word_1_285' title='bbox 314 3081 402 3143; x_wconf 70' lang='lat' dir='ltr'><strong>Discit</strong></span> <span class='ocrx_word' id='word_1_286' title='bbox 418 3091 492 3141; x_wconf 86' lang='lat' dir='ltr'><strong>tuac</strong></span> <span class='ocrx_word' id='word_1_287' title='bbox 500 3100 557 3158; x_wconf 82' lang='lat' dir='ltr'><strong>per</strong></span> <span class='ocrx_word' id='word_1_288' title='bbox 571 3100 610 3147; x_wconf 86' lang='lat' dir='ltr'><strong>se,</strong></span> <span class='ocrx_word' id='word_1_289' title='bbox 630 3080 703 3141; x_wconf 85' lang='lat' dir='ltr'><strong>dicit</strong></span> <span class='ocrx_word' id='word_1_290' title='bbox 719 3092 744 3142; x_wconf 89' lang='lat' dir='ltr'><strong>et</strong></span> <span class='ocrx_word' id='word_1_291' title='bbox 759 3082 842 3141; x_wconf 90' lang='lat' dir='ltr'><strong>modo</strong></span> <span class='ocrx_word' id='word_1_292' title='bbox 853 3100 911 3159; x_wconf 81' lang='lat' dir='ltr'><strong>per</strong></span> <span class='ocrx_word' id='word_1_293' title='bbox 925 3100 993 3143; x_wconf 86' lang='lat' dir='ltr'><strong>suos</strong></span> <span class='ocrx_word' id='word_1_294' title='bbox 1004 3081 1179 3147; x_wconf 85' lang='lat' dir='ltr'><strong>Ministros:</strong></span> 
     </span>
     <span class='ocr_line' id='line_1_37' title="bbox 216 3160 1175 3241; baseline 0.002 -18"><span class='ocrx_word' id='word_1_295' title='bbox 216 3165 280 3228; x_wconf 85' lang='lat' dir='ltr'><strong>Hoc</strong></span> <span class='ocrx_word' id='word_1_296' title='bbox 302 3169 343 3223; x_wconf 90' lang='lat' dir='ltr'><strong>est</strong></span> <span class='ocrx_word' id='word_1_297' title='bbox 366 3162 478 3241; x_wconf 81' lang='lat' dir='ltr'><strong>Corpus</strong></span> <span class='ocrx_word' id='word_1_298' title='bbox 500 3181 609 3222; x_wconf 85' lang='lat' dir='ltr'><strong>meum.</strong></span> <span class='ocrx_word' id='word_1_299' title='bbox 634 3160 711 3222; x_wconf 88' lang='lat' dir='ltr'><strong>Vide</strong></span> <span class='ocrx_word' id='word_1_300' title='bbox 727 3163 838 3224; x_wconf 85' lang='lat' dir='ltr'><strong>Divum</strong></span> <span class='ocrx_word' id='word_1_301' title='bbox 859 3163 1022 3233; x_wconf 89' lang='lat' dir='ltr'><strong>Thomam‚</strong></span> <span class='ocrx_word' id='word_1_302' title='bbox 1047 3162 1175 3228; x_wconf 85' lang='lat' dir='ltr'><strong>3Part.</strong></span> 
     </span>
     <span class='ocr_line' id='line_1_38' title="bbox 216 3241 1246 3327; baseline 0.001 -20"><span class='ocrx_word' id='word_1_303' title='bbox 216 3255 330 3327; x_wconf 80' lang='lat' dir='ltr'><strong>quaest.</strong></span> <span class='ocrx_word' id='word_1_304' title='bbox 356 3244 398 3303; x_wconf 82' lang='lat'><strong>78</strong></span> <span class='ocrx_word' id='word_1_305' title='bbox 423 3254 485 3305; x_wconf 86' lang='lat' dir='ltr'><strong>art.</strong></span> <span class='ocrx_word' id='word_1_306' title='bbox 514 3245 550 3311; x_wconf 82' lang='lat'><strong>1;</strong></span> <span class='ocrx_word' id='word_1_307' title='bbox 574 3248 604 3305; x_wconf 88' lang='lat' dir='ltr'><strong>et</strong></span> <span class='ocrx_word' id='word_1_308' title='bbox 625 3244 660 3302; x_wconf 85' lang='lat' dir='ltr'><strong>io</strong></span> <span class='ocrx_word' id='word_1_309' title='bbox 685 3241 735 3305; x_wconf 87' lang='lat' dir='ltr'><strong>IV</strong></span> <span class='ocrx_word' id='word_1_310' title='bbox 754 3241 836 3305; x_wconf 83' lang='lat' dir='ltr'><strong>Scor.</strong></span> <span class='ocrx_word' id='word_1_311' title='bbox 860 3244 928 3305; x_wconf 87' lang='lat' dir='ltr'><strong>dist.</strong></span> <span class='ocrx_word' id='word_1_312' title='bbox 948 3245 968 3305; x_wconf 91' lang='lat'><strong><em>8</em></strong></span> <span class='ocrx_word' id='word_1_313' title='bbox 990 3253 1104 3325; x_wconf 81' lang='lat' dir='ltr'><strong>quaest.</strong></span> <span class='ocrx_word' id='word_1_314' title='bbox 1131 3247 1176 3308; x_wconf 78' lang='lat'><strong>12</strong></span> <span class='ocrx_word' id='word_1_315' title='bbox 1245 3283 1246 3292; x_wconf 28' lang='grc' dir='ltr'><strong>κ</strong></span> 
     </span>
     <span class='ocr_line' id='line_1_39' title="bbox 216 3323 1177 3398; baseline 0.003 -11"><span class='ocrx_word' id='word_1_316' title='bbox 216 3336 281 3387; x_wconf 71' lang='lat' dir='ltr'><strong>ortr</strong></span> <span class='ocrx_word' id='word_1_317' title='bbox 297 3327 331 3398; x_wconf 83' lang='lat'><strong>13</strong></span> <span class='ocrx_word' id='word_1_318' title='bbox 356 3323 579 3388; x_wconf 73' lang='lat' dir='ltr'><strong>catechismum</strong></span> <span class='ocrx_word' id='word_1_319' title='bbox 595 3323 765 3385; x_wconf 86' lang='lat' dir='ltr'><strong>Romanum</strong></span> <span class='ocrx_word' id='word_1_320' title='bbox 788 3326 824 3387; x_wconf 90' lang='lat' dir='ltr'><strong>de</strong></span> <span class='ocrx_word' id='word_1_321' title='bbox 840 3325 1035 3389; x_wconf 90' lang='lat' dir='ltr'><strong>Sacramenta</strong></span> <span class='ocrx_word' id='word_1_322' title='bbox 1049 3324 1177 3390; x_wconf 87' lang='lat' dir='ltr'><strong>Eucha-</strong></span> 
     </span>
     <span class='ocr_line' id='line_1_40' title="bbox 215 3405 1175 3489; baseline 0.002 -20"><span class='ocrx_word' id='word_1_323' title='bbox 215 3410 317 3470; x_wconf 89' lang='lat' dir='ltr'><strong>ristiae</strong></span> <span class='ocrx_word' id='word_1_324' title='bbox 333 3415 407 3468; x_wconf 89' lang='lat' dir='ltr'><strong>sect.</strong></span> <span class='ocrx_word' id='word_1_325' title='bbox 423 3406 478 3479; x_wconf 75' lang='lat'><strong>193</strong></span> <span class='ocrx_word' id='word_1_326' title='bbox 496 3413 528 3469; x_wconf 87' lang='lat' dir='ltr'><strong>ot</strong></span> <span class='ocrx_word' id='word_1_327' title='bbox 542 3405 732 3467; x_wconf 89' lang='lat' dir='ltr'><strong>Honoratum</strong></span> <span class='ocrx_word' id='word_1_328' title='bbox 745 3406 909 3489; x_wconf 77' lang='lat' dir='ltr'><strong>Tournely,</strong></span> <span class='ocrx_word' id='word_1_329' title='bbox 927 3407 961 3466; x_wconf 90' lang='lat' dir='ltr'><strong>de</strong></span> <span class='ocrx_word' id='word_1_330' title='bbox 973 3410 1175 3471; x_wconf 76' lang='lat' dir='ltr'><strong>Sacramenta</strong></span> 
     </span>
     <span class='ocr_line' id='line_1_41' title="bbox 215 3486 1176 3565; baseline 0.001 -14"><span class='ocrx_word' id='word_1_331' title='bbox 215 3489 425 3551; x_wconf 79' lang='lat' dir='ltr'><strong>Eucharistiae</strong></span> <span class='ocrx_word' id='word_1_332' title='bbox 447 3494 562 3565; x_wconf 86' lang='lat' dir='ltr'><strong>quaest.</strong></span> <span class='ocrx_word' id='word_1_333' title='bbox 582 3486 600 3547; x_wconf 75' lang='lat' dir='ltr'><strong>la</strong></span> <span class='ocrx_word' id='word_1_334' title='bbox 622 3486 718 3548; x_wconf 87' lang='lat' dir='ltr'><strong>art.8</strong></span> <span class='ocrx_word' id='word_1_335' title='bbox 739 3488 936 3551; x_wconf 86' lang='lat' dir='ltr'><strong>Conclusione</strong></span> <span class='ocrx_word' id='word_1_336' title='bbox 963 3490 994 3551; x_wconf 76' lang='lat'><strong>2.</strong></span> <span class='ocrx_word' id='word_1_337' title='bbox 1018 3488 1176 3552; x_wconf 87' lang='lat' dir='ltr'><strong>Christum</strong></span> 
     </span>
    </p>
   </div>
   <div class='ocr_carea' id='block_1_5' title="bbox 215 3568 1246 3664">
    <p class='ocr_par' dir='ltr' id='par_1_5' title="bbox 215 3568 1246 3664">
     <span class='ocr_line' id='line_1_42' title="bbox 215 3568 1246 3664; baseline 0.001 -31"><span class='ocrx_word' id='word_1_338' title='bbox 215 3571 317 3633; x_wconf 90' lang='lat' dir='ltr'><strong>lesum</strong></span> <span class='ocrx_word' id='word_1_339' title='bbox 348 3573 377 3631; x_wconf 92' lang='lat' dir='ltr'><strong>in</strong></span> <span class='ocrx_word' id='word_1_340' title='bbox 408 3573 512 3633; x_wconf 89' lang='lat' dir='ltr'><strong>ultima</strong></span> <span class='ocrx_word' id='word_1_341' title='bbox 544 3568 645 3632; x_wconf 87' lang='lat' dir='ltr'><strong>Coena</strong></span> <span class='ocrx_word' id='word_1_342' title='bbox 673 3568 789 3649; x_wconf 84' lang='lat' dir='ltr'><strong>Corpus</strong></span> <span class='ocrx_word' id='word_1_343' title='bbox 810 3590 899 3633; x_wconf 89' lang='lat' dir='ltr'><strong>suum</strong></span> <span class='ocrx_word' id='word_1_344' title='bbox 928 3579 959 3633; x_wconf 89' lang='lat' dir='ltr'><strong>et</strong></span> <span class='ocrx_word' id='word_1_345' title='bbox 986 3571 1170 3649; x_wconf 90' lang='lat' dir='ltr'><strong>Sanguinem</strong></span> <span class='ocrx_word' id='word_1_346' title='bbox 1245 3651 1246 3664; x_wconf 10' lang='grc' dir='ltr'>χ</span> 
     </span>
    </p>
   </div>
   <div class='ocr_carea' id='block_1_6' title="bbox 0 0 1264 4059">
    <p class='ocr_par' dir='ltr' id='par_1_6' title="bbox 0 0 1264 4059">
     <span class='ocr_line' id='line_1_43' title="bbox 0 0 1264 4059; baseline 0 2"><span class='ocrx_word' id='word_1_347' title='bbox 0 0 1264 4059; x_wconf 95' lang='lat' dir='ltr'><strong> </strong></span> 
     </span>
    </p>
   </div>
  </div>
 </body>
</html>
