2517 4059
462 185 665 260 -ssuib'iffl

90 310 219 371 fidelium
234 314 384 374 mentibus
405 316 597 379 recolendum
620 316 807 393 proponitur.
831 321 876 375 esi
892 315 1040 374 memoria

90 392 258 454 Dominieae
279 394 453 465 Passionis,
485 396 738 472 quemadmodum
761 396 890 456 advertit
910 396 1039 456 iiciioiie

90 475 121 533 ia
140 476 388 537 obsereaiionibus
410 477 450 537 ed
472 480 549 540 ritus
571 476 719 539 Eceierioe
738 474 947 539 laudunensis
969 494 1037 555 pag.
1134 476 1139 485 ’

88 552 145 617 809
168 577 197 615 n.
214 558 242 617 1.
266 557 298 617 id
321 559 412 619 eiiam
436 560 593 635 perspicue
615 559 771 638 designaut
791 576 895 619 sacrae
918 575 1037 635 preces,

89 654 121 696 ac
137 640 321 713 potissimum
344 638 482 702 Psoimus
497 638 574 701 xxi
600 642 720 702 recitari
741 641 846 701 soiiius
868 642 897 700 in
912 638 1039 701 Basilica

88 718 253 785 Vaticana,
278 722 351 779 dum
374 722 479 783 diiano
503 724 628 783 iavaiur.
657 722 727 781 Vim
758 730 790 783 et
811 739 906 797 aanae
928 726 1039 800 mysia·

89 802 177 871 rium,
201 802 309 879 quibus
332 804 491 879 praecipue
507 802 655 864 ditarium
672 806 786 864 abiuiio
808 802 974 881 perficitur,
994 802 1041 863 ita

90 885 208 959 exponit
228 882 391 944 Durandns
421 884 449 943 in
473 884 629 945 Roiionnii
659 885 844 945 Divinarum
869 881 1038 965 Officiorum

89 962 152 1023 Lib.
178 963 219 1025 Vl
241 962 315 1041 Cap.
339 964 401 1025 ’ἴθι
426 965 636 1046 inpierisque
661 967 731 1027 iocis
752 968 898 1025 moercar
921 966 1040 1026 iiioria

88 1046 215 1113 uiam-et
237 1064 343 1125 aqua,
368 1056 395 1105 ει
417 1048 511 1107 rumis
531 1048 700 1126 fricantur.
724 1044 881 1108 honneur
903 1065 971 1123 erpo
992 1045 1041 1105 ii·

89 1128 169 1185 iuria
191 1145 282 1205 aquo,
306 1137 332 1187 ει
354 1128 422 1189 uino
443 1126 684 1207 adnectendum,
709 1128 788 1210 quoii
812 1127 928 1205 Corpus
954 1126 1041 1189 Ciri-

88 1211 134 1275 sii‚
159 1208 236 1286 quod
250 1218 292 1269 esi
308 1229 412 1269 oerum
426 1212 536 1277 ditare,
560 1212 718 1287 sanquine,
741 1221 767 1270 ει
790 1228 870 1289 equo
891 1211 924 1269 in
942 1207 1039 1270 Cruce

88 1307 235 1368 aspersum
258 1300 320 1359 esi,
345 1308 416 1350 uum
439 1290 473 1350 de
494 1290 587 1373 ipsius
609 1291 702 1351 iniere
725 1290 818 1353 eoiuii
838 1292 983 1366 sanquis,
1012 1299 1039 1350 ei

89 1388 164 1449 apua
181 1414 188 1441 ‚
208 1389 268 1449 per
291 1390 366 1449 puae
387 1391 477 1449 penus
494 1372 662 1433 humanum
690 1374 782 1433 icium
806 1383 856 1432 esi.
886 1370 1040 1449 Ruperius

88 1468 156 1512 vero
179 1453 217 1511 do
239 1452 350 1513 diuinis
376 1450 484 1535 Officiis
505 1452 572 1513 Lib.
592 1452 619 1510 V
641 1452 714 1529 Cap„
732 1453 768 1513 31
793 1455 835 1513 sic
857 1454 1038 1529 inierpreia÷

89 1538 155 1593 iun:
180 1532 298 1593 Idcirco
314 1536 431 1595 Aliaria
452 1536 552 1595 ianori
573 1534 746 1615 insiiiuium
769 1545 819 1607 esi,
843 1535 916 1613 puio
938 1532 1040 1593 Domi·

90 1632 141 1675 nus
162 1612 281 1683 Noster,
307 1635 392 1694 quem
408 1614 513 1675 Aiiare
527 1615 688 1695 sipnificoi,
712 1614 746 1674 de
761 1618 854 1676 iniere
865 1616 968 1675 iuncea
983 1613 1041 1673 mi·

89 1696 146 1755 iiiis
155 1697 314 1775 perforato
328 1698 516 1777 sanquinem,
541 1708 566 1758 ei
588 1716 699 1775 aquam
716 1696 831 1776 effudit.
849 1696 918 1755 ideo
933 1699 1038 1756 ianua·

90 1785 137 1836 iur
151 1778 234 1843 eino,
259 1784 284 1835 ei
306 1796 397 1855 aqua.
425 1778 534 1841 Vinum
553 1797 611 1857 pro
626 1780 773 1856 sanquine
793 1778 829 1837 in
844 1774 1041 1837 Sacramenta

89 1876 199 1937 quoque
225 1858 384 1939 Sacrifieii,
408 1860 470 1939 ipso
496 1860 623 1920 Domino
649 1861 786 1928 notiore,
813 1858 960 1919 adscitum
984 1865 1036 1917 esi.

89 1940 289 2017 Sonpuiuem,
316 1943 462 2020 iuquam,
495 1950 521 1999 ei
544 1959 655 2019 aquam
683 1938 787 2025 effudit
817 1938 852 2000 de
874 1941 967 2001 iniere
987 1956 1039 1999 suo

89 2038 217 2080 summus
233 2032 349 2082 nostrae
364 2024 465 2102 opifer:
486 2024 599 2089 suiuiis,
624 2040 701 2102 quoe
709 2022 812 2099 prima
826 2031 894 2081 suni
910 2017 1041 2101 ejusdem

19 2136 20 2171 3
90 2102 228 2161 elementa
242 2104 366 2163 sciuris:
389 2104 534 2183 sanquine
550 2103 744 2171 redimimur,
769 2120 851 2181 aquo
873 2101 1036 2180 abluimur.

88 2180 170 2243 Hane
198 2184 324 2251 eandem
352 2184 629 2259 interpretationem
660 2190 805 2261 seqnuips
836 2191 881 2245 esi
915 2184 1040 2243 ioannes

90 2264 190 2327 Beieih
203 2266 238 2324 in
253 2263 408 2325 Roiiouaii
422 2266 603 2327 Bidinorum
619 2262 645 2323 0
676 2260 957 2341 eiorirmCap.10b:
971 2264 1042 2326 Vini

19 2404 20 2409 ,
91 2366 167 2425 apua
187 2346 346 2424 eomeeiuii
368 2346 498 2427 diffusio,
527 2366 605 2425 qliae
651 2355 737 2423 iper
760 2366 895 2407 mensam
917 2348 1041 2407 ditaris.

91 2426 245 2509 Sipuifieai
268 2429 563 2489 communieuiionem
589 2429 708 2489 virtutis
730 2429 903 2489 Dominicue
925 2426 1042 2488 Persio·

92 2511 148 2580 nis,
175 2520 203 2569 ει
233 2510 498 2589 sanctificationem
525 2507 673 2569 Ecclesiae
699 2529 774 2589 qnae
799 2512 939 2571 unctione
965 2510 1039 2571 san·

93 2594 186 2667 peinis
206 2592 317 2655 Christi
332 2590 467 2651 dedicata
482 2590 554 2669 [uit.
571 2586 742 2670 .isperpiiia
755 2610 826 2651 uero
840 2612 907 2651 cum
923 2609 1042 2651 rumen·

94 2672 128 2732 iis
150 2674 184 2731 in
198 2672 322 2733 modum
346 2690 483 2739 coronae,
510 2689 561 2731 seu
588 2671 766 2733 diadematis
791 2674 824 2733 in
845 2674 954 2735 reriiee
974 2691 1043 2732 con·

95 2754 222 2830 plebeiis,
252 2754 357 2831 quibus
381 2756 500 2815 utimur
526 2752 566 2811 ud
592 2754 772 2814 abluendum
797 2752 913 2822 Aiiore,
942 2753 1044 2835 expri-

19 2882 20 2901 2
96 2848 172 2897 mune
196 2854 339 2895 eoronam
366 2854 379 2893 e
407 2835 501 2914 spinis
527 2847 704 2904 consertum,
731 2833 918 2916 infixamque
947 2834 1042 2913 copiti

19 2942 20 2965 ι
96 2914 245 2977 Dominae.
277 2916 409 2994 Speciem
434 2935 548 2995 quaque
572 2917 737 2996 fluprorum
768 2919 923 2979 sciciderit.
952 2926 978 2975 ei
1000 2917 1064 2975 si·.

97 2998 230 3079 pnifieure
250 3009 375 3075 possum
404 2997 552 3070 inimuniu
567 2998 694 3076 flapeiia,
721 3000 826 3077 quibus
852 2995 991 3064 uindex,
1016 3004 1043 3055 ci

99 3091 219 3141 usserior
249 3091 345 3137 nosier
365 3097 423 3157 pro
449 3078 529 3137 nobis
544 3080 710 3139 carrissime
740 3078 904 3159 discerptus
934 3085 985 3137 est.
1002 3072 1043 3135 U·

100 3163 227 3236 iramque
258 3159 503 3237 significationem
527 3162 667 3236 proponit
688 3160 847 3242 Durandns
878 3159 913 3218 in
941 3156 1045 3218 iiniio·

100 3244 154 3303 uuii
171 3242 349 3317 Divinarum
377 3238 543 3323 officiorum
560 3238 626 3301 Lib.
644 3240 688 3302 vl
709 3242 782 3320 Cep.
805 3238 859 3303 76.
883 3238 1042 3319 spongiae,

100 3340 167 3399 quae
190 3328 218 3385 in
243 3323 368 3384 aniiica
383 3322 540 3387 Vaticana,
565 3324 727 3399 multisque
750 3323 815 3383 aiiis
837 3322 934 3383 Latini
956 3321 1043 3380 Ritus

101 3404 242 3474 Eeciesiis,
267 3412 358 3483 eiquo
381 3405 472 3464 eiiam
495 3404 572 3481 apud
589 3400 721 3465 Graecos
743 3406 773 3465 iu
796 3404 908 3465 ditaris
929 3404 1043 3468 absier·

102 3489 172 3551 sione
192 3488 329 3549 adhiberi
352 3487 448 3548 soloni
469 3483 638 3563 significare
665 3486 805 3561 videniur
834 3486 989 3561 spongiam
1011 3480 1043 3541 il·

19 3570 20 3579 ’
103 3568 163 3643 inm,
185 3588 278 3648 quam
293 3567 420 3641 noiomo,
444 3567 492 3629 vei
509 3567 655 3630 arundini
665 3568 781 3627 circum
797 3567 936 3645 positam,
960 3570 1044 3627 aneio
