2517 4059
444 207 673 281 mbfflffl·

18 362 22 380 ⁵
90 355 156 400 esre.
181 336 400 400 communione
425 339 519 400 unius·
543 345 663 401 tantum
684 339 795 418 speciei
821 343 976 400 aeternam
998 341 1044 400 vi·

93 427 151 482 lam
174 418 327 489 conierri,
353 419 445 480 babes
466 440 505 482 ex
527 420 639 483 luanne
660 422 733 499 Cap.
759 419 802 480 Vl
822 437 851 479 a.
876 420 918 482 52
938 429 969 483 et
989 421 1041 486 59..

89 502 124 564 St
145 501 215 580 ostie
233 499 468 563 maceraverit·
486 521 526 564 en·
547 505 601 563 boo
616 520 696 584 ponc
716 505 797 564 oium
817 502 852 560 in
873 510 1040 564 ammaum.

89 581 132 644 Et·
148 583 238 643 dirus
258 581 369 644 Paulus
392 581 526 668 Epistola
542 584 562 646 1¹
578 587 620 645 ad·
630 585 810 646 Corinthios·
822 581 894 660 Gap.
912 582 941 643 lt
955 601 985 644 t.
1001 584 1047 645 2⁷

89 663 271 744 disjunctive
284 663 341 724 all:
368 663 558 745 thnmqtoo
576 666 806 728 manducaverit
821 683 933 745 panem
955 667 1041 734 bane,

87 747 135 808 ccl
152 746 260 806 biberit
277 743 408 808 delitam
423 746 558 808 Domini.
584 748 707 825 Insuper
729 747 843 807 nullum
865 753 947 807 extat
968 748 1043 807 divi-

89 843 161 891 nans
185 835 377 904 praeceptum
400 844 460 903 qno
482 831 703 907 adstringantur
720 830 787 888 laici
809 836 843 888 et
854 826 975 896 Clerici,
998 836 1044 890 at·

17 923 18 964 l
89 927 147 987 que
169 911 260 968 etiam
275 907 455 971 Sacerdotes·
474 913 525 986 qul
544 911 664 972 Missam
686 931 745 971 non
760 911 925 981 celebrant,
943 912 1043 971 adac-

88 991 260 1070 cipiendum
275 988 503 1051 Sacramentum
522 994 577 1052 sub
590 1001 718 1071 intraque
732 993 842 1068 specie.
857 990 946 1052 Plura
961 995 1041 1052 enim

89 1079 121 1133 et
139 1077 275 1133 remotae
297 1074 481 1150 antiquitatis
503 1080 625 1151 precato
644 1081 714 1135 sunt
735 1079 942 1142 monumenta,
965 1093 1043 1152 quaa

88 1154 144 1216 sub
172 1171 230 1214 arna
252 1155 351 1229 specie
374 1153 583 1216 Eucharistiae
612 1157 836 1216 communicari
851 1157 1043 1217 consuevisse

89 1242 149 1296 tam
175 1236 332 1311 perspicue
354 1236 536 1300 ostendunt.
562 1243 597 1297 ut
617 1237 838 1303 emissenus.
862 1231 914 1313 oui
937 1238 971 1295 idt
988 1238 1044 1298 im·

88 1318 238 1396 pudenter
258 1316 437 1386 inficiantur,
455 1319 549 1377 oculis
571 1327 675 1396 captos
691 1321 799 1379 merito
814 1319 937 1377 dixeris.
953 1317 1044 1378 Cons-

17 1441 19 1468 .
88 1399 262 1463 munionem
286 1399 347 1459 snb»
364 1417 422 1459 una
442 1401 541 1476 specle
564 1407 681 1461 tanturn
703 1401 843 1460 usitatam
866 1400 936 1458 olim
953 1400 1044 1461 misse

88 1481 202 1559 protae
219 1498 285 1540 mos
307 1481 382 1548 ille,
409 1497 469 1558 quo
495 1485 627 1558 aegrotis·
646 1474 872 1543 Euclraristieus
894 1481 1047 1541 duntaxat

88 1565 177 1640 panis
203 1563 441 1622 ministrabatur.
465 1561 529 1622 Srub
553 1583 612 1624 una
640 1564 796 1623 dumtaxat
827 1563 926 1640 specie
959 1581 1042 1624 sacra

17 1710 20 1721 Ι
86 1641 278 1705 Eucharistia
296 1642 425 1704 reiectus
441 1642 472 1703 S.
490 1645 669 1704 Ambrosius
692 1662 763 1705 cum
784 1647 871 1704 morti
889 1646 1044 1720 proximus

16 1729 17 1732 ’
87 1732 197 1796 essetsc
231 1727 273 1786 ali
300 1725 395 1786 rellert
415 1723 557 1785 Paulinus
580 1725 732 1786 Diaconos
754 1727 783 1785 in
805 1724 872 1801 ejus
894 1727 966 1788 vita,
990 1726 1045 1785 sub

88 1825 151 1868 una
185 1809 285 1884 spade
318 1806 558 1866 administratam
591 1808 665 1867 olim
699 1807 790 1868 luisse
821 1807 1045 1867 Eucharistiam

16 1883 17 1892 ’
87 1889 205 1966 probat
221 1889 311 1948 marn
335 1887 491 1948 iniantlrim
514 1886 705 1949 Communia.
730 1886 824 1948 Unius
852 1890 961 1964 speciei
985 1888 1045 1948 Eu·

86 1971 235 2030 charistia
250 1970 536 2030 administrationem
560 1971 771 2048 probabatiam
785 1971 947 2030 domestica
959 1967 1046 2032 Com·

87 2051 205 2120 munio,
230 2059 261 2111 et
282 2051 520 2112 veterascamus
542 2070 612 2113 cum
636 2053 673 2112 de
688 2049 879 2111 Eucharistia
902 2052 983 2111 domi
1000 2071 1047 2114 re·

86 2139 214 2196 sarvam
231 2133 404 2209 loquuntur,
430 2135 548 2192 nonnisi
570 2135 658 2194 unius
674 2134 756 2211 panis
778 2135 908 2210 speciem
931 2150 1045 2193 memo·

85 2221 171 2276 rant.
190 2211 252 2274 Nec
274 2214 362 2274 aliter
383 2217 654 2274 communicabant
669 2214 881 2276 bnacborelae
902 2217 932 2274 in
953 2217 1046 2275 uastis

85 2295 316 2358 solitudinibus.
333 2295 407 2355 ldeo
427 2295 564 2375 Synodus
580 2297 756 2358 Tridentina
774 2313 792 2355 a
807 2297 921 2375 Spiritu
937 2295 1045 2356 Sancto

84 2379 205 2442 edocta,
230 2395 263 2436 ac
285 2378 377 2454 ipsius
399 2375 551 2438 Ecclesiae
574 2380 717 2439 indicium
740 2395 774 2437 ae
797 2377 1044 2439 consuetudinem

86 2464 241 2536 ammata,
266 2458 433 2519 declararit·
462 2465 496 2520 et
524 2461 626 2520 docuit
648 2462 739 2519 laicos
771 2465 803 2518 ct
823 2457 954 2519 Clerioos
985 2477 1043 2518 non

87 2538 296 2610 conficientes,
312 2541 394 2600 nullo
416 2541 515 2600 (lirino
537 2549 697 2620 praecepto
720 2541 844 2617 obligari
867 2542 904 2600 ad
926 2557 1046 2602 suanen-

86 2622 163 2683 cam·
177 2617 396 2682 Eucharistiarn
420 2623 475 2682 sub
492 2629 619 2700 utraque
637 2625 749 2702 specie.
765 2622 870 2695 Qisare
889 2622 1041 2702 gravibus,

87 2719 125 2764 ac
148 2702 235 2764 iustis
268 2705 366 2764 musis
397 2703 527 2764 adducta
548 2711 684 2764 veterem
716 2703 966 2766 consuetudinem
997 2723 1046 2765 su-

88 2785 191 2845 mendi
214 2783 438 2846 llbcbaristiam
462 2785 518 2846 sub
532 2793 663 2861 raraque
676 2789 787 2864 specie,
805 2803 882 2863 quae
901 2783 962 2864 jam
979 2780 1043 2848 iere

89 2865 224 2927 deflerat*
238 2865 335 2927 altera
354 2867 553 2928 commutarit
574 2869 629 2928 sub
653 2885 712 2928 una
734 2870 894 2929 dumtaxat
912 2886 1046 2929 commu·

14 3015 15 3046 ᾗ
88 2946 228 3020 ηῐοᾶηάὴ
243 2951 339 3026 atque
356 2949 432 3010 lianc
454 2964 509 3028 pro
532 2948 599 3030 lage
619 2950 789 3010 habendam
812 2950 956 3012 decrerit.

382 3161 384 3166 .
419 3097 549 3160 cauci
575 3099 713 3161 XXXV.

14 3291 16 3310 ‚
128 3249 172 3292 DE
193 3247 375 3300 ᾼΝΤΙΡΗΟΝΔ
398 3247 484 3306 Quale
505 3249 689 3305 conabam,
713 3250 754 3293 BT
775 3249 819 3292 DE
839 3248 1001 3294 casalone

267 3329 352 3386 Quas
373 3330 627 3378 postconsulatum
649 3332 868 3385 nuncupatus.

129 3448 156 3510 l.
178 3447 292 3512 Versus
313 3469 351 3512 cx
372 3449 499 3512 Psalmis
522 3454 644 3528 petitus,
669 3453 724 3529 qui
743 3435 821 3513 nanc
843 3449 1041 3512 aSacerdoti·

89 3531 145 3592 bns
168 3532 197 3591 in
220 3529 320 3592 llllssis
342 3534 466 3612 privatis
489 3541 556 3612 post
577 3532 818 3610 purificationem
840 3531 949 3594 Calicis
971 3531 1045 3601 dici-

76 3619 158 3685 ,tur‚
184 3619 216 3676 et
236 3615 265 3673 in
288 3615 378 3676 Missa
401 3615 527 3677 solemni
551 3618 665 3678 cantari
687 3616 763 3678 solet
784 3634 801 3676 a
823 3611 947 3686 Chora,
972 3612 1042 3677 olim

227 3708 287 3762 vol.
305 3713 340 3764 11.
876 3712 909 3765 ³1
