2517 4059
429 185 634 257 *Wlffl-

58 317 198 390 spectaret
220 314 424 391 poenitentiae
447 315 527 390 leges
550 332 687 392 ponere,
708 310 843 375 Canones
864 312 1005 381 condere,

58 394 196 471 publicam
223 396 438 471 poenitentiam
461 398 637 469 decerner03
662 396 735 457 illud
759 396 953 456 nibilominus
973 397 1010 455 li·

55 482 130 551 ,quet,
152 477 234 553 quod
253 476 300 538 vel
319 480 423 551 primis
445 476 555 539 Christi
579 478 719 548 saeculis,
743 480 906 548 saeviente,
929 495 1008 555 quae

58 558 200 619 virissima
215 559 288 629 luit,
307 558 390 620 Decii
414 562 442 620 in
459 558 646 621 Christianos
662 562 922 638 persecutionem
937 562 1009 621 sori·

58 638 95 699 bit
115 639 258 701 Socrates
279 640 346 702 Lib.
364 641 392 704 V
414 641 577 710 Historiae,
601 639 675 719 Cap.
692 639 783 712 XlX,
807 640 1010 703 Ecclesiarum

58 717 187 804 Episcopi
215 722 340 785 Conooi
361 724 588 806 odjonoesruoi,
611 734 647 785 ut
668 724 702 783 in
722 726 849 803 sinesiis
870 721 1009 787 Ecclesir's

57 800 207 884 Presbyter
231 806 360 885 quidam
376 805 575 867 Poeniteoiioo
595 806 833 887 promoscidam
849 805 921 865 olim
935 823 1007 883 ergo

57 883 106 945 luit
128 887 157 945 in
180 884 323 949 Ecclesia
345 887 532 969 Presbyter.
557 906 647 965 quem
670 892 780 949 uocant
808 888 1008 949 Poenitentia·

57 968 137 1027 rium.
155 967 225 1029 Nou
249 970 329 1032 enim
353 972 451 1049 primo
473 972 626 1031 institutus
648 968 705 1031 luit
724 970 763 1029 ab
778 969 949 1031 innocentio
963 966 1008 1029 lll

56 1046 79 1105 in
94 1048 214 1127 Spnodo
238 1051 442 1114 Oecumenioa
458 1052 652 1113 Laterauensi
675 1051 789 1122 1v,usi
812 1050 933 1129 quidam
956 1068 1010 1111 au·

56 1136 174 1193 tumant.
206 1134 240 1195 Si
270 1136 349 1195 enim
376 1134 619 1196 retrolleotamus
643 1134 764 1213 uestigia
787 1135 816 1194 in
840 1132 1010 1211 superiores

55 1216 185 1283 aetates,
211 1222 249 1277 ut
269 1218 342 1277 scite
364 1217 504 1279 observat
527 1218 556 1277 iu
578 1233 631 1277 sua
655 1214 760 1281 Veteri
789 1234 823 1277 ac
844 1213 928 1275 Nova
949 1210 1009 1275 Ec·

57 1293 156 1357 elesiae
178 1298 341 1377 disciplina
364 1300 410 1359 vir
432 1299 616 1359 clarissimus
630 1298 860 1367 Thomassinus,
883 1296 972 1357 Parte
995 1294 1009 1355 1

57 1372 115 1436 Lib.
138 1378 169 1440 ll
191 1376 269 1458 Cap.
286 1379 317 1440 X
338 1378 428 1441 Num.
447 1380 486 1451 V,
505 1381 613 1441 obvius
628 1380 714 1441 nobis
735 1379 868 1457 prodibit
887 1376 1010 1439 Contes-

57 1473 99 1514 s0r
118 1465 273 1536 generalis
295 1462 443 1541 cujusque
466 1463 656 1524 Dioeceseos.
686 1460 781 1523 Erant
802 1463 925 1537 insuper
947 1458 1008 1521 Ro·

58 1543 144 1602 manis
155 1541 357 1606 Pontificibus
367 1547 412 1605 sui
424 1544 648 1606 Poeuitentiarii
661 1549 730 1605 ante
742 1543 948 1604 innocentium
965 1540 1010 1602 lll

57 1626 167 1685 stante
189 1624 316 1686 Conciiii
338 1626 547 1688 iateranensis
561 1626 602 1688 tv
619 1630 768 1705 tempora.
794 1624 956 1687 Decretum
978 1624 1009 1683 in

58 1699 179 1767 Concilio
193 1706 400 1771 Oeeumeuico
414 1708 605 1771 Lateranensi
619 1710 656 1769 de
668 1707 831 1769 Penitentia
838 1708 888 1767 riis
896 1708 1008 1782 ubique

59 1790 200 1849 terrarum
231 1792 397 1853 statuendis
424 1791 577 1852 eonditum
611 1791 679 1854 luit.
710 1789 781 1851 Post
807 1796 1007 1849 memoratum

59 1864 219 1932 Concilium
243 1871 287 1934 lv
298 1872 499 1935 Lateranense
514 1874 563 1933 uix
580 1871 717 1951 Synodos
739 1871 881 1940 invenies,
900 1872 929 1929 in
944 1871 1010 1946 qui·

60 1946 107 2008 bus
127 1952 163 2013 de
185 1949 372 2033 Presbytero
393 1955 625 2017 Poenitenliario
647 1954 760 2014 montio
783 1970 840 2011 non
862 1951 924 2012 frat.
948 1950 1008 2012 Vo-

60 2027 106 2091 luit
121 2036 242 2098 tandem
258 2034 425 2099 Concilium
441 2036 647 2098 Tridentinum
660 2034 797 2096 Sessione
808 2031 915 2095 xxiv
932 2033 1007 2111 Cap.

60 2107 133 2181 v111,
149 2124 183 2178 ut
197 2119 402 2181 Poniteniiarii
427 2137 536 2195 munus
557 2120 586 2179 in
603 2118 741 2198 perpetui
756 2116 897 2177 Renelicii
910 2124 941 2177 st
956 2114 1007 2175 lii·

61 2196 169 2269 gnitatis
192 2202 320 2279 gradum
344 2202 539 2263 eveheretur.
894 2206 900 2219 ‘

49 2346 52 2355 ,
95 2274 131 2339 V.
154 2279 246 2343 Ritus
261 2284 436 2363 aspergendi
452 2285 552 2343 cinere
570 2283 756 2361 poenitentes
769 2280 947 2355 ¹desumptus
962 2284 1008 2341 est

62 2359 171 2430 quidem
194 2384 214 2425 a
242 2363 345 2426 Veteri
368 2365 585 2432 Testamento,
611 2364 640 2423 in
661 2381 722 2440 quo
743 2364 852 2440 passim
876 2362 1006 2439 iegitur,

62 2434 176 2505 ludaeos
200 2447 232 2507 in
248 2449 415 2510 moestitiae
439 2448 579 2508 indicium
603 2463 690 2507 sacro
711 2449 834 2521 opertos
856 2445 956 2505 einero
977 2460 1009 2503 se

63 2530 266 2601 conspersisse.
295 2526 385 2591 Hunc
409 2547 524 2591 morem
547 2526 578 2589 et
599 2529 714 2603 primos
735 2526 922 2587 Christianos
943 2541 1011 2587 ser-
1036 2572 1039 2578 .

28 2660 32 2674 ,
63 2618 147 2678 rasse,
161 2626 234 2671 cum
258 2611 294 2670 de
310 2613 371 2672 suis
386 2613 561 2673 criminibus
577 2609 787 2683 poenitentiam
803 2613 939 2684 agerent,
957 2606 1009 2666 do·

64 2694 122 2747 cent
142 2709 195 2753 nos
220 2692 423 2755 Tertullianus
445 2693 534 2754 Libro
556 2690 600 2751 Do
616 2689 781 2770 pudicitia,
805 2688 877 2764 Cap.
894 2689 934 2750 V.
951 2687 1010 2749 Pro

66 2770 195 2833 varietate
220 2774 426 2836 Ecclesiarum
448 2777 548 2835 variae
570 2779 601 2833 et
622 2779 708 2833 erant
729 2771 801 2831 oiim
823 2771 1003 2832 Orationum

65 2842 220 2928 formulae,
246 2857 353 2934 quibus
375 2858 492 2919 cineres
514 2854 787 2921 benedicebantur,
813 2855 856 2914 uti
881 2854 910 2913 in
933 2852 1009 2911 anti-

69 2931 124 3002 luis
139 2930 350 3017 manuscriptis
365 2938 535 2999 Missalibus
550 2944 582 2999 et
596 2935 819 2996 Pontibeaiibus
835 2934 937 2994 ridere
951 2939 1007 2995 est.

68 3005 132 3075 lllud
157 3038 278 3098 quoque
300 3022 337 3081 de
365 3022 514 3082 cineribus
544 3020 608 3081 istis
636 3017 838 3077 adnotandum
875 3033 1009 3084 censeo,

70 3099 134 3165 lrrod
156 3120 266 3182 nempe
300 3122 357 3165 uon
380 3103 467 3165 modo
500 3102 536 3163 ab
559 3102 707 3177 Episcopo
736 3098 1008 3165 benedicerentur,

70 3176 111 3235 Sed
130 3186 218 3247 etiam
242 3205 319 3265 aqua
343 3184 497 3253 benedicta
519 3186 775 3260 aspergerentur,
800 3184 834 3240 ut
854 3198 908 3257 pro
930 3195 1011 3239 coru-

72 3270 143 3332 berto
164 3268 309 3329 babemus
332 3286 369 3328 ex
386 3268 523 3342 plurimis
540 3263 771 3325 Pontificalibus.
795 3258 842 3320 Es
857 3262 943 3323 dictis
957 3261 1011 3323 de·

73 3337 188 3420 ducitur,
212 3350 292 3428 quod
315 3350 425 3426 passim
441 3348 551 3409 eruditi
573 3347 734 3423 scriptores
756 3345 885 3416 docent,
909 3361 1009 3403 saeros

74 3422 194 3502 eineres,
218 3433 325 3511 quibus
348 3431 432 3491 initio
454 3426 709 3505 Quadragesimae
742 3444 845 3487 omnes
872 3426 1010 3503 adspergi

76 3506 200 3585 tolomus,
223 3514 260 3574 ad
277 3514 356 3575 solos
368 3512 505 3589 publicos
520 3510 591 3571 olim
614 3514 802 3586 poenitentes
817 3508 1007 3585 pertinuisse,

76 3589 304 3673 subseqnentibus
331 3600 430 3657 autem
454 3593 639 3672 temporibus
661 3593 775 3668 aliquos
797 3591 907 3667 pietate
939 3586 1009 3645 insi·
