2517 4059
480 225 705 295 nemimem·

108 370 167 431 go,
192 352 313 427 penitus
334 354 498 429 ignoratur.
523 352 625 417 Bissus
647 354 677 413 in
700 372 753 413 suo
775 350 874 429 Opere
898 351 955 412 Lit.
976 352 1013 411 A.
1040 371 1070 409 n.

104 432 181 514 ..too
203 432 270 504 §.le
293 451 362 493 oum
387 434 516 493 multum
533 436 569 495 de
583 418 697 512 origine
713 437 779 495 talis
801 434 961 495 Arundinis
983 450 1074 509 utrae·

105 516 224 586 aierit,
247 515 358 575 latetur
379 532 411 573 se
434 515 507 587 nibil
531 516 689 577 invenisse.
714 516 849 577 Marteoe
883 514 917 575 dc
946 518 1074 594 antiqno

115 596 458 673 Ecclesiae-Disciplina
469 598 503 656 in
516 597 626 658 divinis
637 596 820 658 celebrandis
836 595 945 681 Officiis
959 594 1074 673 Capias

114 678 177 737 ubi¹
194 679 310 737 erudite
332 681 403 738 satis
429 696 485 738 suo
508 696 591 740 more
621 680 741 751 disserit
773 680 809 739 de
831 678 948 739 ursinus
976 676 1073 738 Ossicii

115 758 213 837 hujus
228 761 299 827 diei,
325 760 440 819 nullum
455 761 583 821 verbum
601 762 672 821 lacit
685 761 723 822 de
738 762 851 837 origine
872 758 966 837 hujus
979 758 1074 819 Arun—
1175 794 1183 811 ·

116 840 207 901 dinis.
232 838 315 901 Haeo
331 841 456 901 Arundo
471 844 500 900 in
516 844 609 903 veteri
628 843 786 919 Disciplina
804 844 978 910 llonastica,
996 841 1074 903 edita

63 988 67 993 ,
117 940 136 983 a
159 922 344 1000 Marquardo
366 919 514 1000 Heorgott
542 924 694 985 Monacho
715 924 907 985 Benedictino
929 918 960 984 S'.
985 920 1075 982 Blasii

117 1005 148 1063 in
171 1002 331 1065 Germania
355 1001 426 1082 Cap.
445 1003 489 1063 68·
502 1013 626 1070 vocatur
649 1004 769 1083 Pertictt
791 1025 858 1065 cnm
876 1002 1016 1065 candelis.
1029 1004 1076 1063 *ln

116 1084 284 1147 Pontificali
299 1086 451 1148 Ecclesiae
467 1086 669 1165 Pietationsis,
694 1095 724 1148 et
739 1088 770 1147 in·
783 1089 895 1149 Missali
911 1086 1077 1147 nranuscri-
1197 1122 1200 1129 ‚

118 1174 172 1247 pto
184 1168 340 1247 Ecclesiae
351 1168 547 1237 ‚Arelatensis
562 1172 617 1229 iste
633 1168 746 1231 Cereus
762 1170 851 1228 trium
869 1168 1074 1235 candelarum,
1097 1208 1106 1221 .

118 1249 241 1312 dicitur.
265 1249 343 1325 quod
366 1251 405 1309 sit
419 1250 578 1327 dispositus
601 1253 630 1309 in
655 1250 777 1311 modum
803 1248 935 1319 Colobri,
961 1252 989 1309 in
1005 1244 1076 1324 figu-

118 1348 186 1389 ram
211 1330 371 1409 Serpentis.
397 1329 428 1388 lo
444 1326 662 1392 caeremoniali
679 1332 864 1393 cluniacensi
889 1349 942 1391 nec
966 1347 1023 1391 non
1039 1330 1075 1388 iu
1136 1348 1139 1354 ’

119 1408 287 1472 Concordia
303 1412 334 1471 S.
352 1411 495 1472 liunstani
511 1413 691 1483 describitur
707 1412 892 1493 haeo.}lasta
915 1431 988 1479 curn¹
1003 1413 1079 1469 ima·
1102 1473 1105 1477 ,

110 1495 189 1571 ¹gine
212 1493 390 1571 Serpentis,
425 1513 494 1554 cnm
518 1492 639 1557 candela
653 1513 673 1566 ,·
691 1504 771 1572 quao'
791 1496 829 1553 iu
850 1497 903 1556 ore
919 1492 1076 1571 ‘praedicti

83 1578 94 1611 s
118 1574 276 1653 Serpentis
299 1573 387 1634 infixa
414 1581 469 1634 est.
498 1573 860 1651 loannes-Abrincensis,
884 1570 1077 1651 Cereus-fin·

117 1658 196 1733 quit,
220 1658 402 1718 accendatur
425 1658 453 1715 in
469 1658 598 1733 quadam
615 1658 721 1723 Hasta,
749 1659 777 1716 in
793 1656 878 1734 cujus
902 1657 1076 1717 summitate

120 1738 235 1814 effigies
255 1738 414 1814 Serpentis
440 1729 596 1800 habeatur.
623 1740 670 1801 Ex
687 1740 844 1816 hucusque
870 1738 967 1806 dictis,
996 1742 1075 1813 patet

119 1821 360 1896 antiquissimum
376 1838 441 1880 esse
467 1822 638 1897 praedictae
651 1819 813 1881 Arundinis
841 1838 940 1887 usum,
965 1818 1000 1878 ud
1018 1816 1074 1877 -ac'-

119 1901 307 1961 condendum
322 1900 452 1963 Cereum
467 1900 654 1965 Paschalem.
672 1900 815 1973 Quamvis
831 1919 886 1960 non
899 1900 1005 1968 desint,
1022 1898 1075 1975 qui

118 1984 253 2051 censent,
276 1984 422 2060 originem
440 1982 641 2061 predictarum
658 1986 748 2045 trium
771 1982 963 2043 candelarum
981 1980 1074 2057 repeti
1092 2028 1094 2032 .

119 2064 233 2124 debere
259 2064 296 2124 ab
312 2082 368 2124 osu
384 2065 544 2125 adhibendi
570 2072 632 2127 tres
655 2066 792 2127 candelas
814 2063 904 2123 simul
926 2080 1016 2123 nexas
1038 2061 1074 2120 ad

120 2148 244 2206 modum
263 2146 377 2223 parvuli
394 2147 542 2214 intortilii,
571 2166 607 2209 ne
622 2146 712 2207 ssante
727 2151 817 2207 vento
833 2146 919 2205 tacite
940 2144 1075 2221 extingui

120 2231 226 2307 possit,
244 2231 322 2289 siout
341 2228 432 2288 etiam
448 2230 632 2307 praecipitur
654 2230 690 2289 ab
706 2229 854 2305 aliquibus
869 2225 1075 2288 Coeremonia·

121 2310 212 2370 libus.
229 2309 431 2370 Nihilominus
448 2308 481 2368 P.
494 2309 606 2373 Merati
618 2311 705 2371 ratde
721 2311 878 2386 antiquum
895 2310 924 2367 in
939 2306 1073 2368 Romana

121 2390 259 2454 Ecclesia
274 2393 425 2463 existimat
442 2410 527 2451 usum
542 2394 761 2468 praedictarum
779 2394 869 2451 trium
882 2390 1075 2449 o'andelarnm

120 2474 160 2533 ab
181 2475 305 2549 antiqua
329 2472 423 2533 iorma
451 2473 569 2533 tricerei
584 2475 693 2535 Graeci
717 2474 919 2548 desumptum,
934 2470 982 2529 ·ad
999 2470 1076 2528 desi·

121 2555 284 2631 gnandnm,
310 2561 344 2615 nt
358 2556 470 2631 optime
484 2554 637 2615 Garantus
660 2556 875 2629 iuterpretatur
897 2552 1076 2631 mysterium

125 2635 250 2697 Unitatis
279 2634 405 2696 Divinae
435 2636 610 2706 Essentiae,
651 2644 681 2699 et
712 2636 865 2695 Trinitatis
898 2633 1074 2693 Divinarum

120 2720 341 2786 Personarum3
368 2722 399 2777 et
420 2719 539 2792 quidem
563 2717 650 2780 Ritus
670 2718 793 2778 Latinus
820 2716 1015 2791 praescribit,
1039 2710 1075 2772 ad

123 2820 237 2861 novum
253 2800 374 2861 luminis
389 2797 535 2875 fulgorem
562 2802 626 2859 cani
653 2801 780 2861 debere:
808 2796 921 2857 Lumen
947 2796 1075 2863 Christi,

122 2884 185 2966 ⁰5⁰
197 2884 331 2960 oratiam
346 2887 528 2957 quapropter
541 2882 726 2943 'clarissimus
742 2880 797 2939 Vir
821 2880 986 2938 ludovicus
997 2876 1078 2935 Tho-

122 2966 272 3025 massinus
297 2961 365 3022 Lib.
383 2961 409 3020 ΙΙ
424 2962 497 3039 Cap.
515 2962 554 3024 tt
575 2962 611 3023 de
628 2964 753 3024 Bierom
777 2960 931 3020 Festornnt
952 2960 1078 3031 celebro·

123 3049 205 3105 tione
233 3045 299 3105 n.7
321 3046 385 3104 ait:
412 3042 451 3105 In
472 3042 629 3105 Trinitatis
654 3047 795 3105 bonorem
820 3041 944 3103 Cererem
968 3041 1003 3097 in
1019 3047 1079 3097 tres

124 3127 254 3189 divisum
282 3125 479 3193 accendimus,
508 3126 717 3186 rationalem
736 3122 976 3186 Christilnnrinc
1000 3118 1079 3197 [neos

128 3206 288 3270 Trinitatis
307 3208 454 3284 penitiora
470 3210 614 3287 mysteria
629 3205 721 3268 adse.

164 3290 222 3352 lli.
241 3288 424 3359 cimmerius,
452 3287 571 3350 Librol
597 3289 634 3348 de
650 3288 770 3349 Divinis
798 3284 907 3370 Officiis
923 3281 996 3361 Cap.
1015 3279 1077 3349 183

122 3372 265 3449 vulgatus
292 3371 458 3436 Aletrium,
486 3370 680 3449 Micrologus
707 3366 810 3447 Capite
838 3368 879 3437 5,
907 3362 1079 3425 Pontificale

125 3454 318 3532 Apamense,
342 3452 535 3527 Ordinarium
549 3450 803 3527 Rhotomagense‚
822 3448 942 3508 Missale
956 3445 1081 3506 Tolosa-

125 3554 207 3607 num,
224 3552 294 3595 oum
312 3535 461 3595 nonnullis
477 3534 660 3596 Auctoribus
676 3531 904 3596 recentioribus,
923 3525 1079 3587 institutio·

125 3635 195 3680 nom
220 3616 309 3695 'Cerei
324 3614 477 3679 Paschalis
492 3616 611 3677 Zosimo
625 3616 723 3692 Papae
745 3614 881 3674 tribuunt
906 3628 983 3669 anno
1006 3605 1077 3667 tu.

264 3830 278 3860 1
