2517 4059
570 232 631 296 w
656 220 717 284 tat
737 214 798 291 ffi-

201 349 313 412 salibus
335 348 471 410 additum
492 358 538 412 est
554 369 663 412 nornen
678 349 710 412 S.
727 349 869 418 blattini,
894 346 963 422 qnia
986 349 1107 426 primus
1127 351 1196 407 in-‘

202 437 248 494 ter
270 428 460 492 Conlessores
482 432 589 494 lestire
611 432 670 493 coli
692 437 784 508 atque
804 428 928 507 proprio
950 429 1049 491 officio
1070 431 1175 490 hono-

201 514 262 574 rari
285 513 392 588 coepit.

244 593 297 652 lV.
319 592 518 654 Orientalium
534 591 740 654 Ecclesiarum
755 591 910 670 Liturgiae
923 611 1173 671 omnessemper

202 675 411 738 Sanctissimae
436 674 568 753 Virginis
595 677 777 738 memoriam
804 675 1019 742 celebrarunt,
1053 693 1089 735 ac
1113 694 1172 737 nos

201 757 323 834 quidem
346 758 409 816 sine
430 758 690 820 animadversione
711 757 918 836 praetergredi
940 775 999 817 noo
1018 757 1171 819 debemus

203 840 267 915 ipsa
289 838 441 914 Liturgiae
465 844 583 902 nostrae
606 840 715 908 verba,
742 856 820 914 quae
843 835 917 898 Eam
941 857 1032 915 sopra
1048 845 1171 900 creatas

202 937 250 980 res
272 937 376 979 omnes
397 919 556 980 extollunt.
582 920 628 980 1.⁰
652 919 817 987 Gloriosus,
840 920 879 980 ob
901 920 1086 996 singularem
1104 921 1170 996 glo-

202 1003 279 1062 riam
302 1019 394 1078 qnam
417 1003 446 1061 in
468 998 512 1060 Ea
536 1001 617 1064 Deus
639 1003 770 1062 emicare
792 1000 868 1062 vult.
892 1000 941 1060 2.⁰
956 1002 1077 1082 Semper
1097 1003 1170 1063 Vir-

202 1082 291 1161 pinis,
315 1100 393 1158 quae
416 1100 523 1159 nempe
546 1101 606 1144 una
618 1099 738 1160 semper
753 1081 848 1159 Virgo
868 1082 926 1162 ipit
940 1085 994 1143 etsi
1013 1102 1085 1144 vere
1101 1082 1171 1142 lila-

202 1171 269 1232 ter,
294 1181 372 1239 quae
394 1165 551 1240 concepit,
575 1171 606 1225 ct
628 1165 766 1242 peperit;
792 1164 870 1240 qnod
886 1183 978 1224 unum
994 1172 1025 1226 et
1041 1166 1170 1227 unicum

203 1244 392 1323 privilegium
415 1247 473 1306 alia
495 1263 649 1322 nunquam
671 1246 821 1313 obtinuit,
851 1263 1067 1322 nunquamque
1090 1246 1170 1309 obti-

202 1327 293 1386 nebit.
319 1325 368 1384 3.⁰
386 1324 550 1388 Gonitricis
567 1328 630 1394 Dei,
656 1337 683 1386 ct
699 1327 825 1386 Domini
840 1328 950 1395 nostri,
967 1330 1038 1402 quia
1055 1345 1169 1404 nempe

201 1407 300 1468 Mater
322 1413 368 1468 est
389 1406 500 1469 Christi
523 1411 575 1486 qui
598 1407 679 1468 Dens
700 1414 758 1468 est.
782 1406 840 1466 Sed
862 1419 889 1468 ct
903 1406 1069 1469 Brutorum
1085 1408 1169 1488 Apo-

201 1490 361 1558 stolorum,
385 1496 444 1548 etc.
469 1489 539 1550 Post
560 1490 784 1550 sanctissimam
801 1488 956 1565 Virginem
979 1488 1013 1551 ht
1035 1491 1169 1566 Aposto-

202 1575 299 1632 lorum
322 1570 479 1630 duodecim
502 1573 771 1638 commemoratio,
802 1572 913 1647 quippe
934 1572 987 1646 qni
1009 1569 1167 1632 Ecclesiae

201 1653 358 1713 columnae
380 1653 461 1722 sint,
486 1654 520 1712 iis
542 1654 661 1714 additur
683 1651 713 1712 S.
731 1651 841 1714 Paulus
861 1670 952 1727 quem
975 1651 1071 1713 Roma
1089 1673 1167 1714 unn-

201 1752 291 1811 quam
315 1751 333 1792 a
349 1731 380 1792 S.
398 1733 485 1793 Petro
508 1741 639 1812 separat.
664 1732 822 1810 Apostolos
836 1734 995 1816 duodecim
1011 1735 1167 1811 excipiunt

200 1816 352 1893 Martyres
374 1814 423 1873 alii
446 1818 496 1891 qui
519 1818 693 1891 sanguinem
716 1833 805 1875 sunm
827 1815 988 1877 fundentes
1010 1835 1043 1874 se
1066 1815 1167 1876 Sacri-

79 1895 97 1948 .'
202 1896 261 1957 ficii
284 1895 389 1957 Crucis
411 1897 495 1956 vivas
517 1898 661 1975 imagines
670 1897 906 1966 exhibuerunt}
932 1904 1082 1958 etomnes
1097 1898 1166 1973 qui-

202 1980 270 2039 dem
297 1977 449 2055 Martyres
478 1977 590 2039 Romae
619 1978 773 2047 celebres,
807 1997 936 2055 quornm
966 1980 1165 2040 recentissimi

202 2061 302 2122 Sancti
320 2059 445 2120 loannes
461 2065 492 2119 et
506 2058 617 2122 Paulus
632 2064 713 2129 sunt,
732 2059 783 2135 qni
800 2060 898 2120 medio
913 2059 1040 2120 Saeculo
1056 2067 1164 2139 quarto

201 2143 257 2202 sub
274 2141 388 2204 luliano
400 2142 544 2219 Apostata
560 2141 697 2219 martyrii
713 2139 844 2218 palmam
859 2143 1065 2202 obtinuerunt.
1083 2140 1163 2213 Lini,

201 2222 288 2290 Cleti,
312 2220 493 2293 Clementis,
518 2224 570 2298 qni
592 2222 708 2282 Romae
730 2221 761 2281 S.
786 2219 876 2282 Petro
897 2224 1019 2292 coaevi,
1043 2221 1165 2300 coadju-

202 2311 297 2372 tores,
321 2309 351 2363 et
372 2321 560 2364 successores
583 2303 716 2366 luerunt.
742 2302 846 2381 Xysti,
870 2303 1012 2373 Cornelii,
1037 2305 1090 2380 qni
1105 2305 1164 2366 dno

202 2386 310 2463 stipsi
333 2384 431 2445 Sancti
453 2383 613 2446 Pontifices
635 2386 788 2462 Martyres
807 2386 984 2446 extiterunt.
1008 2382 1162 2462 Cypriani,

202 2469 254 2543 qui
276 2465 463 2542 Carthaginis
484 2464 652 2544 Episcopus
682 2465 800 2543 Martyr
823 2465 900 2535 luit,
929 2466 1003 2526 adeo
1026 2467 1162 2538 Romae,

201 2565 236 2608 ac
260 2566 314 2626 per
335 2548 508 2608 universum
531 2554 683 2609 terrarum
705 2547 811 2606 orbem
833 2549 872 2608 ob
894 2548 1037 2607 eximiam
1054 2548 1165 2608 doctri-

202 2647 292 2700 nam,
317 2636 347 2690 et
370 2630 519 2707 singulare
541 2629 716 2690 subeundae
732 2627 809 2689 inter
823 2629 1036 2690 enuntiandam
1052 2629 1164 2703 Christi

201 2709 306 2770 Eidem
328 2712 435 2773 mortis
449 2709 595 2772 desiderio
616 2709 797 2781 celebratus,
821 2710 985 2778 laurentii,
1009 2708 1164 2772 Romanae

202 2790 354 2853 Ecclesiae
376 2792 611 2863 Archidiaconi,
638 2789 726 2868 cnjus
747 2808 819 2868 erga
840 2810 988 2870 pauperes
1009 2792 1162 2861 charitas,

202 2879 234 2935 et
256 2874 434 2954 martyrium
457 2891 578 2951 semper
600 2875 628 2932 in
652 2873 814 2933 maximam
837 2875 1068 2934 admirationem
1092 2873 1164 2935 fide-

202 2955 247 3016 les
269 2955 461 3033 pertrahent,
485 2953 691 3033 Chrysogoni,
717 2953 842 3015 illustris
865 2956 980 3015 romani
1003 2957 1091 3027 civis,
1108 2957 1165 3034 'qui

201 3054 294 3114 prope
317 3035 490 3114 aquilejam
511 3038 567 3097 sub
583 3035 769 3096 Diocletiano
792 3043 907 3115 martyr
928 3037 1083 3105 occubuit,
1107 3044 1165 3098 sta-

203 3120 318 3193 timque
341 3119 475 3178 Basilicis
491 3115 556 3193 ejus
580 3119 699 3178 nomine
720 3118 840 3176 erectis.
864 3119 983 3178 loannis
1003 3126 1034 3178 et
1056 3119 1161 3188 Pauli,

202 3200 235 3260 hi
256 3198 367 3260 fratres
389 3199 449 3259 dno
471 3199 584 3258 Romae
608 3199 679 3264 nati,
701 3199 757 3258 snh
772 3198 887 3258 loliano
902 3198 1045 3276 Apostata
1060 3199 1162 3269 occisi,

203 3287 234 3340 ct
255 3280 332 3341 clam
348 3281 455 3357 sepulti
476 3281 575 3351 luere,
599 3280 677 3356 qnod
694 3277 783 3340 ldolis
800 3280 868 3341 thns
885 3281 1006 3342 adolere
1028 3288 1163 3342 constan-

203 3368 250 3424 tcr
274 3368 457 3422 recusarent.
481 3359 558 3423 Cum
573 3379 680 3422 eorum
696 3358 828 3438 Corpora
843 3360 965 3422 Ioviano
980 3363 1031 3440 qui
1047 3363 1163 3424 iuliano

204 3443 368 3509 successit,
393 3444 558 3519 imperante
580 3443 699 3504 detecta
721 3450 842 3514 essent,
866 3445 897 3504 in
912 3445 1047 3521 ipsorum
1071 3445 1164 3504 hono-

204 3540 270 3581 rem
293 3523 420 3584 celebris
436 3524 569 3584 Ecclesia
591 3523 764 3595 aedificata,
790 3526 1044 3602 eorumdemque.
1065 3525 1162 3602 rophia

205 3600 295 3664 Missa
311 3604 347 3662 'in
371 3602 402 3664 S.
426 3601 537 3666 Gelasii
560 3605 797 3690 sacramentario
825 3609 921 3685 posita
942 3607 1007 3670 luit.
1038 3546 1161 3670 Cosmae
