2517 4059
537 207 760 279 ‘mmm

170 342 253 398 ctum
275 335 367 413 aliqui
383 338 536 399 interdum
551 337 702 408 deterunt,
719 345 753 401 ut
773 339 811 399 ad
835 346 938 417 pectus
954 338 1125 415 perveniat,

171 420 243 479 otim
260 426 360 479 tamen
382 421 418 480 ad
435 421 511 481 talos
532 439 628 502 usque
644 419 855 488 descendebat,
881 425 956 481 teste
973 419 1126 497 Stephano

172 500 368 568 Tornacensi,
384 503 434 578 qui
457 503 578 563 vivebat
593 520 671 561 anno
687 501 868 564 mctxxrt
882 504 911 563 in
927 501 1058 579 Epistola
1074 521 1129 564 sua

173 581 243 644 CVI
270 585 305 644 ad
334 582 476 645 Albinum
500 584 531 648 S.
555 584 708 645 Romanae
731 585 886 645 Ecclesiae
907 582 1126 661 Presbyterum

172 663 373 733 cardinalem,
397 668 446 727 cui
459 684 515 725 non
525 668 627 727 modo
642 665 709 744 ejus
724 667 893 729 vestimenti
909 665 1050 732 sormam,
1074 666 1127 725 sed

173 755 204 807 et
226 748 402 826 mysterium
425 748 454 807 in
477 750 557 810 bunc
581 750 704 809 modom
726 749 866 826 explicat:
889 746 989 829 Hujus
1011 748 1128 807 babitus

173 829 321 889 indicium
330 830 500 910 principato
514 831 593 891 cobis
608 831 704 897 mitto,
728 829 983 911 Sopcrpatttcanm
1005 848 1126 897 nouum,

174 910 347 981 condidam,
372 923 399 973 ct
418 915 536 983 tolera,
560 912 637 991 quod
660 923 858 989 repraesentor
876 912 956 973 cobis
978 911 1055 973 citor
1076 930 1131 971 no-

172 995 303 1063 vitatem,
320 993 488 1055 munditiae
509 994 680 1059 candorem,
691 995 926 1073 perseuerantiae
939 993 1038 1073 finem.
1053 990 1130 1053 Con·

173 1080 305 1135 tractum
327 1075 433 1136 deinde
455 1076 564 1138 suited
579 1077 693 1137 medias
709 1076 807 1144 tibias,
821 1077 864 1136 uti
879 1081 994 1135 constat
1015 1092 1052 1135 ex
1067 1092 1130 1135 ses-

175 1158 258 1217 sione
280 1155 360 1217 XXl
378 1156 500 1219 Consilii
522 1159 712 1219 basileensis.
731 1158 785 1217 Est
806 1159 927 1235 iusuper
947 1156 1130 1233 Superpelli·

175 1256 262 1299 ceum
279 1239 394 1308 laxum,
412 1242 480 1315 quia
497 1242 646 1303 clerical'm
661 1240 722 1300 vita
737 1241 827 1301 debet
841 1256 905 1300 csse
922 1240 949 1299 lo
962 1238 1130 1317 eleemosy-

175 1322 220 1379 nis
242 1321 326 1395 larga
342 1328 375 1381 ut
388 1322 475 1382 docet
488 1318 643 1383 Honorius
661 1321 786 1385 Gcmmo
802 1320 927 1383 Animae
941 1320 1008 1380 Lib.
1022 1320 1037 1380 1
1052 1317 1127 1397 Cap.

174 1400 246 1461 232.
273 1401 411 1463 Induitur
439 1422 530 1481 supra
552 1421 729 1465 communes
751 1413 870 1471 vestes,
904 1406 974 1477 quia
993 1400 1132 1463 Charitas

175 1485 273 1561 operit
286 1485 508 1546 multitudinem
524 1494 738 1564 peccatorum:
755 1494 785 1547 et
799 1486 891 1547 babet
906 1485 1033 1549 formam
1055 1482 1134 1544 Cru-

177 1567 243 1630 cis,
268 1574 303 1625 ut
324 1564 473 1628 Passionis
494 1566 564 1629 lesu
585 1567 697 1629 Christi
719 1570 847 1647 vestigia
869 1569 1003 1629 imitetur
1024 1563 1131 1627 Eccle-

178 1650 328 1709 siasticus.
352 1648 457 1709 Sedet
477 1668 559 1718 ecce,
585 1670 638 1711 nos
653 1650 689 1710 ad
706 1649 786 1710 aliod
803 1668 911 1711 nomen
926 1650 1132 1729 pervenimus,

177 1730 256 1807 quod
280 1747 373 1809 prope
396 1732 507 1792 saeculi
530 1731 591 1792 Xll
613 1732 703 1793 tinem
720 1734 840 1795 tunicor
855 1734 951 1795 tiococ
965 1732 1070 1791 datum
1086 1748 1132 1790 re·

176 1814 333 1889 perimus,
358 1831 466 1891 nempe
489 1823 593 1875 cottae.
628 1814 713 1875 Haec
735 1833 793 1874 vox
816 1816 924 1876 alicubi
952 1812 1044 1874 vestis
1066 1829 1133 1887 spe-

178 1896 269 1965 ciem,
294 1893 442 1954 laicorum
465 1897 617 1973 propriam
641 1894 844 1974 significabat,
869 1895 990 1957 Clericis
1011 1894 1134 1954 interdi-

176 1981 268 2037 ctam.
293 1974 460 2053 Stepbanus
481 1978 620 2039 Balozius
642 1980 815 2044 existimat,
839 1988 966 2046 cottum,
990 1978 1052 2037 sive
1073 1984 1132 2035 cot-

178 2069 243 2118 tum
265 2058 356 2117 luisse
371 2065 486 2119 vestem
511 2061 655 2120 laicorum
671 2061 842 2139 oblongam,
866 2062 996 2139 caputio,
1019 2057 1133 2118 utvnl-

179 2148 251 2215 gato
273 2141 423 2200 vocabulo
447 2147 580 2210 utamur,
603 2149 769 2210 carentem,
798 2149 830 2204 et
850 2141 973 2203 Clericis
994 2141 1131 2200 vetitam.

179 2220 307 2281 Certum
337 2227 382 2280 est
403 2228 506 2282 autem
529 2226 650 2286 saeculo
678 2223 739 2285 Xll
766 2235 861 2285 cottoc
882 2223 1055 2290 vocabulo,
1087 2240 1135 2283 su·

178 2304 359 2382 perpelliceo
381 2304 533 2381 designari
553 2306 757 2367 consuevisse.
789 2306 953 2383 Gregorius
973 2302 1133 2380 Arcbiepi-

180 2403 291 2463 scopus
306 2386 524 2457 Antibarensis,
537 2386 598 2450 'sub
613 2388 708 2467 hujus
723 2390 833 2449 saeculi
848 2388 938 2449 finem
955 2392 1135 2447 testamento

179 2468 294 2545 legavit
314 2471 496 2528 monasterio
529 2470 560 2531 S.
583 2470 759 2548 Cbrisogoni
791 2470 869 2548 apud
893 2469 1033 2531 luderem
1058 2467 1134 2529 dnos

178 2551 299 2618 mitras,
324 2556 351 2609 ct
371 2551 488 2629 oirpcm
506 2556 698 2629 pastoralem,
717 2555 883 2633 pinnatam,
907 2557 938 2611 et
954 2550 1132 2631 pluvialem,

180 2632 373 2692 dalmaticam
389 2640 416 2691 ct
436 2636 592 2704 comicum,
615 2637 730 2701 stolam,
755 2645 783 2696 ct
796 2634 995 2715 manipotum,
1020 2640 1048 2692 ct
1071 2634 1134 2695 eio-

178 2714 284 2793 9clcm
306 2732 373 2773 com
394 2725 481 2775 cotto.
506 2714 567 2777 Sub
590 2718 665 2779 baec
687 2718 759 2779 item
781 2723 936 2793 tempora,
960 2730 1067 2791 nempe
1089 2712 1130 2773 Α.

176 2796 216 2856 D.
242 2792 323 2855 1196
353 2794 548 2875 Tedelgarius
569 2799 794 2859 Tarracinensis
823 2796 975 2858 Ecclesiae
1003 2793 1132 2874 Episco-

178 2896 236 2956 pus
257 2876 332 2936 bona
347 2878 495 2954 quaedam
510 2878 649 2958 Capituto
664 2881 872 2941 Tarracinensi
894 2880 1026 2949 donavit,
1049 2883 1080 2938 et
1101 2878 1131 2937 in

179 2959 347 3020 donationis
362 2960 456 3021 literis
477 2965 598 3041 regulas
613 2965 818 3041 praescripsit,
841 2980 877 3023 ac
892 2962 1004 3027 statuit,
1028 2966 1062 3020 ut
1077 2977 1132 3036 per

179 3047 324 3101 aestatem
340 3040 479 3103 Cononici
494 3064 566 3107 curn
581 3049 669 3107 cottis
685 3047 772 3106 toros
789 3046 963 3113 canonicor,
986 3049 1018 3104 et
1031 3042 1131 3102 divina

178 3123 273 3184 officia
297 3126 515 3198 persolverent.

221 3203 259 3264 V.
283 3203 436 3266 Birretum
459 3209 579 3269 a'birro
612 3212 789 3271 diminutivo
811 3216 881 3279 est,
910 3212 941 3269 et
961 3206 1048 3268 sicuti
1069 3205 1133 3266 bir-

180 3303 231 3347 rus
251 3286 450 3347 humerorum
473 3290 580 3362 simul,
599 3299 630 3354 ct
645 3293 840 3354 brachiorum
863 3294 1071 3368 tegumentum
1086 3288 1132 3347 di-

179 3369 274 3437 citur,
299 3369 339 3429 ita
360 3368 507 3431 birretum
529 3375 635 3451 capitis
657 3381 783 3437 tantum.
811 3373 926 3433 Romae
952 3376 984 3433 et
1012 3372 1042 3429 in
1067 3371 1132 3449 ple-

181 3450 282 3525 risque
305 3450 370 3509 aliis
392 3449 536 3513 Ecclesiis
557 3475 644 3517 nono,
657 3458 776 3519 saeculo
797 3456 908 3517 Birreti
940 3452 1040 3513 nullus
1067 3458 1134 3514 erat

182 3548 266 3592 usus.
291 3533 412 3593 Amictu
436 3535 517 3595 enim
537 3545 629 3615 caput
652 3541 862 3609 obnubebant,
880 3541 995 3600 etcum
1011 3534 1134 3597 Missam

182 3612 369 3690 inciperent,
394 3615 502 3687 illum,
527 3621 782 3695 quemadmodum
806 3636 885 3681 nunc
899 3617 1134 3681 Mendicaotium
