2517 4059
486 200 709 273 *assimilis*

164 332 204 393 ll.
228 330 404 393 Communis
419 330 644 409 Theologorum
668 332 812 393 sententia
834 338 881 393 est
902 332 997 409 inquit
1011 331 1080 394 Car·

114 415 230 473 dinalis
258 412 435 475 Laurentius
462 412 555 475 Cozza
585 414 613 472 in
639 413 870 476 Commentariis
894 414 936 474 ad
958 412 1079 477 Libram

120 495 153 557 S.
172 493 336 573 departiri
356 494 390 554 dc
405 492 587 556 Haeresibus
609 493 690 557 Part.
708 494 728 555 2
743 513 795 555 seu
812 495 908 556 Temo
924 498 954 560 11
968 497 1042 575 Cap.
1059 494 1079 555 3

121 596 207 637 num.
234 575 290 636 151
315 578 416 637 vinum
440 577 469 636 in
492 574 644 638 Sacrificio
666 579 866 639 necessarium
888 598 954 640 esse
977 596 1080 639 neces·

120 660 209 719 sitate
231 658 439 729 sacramenti,
464 660 639 721 mixtionem
661 661 827 721 vero'cum
849 677 928 737 aqua
952 659 1079 721 necessi-

121 745 183 801 tate
205 742 378 818 praecepti,
402 741 478 801 adeo
500 748 533 803 ul
547 744 608 802 sola
632 758 709 818 aqua
731 759 789 801 non
805 740 952 803 habeatur
974 742 1079 803 Sacra-

120 829 282 892 mentum,
306 840 393 898 posse
416 829 515 883 tamen
539 823 644 883 haberi
667 824 731 883 solo
754 825 822 882 vino
845 824 955 901 absque
982 842 1079 903 aquae

120 905 276 965 mixtione.
301 902 460 965 Praeterea
480 906 543 965 sire
567 905 717 967 miscendo
739 906 876 981 sitaque
898 908 966 966 vino
981 906 1011 966 in
1026 904 1078 967 Ca·

121 987 189 1049 lice,
213 988 282 1064 quia
305 987 347 1045 sic
370 984 475 1048 lecerit
497 986 652 1054 Dominus,
676 989 739 1046 sive
760 988 832 1064 quia
849 987 886 1047 de
903 988 997 1049 latere
1012 986 1078 1066 ejus

120 1070 149 1127 in
170 1065 269 1128 Cruce
292 1066 446 1143 pendentis
468 1070 561 1128 exivit
582 1070 701 1144 sanguis
723 1075 755 1129 et
775 1086 875 1143 curra,
899 1073 962 1129 sive
984 1072 1021 1130 ad
1043 1070 1078 1129 si·

116 1148 316 1227 gnificandam
340 1150 555 1213 adunationem
575 1150 676 1227 popntt
698 1168 768 1210 cum
791 1148 932 1222 Christo,
961 1158 1078 1214 utcum-

117 1249 179 1308 que
200 1249 232 1291 se
250 1231 358 1293 habeat
373 1248 472 1302 causa,
491 1232 519 1290 id
538 1232 689 1307 procerte
710 1234 983 1294 constantissimum
1000 1253 1076 1301 esse,

114 1330 154 1373 ex
178 1318 325 1391 perpetua
348 1311 498 1373 Ecclesiae
521 1314 679 1375 traditione
706 1313 744 1373 ab
767 1316 837 1390 ipsis
859 1312 1009 1390 Apostolis
1038 1317 1074 1376 ad

113 1394 194 1455 liaeo
209 1412 303 1470 usquc
320 1401 469 1471 postrema
487 1403 634 1471 tempora.
652 1401 714 1455 turn
732 1398 810 1471 apud
826 1392 968 1465 Graecos,
986 1416 1077 1473 quarn

117 1476 238 1538 Latinos
261 1478 337 1535 hanc
359 1494 478 1553 semper
501 1478 538 1537 ab
560 1476 745 1537 Orthodoxis
766 1479 957 1538 observatam
985 1479 1077 1539 luisse

116 1576 153 1619 ac
176 1559 314 1635 ¹religiose
338 1560 515 1619 custoditam
532 1559 727 1635 disciplinam,
753 1560 780 1617 in
796 1557 950 1620 Sacrificio
967 1560 1075 1620 Missae

117 1640 221 1700 oilerri
247 1641 274 1697 in
290 1638 388 1701 Callae
412 1640 514 1701 vinum
530 1659 606 1716 aqua
630 1642 769 1701 mixtum.
795 1642 839 1700 nd
858 1659 921 1702 rem
938 1642 1078 1703 audiatur

118 1721 350 1783 Sacrosanctum
372 1720 537 1787 Concilium
561 1721 768 1781 Tridentinum
791 1721 871 1781 sess.
895 1722 937 1781 22
965 1724 1002 1781 de
1025 1724 1080 1784 Sa-

120 1804 231 1883 crificio
252 1801 380 1869 Missae,
404 1803 477 1880 Cep.
501 1804 538 1862 7:
563 1802 661 1863 Monet
683 1802 788 1860 deinde
809 1805 1074 1883 sanctasynodus,

116 1895 312 1965 praeceptam
341 1904 398 1944 esso
423 1886 458 1945 ab
483 1882 615 1945 Ecclesia
647 1882 879 1953 Sacerdotibus,
909 1897 942 1944 at
968 1891 1079 1964 a'qaam

119 1970 191 2028 cino
206 1968 240 2024 io
258 1965 358 2028 Catioc
373 1965 520 2045 offerendo
541 1970 716 2033 miscerent;
739 1975 801 2025 tam
818 1965 897 2044 qaod
922 1968 1077 2030 Christum

121 2048 285 2109 Dominam
306 2051 352 2107 ita
374 2047 475 2123 secisse
490 2048 651 2115 credatur,
676 2058 738 2107 tam
755 2049 845 2107 ctiam
862 2050 934 2126 qaia
951 2070 964 2107 c
987 2051 1080 2109 lotcrc

121 2134 185 2211 ejas
200 2148 281 2269 was
302 2130 391 2189 simol
414 2150 481 2189 cam
495 2132 644 2206 saopaiac
659 2132 795 2189 sociarit:
811 2131 888 2208 qaod
906 2128 1079 2191 Sacramen-

121 2223 187 2272 tum
230 2230 264 2269 ac
290 2212 435 2271 mixtione
450 2211 609 2271 recolitur:
626 2221 733 2272 etcum
749 2230 844 2290 aquae
859 2214 893 2271 in
910 2213 1081 2291 Apocalypsi

121 2292 160 2353 B.
179 2292 304 2352 Ioannis
324 2293 427 2369 papati
450 2291 612 2353 dicantar.
637 2295 731 2373 ipsias
752 2295 855 2372 papali
875 2292 986 2373 fidelis,
1011 2312 1079 2354 cam

124 2376 231 2453 Capite
246 2374 445 2437 Cirislounio
455 2386 707 2454 repraesentator.
723 2374 808 2435 lianc
820 2378 987 2435 doctrinam
1005 2376 1077 2434 mul-

122 2458 161 2517 tis
184 2458 268 2516 annis
284 2460 352 2515 ante
368 2453 534 2518 Concilium
551 2454 757 2517 Tridentinum
775 2476 812 2515 ex
829 2459 987 2516 traditione
1005 2455 1078 2516 hau·

122 2544 215 2607 serat,
239 2544 270 2598 ct
286 2537 425 2597 haustam
449 2539 612 2598 tradiderat
634 2538 759 2599 Sanctus
775 2537 919 2597 Thomas:
937 2540 979 2597 sic
994 2538 1076 2597 enirn

122 2621 256 2697 loquitur
277 2620 305 2677 in
330 2617 348 2677 l
374 2617 447 2680 llist.
466 2620 501 2678 11
528 2618 595 2695 q.2
617 2639 634 2678 a
658 2618 676 2677 ia
699 2622 727 2679 in
743 2620 898 2680 'solutione
920 2625 1039 2694 qrraest.
1060 2616 1076 2677 1

123 2703 154 2761 in
175 2699 321 2777 Corpore:
358 2699 525 2780 Respondes
553 2700 713 2759 dicandam
735 2701 853 2777 inquit,
883 2700 924 2759 ad
944 2703 1078 2780 primam

123 2785 327 2863 quaestionem
351 2782 428 2861 qaod
450 2800 532 2860 oqaa
555 2781 637 2841 debet
660 2784 770 2859 apponi
791 2783 860 2842 cino
882 2794 1007 2859 propter
1028 2784 1077 2840 in·

122 2865 330 2931 stitutionem,
355 2867 426 2941 quia
444 2862 591 2922 Dominus
613 2867 781 2942 opposuisse
800 2864 997 2941 probabiliter
1018 2880 1081 2920 cre·

124 2946 211 3007 ditur
234 2965 271 3005 ea
285 2963 367 3005 marc
382 2946 466 3005 illias
485 2948 629 3023 patriae:
653 2945 725 3021 qaia
746 2945 849 3003 cinam
863 2946 906 3005 ibi
921 2948 984 3005 sinc
1000 2960 1081 3021 aqna

126 3046 286 3106 nunqnam
321 3027 432 3087 bibitor
448 3034 571 3106 proptor
599 3026 664 3085 cini
684 3025 920 3106 fortitudipem,-
945 3026 1079 3105 quamvis

123 3108 161 3169 dc
183 3126 263 3188 apua
285 3108 318 3169 irs
343 3106 505 3184 Eutrapetio
530 3108 642 3167 mentio
674 3128 732 3166 non
753 3107 827 3187 fiat,
862 3108 934 3184 qaia
956 3125 1017 3165 non
1039 3114 1079 3165 cst

123 3190 304 3270 principalis
326 3191 456 3249 materia
477 3190 511 3247 ia
533 3190 585 3248 too
600 3190 813 3250 sacramento:
835 3189 884 3247 scd
906 3192 969 3270 cias
991 3206 1082 3265 appo·

124 3274 195 3332 sitio
217 3272 353 3350 competit
374 3272 442 3331 ltaic
466 3270 660 3331 Sacramenta
683 3282 710 3331 ct
731 3280 878 3349 quantam
902 3270 942 3329 ad
958 3287 1081 3350 reprac-

125 3356 320 3415 smtotioocm
346 3350 492 3413 Passionis
517 3352 649 3422 Christi,
681 3364 707 3411 ct
728 3366 872 3430 pacatam
901 3351 942 3411 od
965 3350 1081 3431 sipnifi-

127 3436 277 3495 rationem
300 3436 346 3493 rei
366 3436 454 3514 tejas
480 3431 673 3493 Sacramenti
686 3478 693 3503 ‚
719 3452 793 3511 paroc
816 3445 856 3493 cst
883 3434 999 3511 Carpos
1021 3453 1079 3512 mp-

127 3517 234 3578 sticam
254 3534 309 3593 po·
325 3532 435 3593 aquom
458 3517 673 3597 sipnificatam:
696 3518 767 3593 piria
784 3535 879 3594 aquae
903 3517 1015 3575 multas
1029 3535 1081 3593 po-

122 3600 194 3678 puii
215 3598 304 3657 motti
325 3594 416 3677 Apso.
446 3597 483 3656 17
513 3607 538 3659 el
560 3600 602 3658 sic
625 3599 769 3682 appositio
796 3616 893 3677 aquas
916 3596 956 3655 ad
976 3597 1080 3657 cinam

267 3702 324 3753 l'ol.
345 3705 377 3752 ll.
912 3703 947 3767 26
