2517 4059
542 170 766 242 wiffare

176 318 251 365 nus,
278 296 468 357 Innocentius
491 298 526 368 l,
555 307 585 360 et
607 300 732 362 Sanctus
754 302 940 380 Augustinus
961 318 1014 378 per
1036 301 1143 362 excel-

178 381 300 440 lentiam
325 377 446 438 Precem
470 389 653 458 nuncupent3
676 401 745 442 cunr
767 401 803 442 ca
825 385 873 455 sit,
900 386 927 442 in
950 399 1008 461 qaia
1024 383 1144 442 danum

174 463 311 522 omnium
345 462 510 521 maximum
540 463 672 538 patitur,
703 464 839 525 Christus
861 465 996 531 scilicet3
1026 465 1145 540 inqua

175 551 338 604 renovatur
355 544 520 616 gratiarum
536 545 615 604 actio
630 587 638 611 ,
656 565 729 621 quas
744 545 880 608 Christus
896 549 957 623 ipse
973 547 1053 608 Patri
1069 563 1145 622 per·

176 626 276 686 solvit.
302 626 402 686 Canon
426 627 488 700 ipse
506 633 569 686 tum
592 629 691 696 aceto,
716 633 779 689 tum
795 629 998 691 sanctissimae
1013 628 1144 687 aetionis

81 741 82 744 =
176 707 363 786 mysterium,
388 713 450 767 tum
473 709 550 768 sacri
573 710 710 784 mysterii
732 712 812 771 actio
832 711 929 770 dictus
951 711 1016 770 tuit.
1040 706 1143 768 Gano-

177 791 225 848 nis
249 789 366 847 initium
390 789 428 848 ab
449 785 593 850 Oratione
620 787 656 848 Te
670 791 769 869 icitur
782 794 921 861 sumitur,
945 800 976 853 ct
992 808 1086 867 usque
1102 790 1144 850 ad

177 869 353 930 Orationem
378 867 593 930 Dominicalem
624 871 772 949 submissa
794 890 869 934 voce
890 873 1045 934 recitatur.
1074 873 1147 932 Ma·

177 970 236 1030 gna
258 969 330 1011 vero
357 952 434 1011 iuter
459 951 604 1013 Doctores
632 953 846 1030 disceptatione
871 958 1050 1032 quaeritur,
1071 971 1145 1033 *quo

178 1034 244 1113 ejus
266 1034 350 1109 erigo
368 1032 473 1094 reterri
496 1034 619 1094 debeat?
636 1036 767 1095 uouuulli
789 1034 941 1098 Gelasium
966 1037 977 1096 l
999 1037 1049 1095 alii
1071 1035 1145 1096 Mu·

179 1133 284 1176 seeum
307 1113 524 1174 Massiliensem
546 1115 783 1195 Presbyterum,
806 1119 856 1177 dlii
880 1117 1047 1178 Voconium
1070 1113 1145 1192 Epi-

179 1215 303 1272 scopum
326 1193 579 1258 Castclleuensem
602 1199 631 1256 iu
654 1197 855 1266 Mauritania,
883 1201 932 1260 alii
955 1199 1146 1261 Clementem

178 1279 434 1348 Alexandrinum,
459 1277 525 1356 ejus
541 1279 706 1340 Auctorem
723 1282 907 1341 existimant.
931 1280 962 1340 S.
980 1280 1148 1357 Gregorius

179 1366 281 1420 autem
305 1361 390 1420 illum
413 1378 431 1419 a
453 1359 638 1422 Scholastica
667 1363 797 1438 quodam
826 1363 916 1423 luisse
943 1361 1146 1441 compositum

179 1443 299 1502 asserit.
325 1441 505 1504 scolasticus
527 1439 615 1518 cujus
639 1445 775 1502 meminit
799 1441 981 1522 Gregorius,
1016 1447 1147 1504 non-est

179 1542 289 1585 nomen
313 1525 467 1601 proprium
490 1523 617 1584 alicuius
640 1524 792 1598 hominis,
819 1528 871 1586 scd
893 1533 938 1586 est
959 1542 1068 1584 nomen
1089 1542 1146 1602 ap-

160 1605 357 1682 pellativum
382 1605 512 1666 indicans
526 1606 624 1665 virum
648 1607 769 1667 doctum
789 1613 819 1668 ct
834 1609 997 1669 eruditum.
1022 1606 1068 1665 Ab
1082 1607 1145 1666 hoc

179 1687 363 1750 Scholastica
386 1688 506 1764 quidem
529 1687 634 1747 dicunt
657 1689 740 1750 iuxta
761 1689 945 1765 Gregorium
968 1694 1065 1748 totum
1086 1685 1145 1748 Ca-
1173 1741 1178 1748 .

180 1787 289 1831 nouem
311 1767 403 1830 luisse
426 1770 651 1847 compositum,
676 1769 798 1847 quidam
821 1778 943 1831 censent
969 1769 1066 1831 abeo
1088 1770 1145 1830 ali-

180 1869 272 1928 quam
295 1857 412 1912 tantum
429 1849 603 1911 Orationem
619 1852 730 1912 actioni
747 1852 857 1913 Missae
873 1852 965 1913 luisse
980 1851 1139 1912 insertam.

180 1934 291 1995 Merito
313 1931 485 1994 Tridentino
509 1931 648 2009 Synodus
667 1932 747 1993 Sess.
771 1931 813 1992 22
834 1931 907 2010 Cap.
932 1930 951 1990 l
973 1931 1009 1990 de
1024 1931 1145 2012 Sacrifi-

183 2015 229 2075 cio
251 2013 360 2077 Missae
382 2015 510 2092 Llacertas,
536 2013 687 2075 Caucmm
709 2015 823 2090 inquit,
851 2015 959 2075 maltis·
976 2025 1045 2075 ame
1074 2013 1148 2074 Sae-

183 2098 260 2156 culis
280 2097 317 2156 ab
339 2094 469 2156 Ecclesia
494 2095 648 2168 Collatiae
668 2097 856 2164 institutum,
880 2098 924 2156 ita
945 2096 982 2154 at
1003 2097 1085 2155 omui
1100 2111 1147 2154 er-

182 2195 251 2241 rore
269 2197 395 2258 purum,
420 2189 452 2238 at
473 2179 548 2238 aileil
569 2179 604 2236 ia
626 2195 656 2236 eo
677 2177 881 2248 contineatur,
906 2175 986 2256 qued
1007 2196 1070 2236 aaa
1086 2195 1147 2234 ma·

182 2261 265 2320 aime
287 2260 477 2322 sanctitatem
501 2269 528 2319 et
546 2259 690 2336 pietatem
714 2258 877 2336 quamdam
898 2257 1040 2323 redoleat,
1064 2275 1147 2316 mea·

183 2349 283 2420 tesqce
305 2341 493 2422 offerentiam
514 2343 548 2401 ia
564 2339 660 2399 Deam
676 2340 784 2417 eripat.
808 2339 839 2400 Is
854 2342 932 2400 euim
954 2347 1067 2399 coastat
1082 2348 1147 2398 tum

185 2440 225 2482 ecc
239 2423 466 2504 'ipsis'llama'm'
486 2420 602 2489 ceree,
626 2431 691 2481 tam
714 2439 753 2481 eac
773 2418 981 2501 Apostolorum
1004 2419 1148 2480 traditio-

185 2505 294 2576 m'bus,
319 2524 355 2566 ac
376 2504 556 2565 Sanctorum
578 2518 693 2580 quoquc
715 2501 893 2583 Pontificum
912 2501 971 2581 piis
985 2501 1147 2562 institutio·

185 2587 283 2648 nitas.
307 2587 352 2648 Ex
368 2585 532 2646 Tridentini
547 2585 682 2644 doctrina
697 2584 820 2645 evidens
835 2590 895 2651 est,
912 2581 1065 2644 Gauonem
1081 2600 1148 2643 esse

185 2671 437 2736 vetustissimum,
460 2673 491 2728 et
507 2673 626 2742 tempos
640 2665 818 2726 antecedere
833 2673 964 2732 eorum,
977 2665 1029 2742 qui
1044 2669 1149 2724 aucto-

185 2765 235 2808 res
258 2749 323 2828 ejus
345 2751 496 2811 dicuntur.
521 2746 551 2808 Si
573 2746 651 2806 enim
675 2764 712 2807 ex
734 2745 853 2806 Domini
876 2747 998 2812 verbis,
1022 2753 1053 2806 ct
1075 2744 1146 2806 Tra·

186 2829 348 2893 ditionibus
370 2830 583 2909 Apostolorum
607 2829 769 2898 coalescit,
792 2833 823 2888 et
845 2829 874 2887 iu
896 2846 933 2888 eo
954 2825 988 2886 stt
1008 2824 1148 2889 Comme-

187 2915 316 2975 moratio
332 2913 543 2990 Apostolorum
565 2909 735 2976 dumtaxat,
751 2916 782 2970 et
796 2910 981 2986 Martyrum,
999 2927 1149 2989 nonOvero

186 2991 401 3056 Confessarom
416 3040 424 3064 ‚
447 2993 555 3070 quibus
576 2999 646 3052 ante
661 2991 822 3051 Saeculum
837 2989 880 3051 lV
902 2991 1034 3052 noudum
1048 2990 1145 3051 cultus

188 3076 400 3144 tribuebatur,
424 3081 539 3136 certum
563 3081 609 3134 est
633 3073 790 3135 Caesonem
809 3072 928 3133 saeculo
950 3070 994 3132 lV
1016 3073 1148 3149 priorem

187 3174 269 3228 esse,
285 3166 316 3218 et
332 3175 369 3218 ex
384 3156 554 3234 Apostolica
567 3154 739 3216 Traditioue
754 3153 935 3230 proiectum.
951 3151 1022 3214 Post
1032 3153 1064 3214 S.
1078 3149 1150 3230 Gre-

189 3240 307 3315 gorium
330 3239 430 3302 nullus
452 3237 660 3297 Romanorum
676 3233 855 3296 Pontificum
872 3235 1024 3313 quidpiam
1041 3232 1150 3294 addidit

190 3326 245 3381 aut
266 3321 437 3383 immutavit
451 3321 480 3379 in
495 3315 636 3384 Canace,
662 3318 705 3378 uti
721 3316 862 3378 observat
882 3315 1048 3379 Cardinalis
1070 3315 1155 3376 Boua

191 3401 222 3460 in
245 3402 312 3464 Lib.
329 3403 359 3464 ll
379 3400 451 3479 Cap.
470 3399 510 3461 ll.
534 3399 682 3462 Sacerdos
703 3416 810 3460 manus
832 3397 942 3476 erigit,
967 3400 1101 3474 itemque
1114 3397 1149 3458 ad

192 3479 316 3544 Caelum
338 3483 455 3544 extollit
476 3482 600 3551 oculosa
630 3482 771 3555 quoniam
793 3497 827 3541 se
847 3482 884 3542 ad
907 3480 1071 3541 caelestem
1098 3479 1148 3539 Pa·

194 3569 273 3622 trem
296 3566 442 3626 convertit
463 3562 587 3624 dicens:
618 3560 654 3621 Te
675 3563 791 3641 igitar,
814 3578 865 3624 ees
886 3563 987 3624 statim
1010 3562 1147 3630 demittit,
