2517 4059
470 222 529 283 w
553 210 612 269 133
634 218 693 279 tur·

93 348 272 399 statuerunt
296 338 390 399 door:
413 340 519 415 utique
540 339 752 399 communibus
782 338 875 405 rolis;
901 343 962 425 tum
987 336 1057 413 quia

91 439 180 486 sors,
206 439 286 497 quae
309 422 418 481 cecidit
442 439 534 499 super
556 421 718 481 Matthiam
742 439 798 479 nou
823 419 880 479 luit
901 434 965 477 sors
988 434 1056 492 pro-

90 505 157 579 prie
181 502 274 572 dicta,
292 503 344 562 scd
360 505 478 580 signum
494 502 616 577 aliquod
633 503 760 572 visibile,
780 508 850 577 puta
867 500 968 559 radius
984 517 1053 559 coe·

90 585 165 644 litus
193 583 338 659 adlapsus
361 585 390 643 in
412 586 559 646 Matthiae
580 590 684 659 caput,
707 602 767 660 quo
790 582 923 658 Apostoli
946 598 1055 656 coguo-

89 672 228 731 verunt,
262 668 363 742 ipsum
385 682 452 727 esso
475 665 661 743 praelectum
686 684 702 725 a
725 666 799 724 Deo.
825 663 1002 723 Doctissimo
1025 669 1056 723 et

88 746 322 824 sapientissimo
347 748 507 809 Benedicto
531 745 606 807 xlv
630 748 750 807 videtur
765 746 918 822 Scriptura
941 750 1053 803 sortem

89 828 251 907 appellare
266 830 404 889 divinum
428 829 499 888 illud
517 846 625 889 munus
647 847 707 904 quo
729 828 938 888 declarabatur
952 822 1052 885 Choro

89 910 301 980 hierarchioo,
325 912 463 986 quisnam
479 912 581 969 divino
596 910 738 987 sullragio
753 912 867 971 electus
882 911 958 967 erat.
976 904 1053 965 Cum

89 994 108 1051 ii
132 1010 252 1063 omnes,
276 992 326 1068 qui
349 992 509 1052 Matthiam
531 992 694 1067 elegeraut,
719 992 784 1069 ipso
801 989 990 1049 Pentecostes
1005 988 1053 1048 die

88 1078 119 1133 in
141 1074 255 1133 eodem
282 1080 382 1133 essent
402 1074 486 1141 loco,
512 1074 677 1135 vehemens
699 1092 736 1133 ex
759 1072 923 1149 improviso
945 1074 1054 1129 ventus

87 1163 211 1215 coortus
234 1162 302 1220 est,
326 1173 385 1230 quo
406 1161 469 1214 tota
489 1156 614 1224 domus,
641 1157 669 1213 in
692 1173 751 1230 qua
773 1160 879 1222 erant,
905 1168 1051 1211 concussa

1 1311 2 1314 Ἴ
88 1243 145 1297 est.
172 1236 213 1295 Et
236 1256 304 1296 cum
318 1238 538 1315 complerentur
553 1238 613 1297 dics
629 1235 823 1304 Pentecostcs,
849 1240 936 1293 crunt
957 1251 1054 1293 omncs

1 1331 2 1338 ’
83 1318 209 1396 puriter
230 1319 265 1375 in
286 1317 385 1376 codem
411 1319 495 1377 loco:
524 1329 551 1377 ct
576 1320 675 1396 sactus
701 1327 741 1377 cst
763 1326 881 1397 repente
906 1314 941 1373 dc
963 1312 1051 1375 Cocio

88 1417 199 1468 sonus,
223 1411 381 1477 tamquam
403 1400 588 1460 aduenientis
613 1396 746 1479 Spiritus
763 1397 946 1465 oclrcmcotr's,
965 1405 992 1456 ct
1007 1414 1053 1455 rc-

85 1482 183 1561 pleor't
209 1491 306 1540 totam
327 1480 467 1551 domum,
494 1482 546 1540 coi
572 1491 661 1541 crant
686 1480 839 1550 sedantes,·
870 1480 962 1545 verba
983 1482 1053 1537 sunt

1 1625 2 1631 ,
88 1566 159 1623 Act.
186 1562 405 1639 Apostolorum
428 1561 502 1637 Cap.
528 1562 568 1622 lt.
592 1582 624 1621 v.
652 1562 667 1619 1
693 1564 729 1621 ad
752 1580 829 1638 quae
845 1561 937 1621 verba
955 1558 986 1617 P.
1004 1558 1053 1617 li-

89 1646 176 1703 rinus
198 1649 303 1703 notat:
327 1641 396 1703 Non
417 1647 614 1704 necessarium
630 1654 679 1713 cst,
695 1644 788 1723 fuisse
803 1662 907 1703 oerum
922 1649 1051 1707 uentum,

90 1726 139 1785 scd
162 1723 272 1807 sufficit
299 1725 391 1801 scisse
415 1744 520 1785 oerum
544 1745 670 1795 sonum,
701 1725 799 1805 qualis
826 1722 959 1783 excitari
979 1722 1052 1780 solet

91 1819 219 1867 coemo
241 1804 342 1866 calido
366 1808 537 1886 inprucntc.
562 1808 607 1867 Ad
636 1808 722 1866 illum
749 1808 880 1865 sonitum
905 1804 1051 1863 excitatus

91 1892 254 1949 universus
280 1890 407 1964 populus
428 1906 464 1948 co
486 1890 628 1955 accurrit,
653 1888 703 1947 uhi
725 1894 812 1951 erant
833 1884 987 1962 Apostoli3
1013 1883 1052 1941 ihi

90 1972 171 2029 euim
195 1970 409 2031 vehementius
430 1988 483 2030 aer
504 1971 701 2040 commoveri,
725 1974 756 2028 et
778 1972 840 2028 sive
863 1983 971 2036 sonus,
989 1966 1052 2025 sive

91 2053 248 2128 strepitus,
272 2068 483 2129 quaecumque
505 2069 595 2113 causa
611 2058 692 2112 esset
714 2052 793 2111 uude
815 2050 957 2114 oriretur,
982 2064 1050 2123 gra·

91 2134 155 2194 rior
181 2136 322 2207 ingruere
345 2133 514 2194 videbatur.

130 2214 171 2272 V.
196 2212 285 2274 Circa
308 2216 418 2285 locum,
444 2216 472 2273 in
495 2233 555 2290 quo
571 2215 700 2291 Spiritus
722 2212 850 2273 Sanctus
873 2228 963 2289 super
978 2210 1055 2284 Apo·

91 2297 184 2356 stolos
207 2314 243 2354 ac
260 2297 428 2374 Discipulos
449 2303 645 2373 congregatos
667 2296 799 2361 advenit,
817 2301 933 2354 certum
953 2297 1001 2351 est
1015 2309 1053 2350 ox

90 2380 159 2437 Act.
177 2378 191 2437 l
207 2377 301 2436 luisse
315 2377 516 2438 Coenaculum
535 2381 564 2436 in
586 2377 734 2452 superiori
750 2383 836 2453 parte
852 2376 959 2434 domus
976 2372 1053 2447 posi-

92 2465 165 2528 tum,
179 2477 241 2535 quo
254 2464 321 2533 post
333 2460 452 2518 Domini
464 2477 622 2519 ascensum
637 2475 669 2517 se
683 2463 872 2535 receperunt,
888 2456 987 2530 ibique
999 2470 1052 2525 per

91 2541 195 2601 decem
209 2541 273 2599 dies
283 2558 380 2615 usque
394 2542 430 2599 ad
443 2541 573 2618 Spiritus
584 2540 683 2600 Sancti
700 2540 872 2605 adventum,
887 2543 919 2597 ut
930 2554 960 2594 se
973 2552 989 2592 a
1001 2532 1053 2595 Ju-

90 2624 236 2683 daeorum
261 2622 356 2681 oculis
376 2623 602 2689 subtraherent,
626 2627 810 2681 manserunt.
836 2617 928 2696 Cujus
950 2622 1052 2676 autem

90 2710 169 2765 esset
186 2705 242 2761 isla
259 2704 365 2763 domus
380 2709 411 2762 et
425 2703 641 2772 Coenaculum,
658 2702 816 2779 Scriptura
833 2706 923 2765 tacet,
940 2704 970 2758 et
986 2697 1052 2759 ideo

91 2787 163 2845 nihil
181 2787 258 2845 certi
274 2787 363 2845 statui
386 2784 497 2859 potest.
511 2785 758 2861 Theophylactus
781 2785 809 2841 in
825 2782 898 2859 Cap.
913 2778 1051 2840 xxvtlt

90 2867 237 2927 Matthaei
254 2866 419 2937 contendit,
444 2884 512 2927 eam
533 2867 624 2926 luisse
640 2865 762 2941 Josephi
790 2864 827 2923 ah
842 2863 1050 2929 Arimathaea‚

90 2955 141 3008 aut
155 2949 237 3008 iorte
253 2946 419 3015 Nicodemi,
444 2954 478 3009 ut
491 2949 629 3025 opinatur
645 2946 839 3025 Euthymios.
858 2941 1050 3017 Nicephorus

88 3027 152 3089 Lib.
167 3029 186 3088 1
201 3028 354 3090 Historiae
368 3027 440 3105 Cap.
455 3028 507 3099 28,
524 3028 718 3089 ctCedrenus
735 3030 788 3087 has
804 3025 891 3085 aedes
909 3026 1050 3097 privatas,
1133 3038 1138 3059 ⁴

90 3112 245 3189 inquibus
266 3116 332 3170 erat
354 3110 428 3170 illud
441 3108 656 3175 Coenaculum.
681 3110 716 3169 ad
733 3109 877 3169 loannem
894 3104 1052 3183 Evangeli-

90 3200 164 3253 stam
191 3193 371 3269 pertinuisse
393 3196 562 3253 autumant.
585 3192 692 3265 Quoad
716 3192 822 3251 horam
845 3188 903 3247 diei
920 3206 978 3263 qua
1000 3188 1052 3247 de·

89 3275 205 3336 scendit
237 3292 329 3350 super
351 3276 513 3351 Apostolos
534 3272 665 3351 Spiritus
687 3272 837 3341 Sanctus,
866 3268 1051 3330 conveniunt

92 3375 206 3422 omues,
225 3356 309 3415 hanc
332 3355 425 3415 luisse
448 3355 593 3415 Tertiam.
618 3354 685 3415 Hac
708 3374 781 3431 ergo
806 3354 891 3421 hora,
916 3353 989 3412 dum
1005 3351 1046 3417 A<

90 3438 196 3512 postoli
221 3455 256 3496 ac
281 3436 424 3519 Discipuli
445 3443 547 3497 essent
572 3438 600 3495 in
622 3436 795 3499 Coenaculo
820 3438 1050 3512 perseverantes

90 3520 116 3579 in
138 3521 300 3584 oratione,
325 3519 433 3596 illapsu
453 3518 553 3579 Sancti
576 3518 706 3593 Spiritus
730 3535 823 3593 super
846 3534 897 3575 eos
920 3514 1049 3593 promis-

90 3620 154 3663 sum
177 3599 297 3663 Christi
324 3600 483 3677 impletum
506 3607 561 3659 est.
587 3598 653 3659 Hoc
687 3605 792 3675 aperte
826 3599 956 3658 hahetur
978 3599 1047 3656 Act.
