2517 4059
457 138 518 249 ess
538 174 579 239 81
601 185 663 248 aas

79 318 150 392 Qua
171 311 287 373 ratione
309 301 346 369 sn
368 307 426 385 illis
447 274 562 377 eliam.
586 308 639 387 qui
660 306 739 369 hane
759 306 916 373 historiam
938 308 1040 372 delen·

78 400 168 464 dunt,
192 392 286 467 aliqui
308 391 429 455 dicunt.
455 392 534 466 piam
549 388 639 464 ,illam
663 390 845 460 mulierem,
868 409 926 449 non
954 391 1039 453 Fero·

79 482 193 542 sicem,
217 472 273 535 sed
292 478 344 533 ant
369 472 516 546 stoicem,
540 476 593 533 aul
612 472 780 533 Feronlcsm
801 478 854 533 aui
867 470 1040 535 Berenices»

80 557 264 641 appellatam
279 553 391 623 inissea
420 550 594 614 Veronicom
609 560 709 613 autem
722 553 790 613 dici
810 556 956 630 coepisse,
980 573 1039 624 non
1060 622 1063 627 Ι
1126 580 1131 587 ·

80 644 176 721 ipsam
195 637 274 714 plain
290 636 462 702 mulierem.
486 635 537 695 sed
552 634 660 713 laciem
677 636 755 713 piam
772 633 899 695 Sudario
916 636 1040 714 impres·

80 740 168 788 sarm
191 735 263 777 nam
283 716 436 779 Feroniae
460 716 538 776 idern
561 732 671 794 graece
692 720 799 783 sonat.
823 716 1038 788 ac.l'eror'ron,

79 821 134 871 sau
158 804 270 876 imago.
294 797 419 859 ht'sire
443 796 591 859 Veronica
614 797 705 859 luerit
727 798 775 874 pla
805 795 939 866 lomina,
961 818 1040 877 quse

79 884 245 954 S'uda'rium
268 878 354 943 lactei
380 878 497 951 Domini
518 879 665 947 admovit.
686 881 750 940 eive
772 875 919 953 Ver-onice
943 899 1042 945 unum

78 966 214 1027 elidem
237 961 276 1019 sit
305 968 375 1022 oum
398 964 462 1039 ipso
485 960 634 1032 Sudarl03
663 960 852 1021 certum'ost
873 960 1038 1025 Sudariuor

80 1044 313 1125 insignissimam
335 1042 607 1118 esse'lleliquiam,
630 1049 661 1107 et
684 1041 785 1107 multis
804 1042 1039 1109 adhint'saecu·

80 1128 115 1201 lis
126 1129 245 1207 cultum
262 1123 290 1181 io
308 1125 433 1205 Basilica
451 1123 594 1203 Vatipana
610 1124 789 1195 obtinuisse
812 1121 924 1183 Extant
941 1127 969 1185 in
981 1126 1044 1187 Ta·.

79 1204 365 1273 helario-Vaticano
383 1213 582 1279 ¹monumenta
608 1205 705 1265 multa
726 1204 888 1265 admodum
911 1209 1039 1270 anthen-
1083 1205 1085 1210 ’

80 1294 139 1353 tica
163 1305 218 1367 pro
232 1286 349 1350 Sancta,
362 1289 419 1347 hac
443 1283 606 1349 salvatoris
628 1286 772 1363 Imagine.
796 1283 925 1350 Consule
947 1286 981 1347 Ρ.
996 1289 1040 1351 la·

79 1374 190 1435 eohurn
203 1368 380 1430 Gretserum
396 1367 484 1451 Tem.
498 1368 560 1430 XV
572 1366 651 1444 Opp.
672 1368 701 1426 in
722 1364 788 1445 ejus
799 1375 899 1428 annm
912 1366 984 1445 Cap.
999 1373 1038 1435 17

79 1460 118 1520 et,
132 1469 217 1528 seqq.
236 1452 320 1525 plura
343 1451 537 1529 summantur
558 1450 595 1529 de
619 1449 675 1508 hac
689 1467 782 1507 saera
804 1450 902 1528 effigie
924 1452 1052 1528 Christi

79 1529 208 1595 Domini
223 1528 368 1605 advorsus
390 1528 600 1593 Casaubonum
624 1538 654 1591 el
674 1520 918 1607 Hospiolanum‚
947 1541 979 1595 el
993 1537 1037 1599 -de

79 1616 165 1677 cultu
189 1613 288 1679 eidem
312 1633 327 1673 a
352 1612 452 1674 multis
475 1612 601 1673 saeculis
622 1611 768 1672 adhibito.

117 1695 208 1771 XIV.
233 1695 323 1755 Plura
346 1702 442 1761 sunl,
466 1706 543 1770 quae
565 1694 709 1754 adversus
732 1691 1038 1758 ludaeosostsnouor

83 1777 181 1839 lassum
196 1774 350 1837 Christum
375 1776 466 1835 luisse
488 1777 516 1837 in
532 1774 630 1837 Cruee
653 1774 883 1841 immolandum,
907 1773 941 1837 ut
961 1797 1038 1856 qrrae

82 1860 219 1937 leguntur
248 1857 322 1934 Cap.
353 1854 493 1919 xxvnl
523 1854 776 1917 Deuteronomii:
802 1854 873 1916 Frit
894 1859 957 1917 ailo
982 1870 1037 1921 tao

83 1942 168 2021 queri
187 1934 324 2017 pendens
342 1950 412 1998 onte
442 1948 492 1998 to:
515 1956 592 2014 quae
614 1935 733 1997 Psalmo
755 1934 856 1996 x1v:
885 1934 980 2001 Dicin
1005 1943 1040 2001 a'n

83 2023 262 2087 notionibus,
285 2021 359 2097 quin
375 2020 520 2081 Dominus
535 2018 671 2096 repnooit
687 2038 706 2077 a
720 2018 821 2095 lipno:
842 2037 921 2095 quae
942 2020 1038 2086 isaiae

82 2102 152 2181 Cap.
167 2101 263 2171 exi:
285 2098 355 2161 Tota
371 2102 419 2176 dic
432 2100 574 2179 serpendi.
592 2104 784 2174 electense
800 2097 947 2162 Ieremiae
962 2101 1036 2182 Cap.

10 2216 11 2221 κ
83 2181 1035 2262 Xlrl'enitcmittemurllpnnm.etc.qnanachariaeCap.Xll:

83 2264 230 2344 ,lupiciani
254 2264 288 2321 in
303 2282 358 2331 mc,
383 2282 469 2341 quem
484 2262 688 2342 confixerunt.
713 2261 769 2322 Sed
795 2264 894 2323 nullus
915 2284 1039 2342 expres·

83 2349 140 2407 sior
163 2348 248 2407 locus
277 2362 367 2403 versu
390 2346 427 2405 17
459 2344 568 2405 Psalmi
599 2342 715 2403 xxti:
750 2342 900 2407 Foderunt
929 2368 1038 2412 monor

82 2446 172 2499 mess,
191 2438 218 2487 st
231 2424 320 2503 pedes
340 2444 427 2485 mcor.
454 2421 703 2505 Nepanti‘deirco
728 2420 961 2503 pervicacissimi
985 2431 1038 2493 ho.

83 2511 176 2569 mines
198 2506 357 2585 legendum
381 2525 467 2573 esse,
492 2504 646 2567 Foderunt
668 2524 737 2567 cum
760 2507 893 2584 vulgaria
917 2510 1037 2575 illorum

82 2590 175 2651 Biblia
200 2608 257 2649 non
273 2586 508 2661 heberaeos.
534 2586 681 2657 foderunt,
704 2588 757 2649 sed
778 2586 846 2649 Carl
868 2593 948 2653 sicut
962 2593 1035 2656 Leo.

82 2753 286 2815 credulitatem
307 2751 513 2811 obtendimus.
539 2750 639 2811 Primo
660 2752 892 2813 emendatissimi
916 2775 1037 2835 quoque

77 2832 263 2895 'ludaeorum
286 2830 410 2891 Codices
433 2832 545 2905 habent
567 2830 647 2893 Caris
678 2832 841 2901 foderunt,
871 2835 1036 2901 latentibus

83 2917 169 2977 etiarn
195 2933 254 2973 non
277 2912 375 2979 soloni
391 2914 559 2978 haereticis,
584 2915 634 2989 qui
658 2914 815 2974 hebraicos
836 2912 960 2977 Codices
980 2919 1036 2981 La.

84 2998 148 3059 linis
163 2995 350 3075 praeierunt.
368 2994 482 3056 Sixtino
498 2995 638 3059 Amama.
649 2996 814 3063 linostem,
827 2996 936 3065 Clario,
955 2996 1035 3061 Fris·
1092 3068 1097 3077 ι

84 3078 250 3147 ohumutlo,
268 3076 406 3151 aliisque,
423 3078 472 3140 sed
495 3078 587 3136 etiam
604 3076 815 3137 Hebraeorum
838 3078 1033 3153 doctissimis,

84 3159 115 3219 R.
131 3160 227 3226 Isaac.
254 3165 285 3218 et
306 3157 447 3217 collector
471 3158 606 3217 hlasorae
629 3156 726 3218 Rabbi
749 3158 838 3218 lacob
860 3158 1030 3223 Benehain:

84 3258 114 3305 ac
135 3243 177 3307 ita
199 3240 257 3317 legi
282 3240 310 3296 in
327 3239 534 3301 vetnstissimis
558 3238 717 3301 Codicihns
737 3260 753 3299 a
778 3259 810 3300 se
832 3242 970 3318 perlectis
984 3244 1034 3323 ju·
1094 3247 1097 3251 '

84 3323 245 3402 rejuraodo
269 3325 394 3381 testatur
416 3318 500 3379 Felix
523 3318 672 3383 Pralensis
697 3321 885 3382 Er-ludaeus
907 3326 936 3384 in
954 3326 1037 3387 Psal-

86 3406 173 3473 lerlor
199 3404 240 3462 ita
252 3402 355 3461 haberi
378 3402 406 3458 in
421 3398 530 3463 Codice
545 3398 716 3463 Colhertino
731 3410 849 3464 vetusto
871 3406 1036 3469 admodum

10 3502 11 3559 ξ
85 3492 113 3547 et
131 3484 304 3550 emodato.
327 3481 463 3543 Secundo
485 3501 590 3543 omnes
604 3483 765 3546 Sacrorum
787 3485 952 3549 Bibliorum
968 3507 1036 3550 ver·

10 3598 11 3601 ¹
72 3568 179 3660 'sinnas
201 3581 261 3627 non
284 3560 526 3642 Hieronymiana-
540 3570 658 3627 tantum
680 3566 731 3627 sed
754 3571 786 3626 el
808 3565 958 3642 Arabica,
981 3570 1033 3651 Sy-

10 3666 12 3734 l

217 3664 278 3722 Vol.
298 3666 332 3719 ll.
881 3672 899 3723 e
