2517 4059
466 182 670 255 *Wlffl-

472 389 599 453 CAPUT
622 391 679 457 lX.

399 572 442 615 ns
463 570 601 616 stenaro
623 572 753 618 suamc.

136 719 163 781 1.
189 718 356 779 Sabbatum
379 719 436 780 boe
453 720 690 779 antonomastice
710 718 878 795 appellatur
900 720 1054 789 Sanctum,

97 807 220 878 propter
238 802 373 878 requiem
396 800 521 866 Christi,
538 800 567 857 in
584 800 674 879 cujus
689 808 788 860 morte
809 800 983 861 sanctificati
1006 818 1067 862 su··

97 900 188 943 mus:
213 884 261 941 vel
288 888 410 959 propter
434 882 628 957 baptismum,
652 882 731 957 quod
755 881 790 942 lit
811 880 916 953 bodie,
943 885 972 941 in
994 900 1055 958 quo

97 981 173 1025 nova
198 948 350 1023 Ecslesiae
373 963 455 1041 plebs
478 962 696 1023 sanctificatur.
728 962 814 1023 Hanc
835 965 1056 1023 solemnitatem

96 1045 226 1107 Sancms
248 1044 413 1123 Gregorius
434 1042 642 1105 Nazianzenus
673 1040 816 1106 Oratione
838 1043 938 1105 XLlll
967 1043 1058 1104 confi·

94 1129 182 1189 nium
205 1125 410 1201 Sepulturae,
433 1132 464 1188 et
491 1116 733 1187 Resu'rrectionis
761 1126 829 1187 lesu
852 1124 963 1186 Christi
991 1128 1057 1186 iure

95 1227 132 1269 ao
148 1210 261 1267 merito
276 1209 419 1284 appellat.
443 1207 475 1266 ln
492 1205 605 1267 Ordine
628 1206 765 1269 Romano
778 1207 917 1268 Ollrcium
939 1216 1059 1271 noctur·

97 1308 172 1369 num
197 1308 214 1349 a
238 1292 335 1349 media
359 1295 445 1349 nocte
468 1290 641 1367 incipiebat.
676 1288 722 1348 Ad
746 1289 926 1350 Matutinum
948 1288 1059 1350 Psalmi

96 1378 169 1435 sunt
197 1373 333 1449 proprii3
357 1371 393 1431 ad
418 1370 536 1431 Laudes
558 1369 691 1433 Psalmi,
724 1378 757 1431 et
777 1370 932 1431 Canticum
955 1369 1060 1432 Feriae

97 1454 235 1529 tertiae,
264 1459 422 1530 propterea
444 1451 525 1528 quod
557 1452 593 1511 ad
616 1452 845 1529 exprimendam
873 1451 1060 1513 Dominicam

97 1534 296 1613 sepulturam
312 1536 442 1611 aptiores
458 1534 514 1592 risi
530 1541 612 1595 sunt.
630 1535 747 1594 Altaria
760 1534 937 1595 solemniter
953 1552 1060 1611 paran-

98 1623 160 1683 tur,
186 1616 259 1690 quiu
279 1614 342 1693 jam
366 1613 499 1675 Ecclesia
522 1615 625 1691 incipit
640 1613 882 1677 Resurrectionis
904 1616 1058 1693 praeludia

98 1698 277 1767 celebrarier
302 1703 333 1758 ct
353 1695 490 1757 Christus
513 1696 543 1755 in
566 1695 799 1759 Resurrectione
820 1699 927 1757 stolam
944 1699 1059 1774 gloriae

99 1779 212 1848 induit,
238 1780 279 1839 uti
294 1780 435 1839 observat
451 1776 610 1838 Durandus
625 1777 692 1838 Lib.
713 1778 753 1839 Vl
773 1779 846 1855 Cap.
863 1776 906 1838 85
928 1797 1011 1840 num.
1032 1778 1059 1836 l.

99 1860 158 1922 Pes
176 1877 289 1921 novum
315 1862 413 1938 ignem
437 1860 579 1938 incipitur
602 1859 783 1922 hodiernum
807 1860 958 1920 Ollicium.
984 1860 1063 1921 Con·

100 1950 186 2007 stans
209 1948 242 2003 et
263 1948 405 2020 perpetua
429 1940 485 2001 luit
507 1941 659 2001 Ecclesiae
680 1942 847 2019 disciplina,
872 1948 905 2001 ut
928 1939 1007 2001 nulla
1029 1958 1063 2001 re

101 2028 232 2090 utatur,
258 2025 337 2099 rpuin
360 2041 426 2083 cam
450 2023 532 2099 prius
555 2020 752 2083 benedixerit.
789 2022 1062 2083 bebenedictione

103 2107 174 2171 novi
200 2105 276 2183 ignis
308 2106 337 2163 in
363 2104 604 2167 sacramentario
632 2103 732 2164 Sancti
753 2102 891 2183 Gregorii
924 2106 1003 2165 nulia
1029 2104 1064 2165 lit

103 2187 231 2255 mentio,
255 2192 286 2246 et
305 2204 341 2245 eu
360 2184 491 2264 Epistola
503 2184 665 2245 Zachariae
686 2186 814 2246 Romani
832 2184 981 2247 Pontificio
995 2189 1064 2247 data

103 2271 139 2349 ad
175 2268 208 2328 S.
234 2267 419 2328 Bonilacium
453 2266 662 2343 Moguntinum
686 2268 861 2328 Antistitetu
891 2268 1062 2345 colligitur,

103 2350 185 2430 Ignis
208 2350 278 2409 novi
300 2350 450 2417 celtice,
477 2365 530 2407 seu
551 2349 696 2426 crystallo
725 2350 851 2409 extracti
884 2350 1067 2411 benedictio·

105 2450 175 2505 pem
208 2434 340 2509 ignotam
363 2431 454 2493 luisse
484 2428 639 2493 Romanae
665 2429 817 2491 Ecclesiae
846 2432 969 2493 saeculo
993 2430 1066 2493 Vlll

104 2514 240 2593 viguisse
263 2518 362 2573 tamen
389 2512 417 2571 in
439 2512 591 2587 aliquibus
613 2511 710 2579 locis,
744 2512 876 2573 maxime
909 2514 939 2572 in
960 2508 1067 2574 Galliis

107 2596 218 2674 probat
242 2593 389 2654 Boniiaoii
410 2594 615 2670 interrogatio,
640 2592 790 2671 adquam
814 2595 967 2672 respondit
980 2612 1069 2673 prae·

108 2678 190 2739 latus
211 2693 351 2737 summus
366 2676 513 2736 Pontilex.
537 2674 657 2734 Debeo
679 2674 884 2737 benedictione
901 2676 1069 2754 intelligen·
1147 2676 1152 2685 ’

108 2760 163 2821 dus
186 2756 310 2817 videtur·
332 2756 394 2819 Leo
418 2756 498 2832 Papa
521 2753 564 2816 lV
585 2755 616 2815 in
639 2754 772 2816 Homilia
793 2758 832 2818 de
858 2757 944 2819 Caro
968 2756 1071 2819 Pecto-

110 2840 183 2907 rolr‘,
200 2838 254 2898 ubi
272 2840 330 2897 ait:
347 2837 385 2897 In
403 2835 530 2898 Sabbata
547 2834 689 2906 Perclsus,
706 2840 840 2899 retineto
854 2841 959 2909 ceteri,
977 2858 1071 2901 nocua

109 2921 190 3001 ipsis
213 2920 420 2991 benedicatur,
449 2928 477 2979 rt
497 2937 555 2999 per
576 2921 723 2996 populum
744 2919 910 2985 dividatur,
938 2926 966 2978 et
989 2938 1070 3059 “EM

110 3002 265 3065 similiter.
299 3002 384 3075 Quae
406 3001 527 3077 quidem
550 3000 643 3061 rerba
666 3000 806 3078 leguntur
826 3002 918 3060 etiam
947 3002 978 3059 in
1028 3002 1073 3078 pi·

111 3084 188 3147 stola
203 3082 352 3161 Synodica
369 3080 509 3143 Ratherii·
522 3079 704 3143 Veronensis
727 3079 867 3159 Episcopi
889 3081 926 3141 ad
943 3080 1072 3161 Presby-

19 3222 20 3227 ,
114 3169 196 3226 leros
219 3182 293 3225 suae
316 3163 484 3231 Dioecesis,
508 3179 586 3239 quae
609 3163 760 3240 reperitur
780 3163 810 3222 in
832 3162 992 3242 spicilegio
1013 3163 1073 3222 Ila-

114 3246 271 3313 cheriano.
295 3245 433 3307 liabetur
454 3246 545 3308 etiam
568 3244 681 3306 mentio
701 3244 740 3305 de
755 3262 813 3305 usu
833 3244 1005 3307 excutiendi
1021 3260 1074 3303 uo·

21 3332 23 3401 i
115 3346 189 3389 rum
205 3328 305 3403 ignem
327 3328 366 3388 ad
381 3326 509 3388 Cereum
526 3324 704 3387 Pascbalem
724 3327 947 3389 accendendum
970 3327 1002 3386 in
1015 3322 1075 3386 Or-

116 3408 185 3470 dine
206 3404 345 3469 Romano
367 3408 513 3487 Caietam,
538 3408 567 3465 in
589 3424 650 3483 quo
672 3407 797 3483 legitur:
821 3409 904 3487 Ipsis
924 3408 1077 3471 executor

119 3490 153 3551 de
171 3490 197 3553 C
198 3490 317 3551 rirratto
331 3490 391 3552 sior
406 3490 514 3570 lapide,
532 3500 558 3550 ct
572 3486 762 3560 accenditur,
777 3494 811 3549 et
822 3490 999 3553 reseruntur
1013 3494 1077 3549 tres

119 3571 302 3643 Orationes,
326 3590 403 3650 quae
425 3572 455 3633 in
477 3570 689 3633 benedictione
710 3569 786 3648 ignis
807 3571 994 3635 dicebantur.
1019 3568 1078 3630 Eo-

742 3665 744 3670 ’
896 3668 909 3697 i
