2517 4059
479 219 701 290 mimita-

106 357 144 410 et
168 349 316 408 Damiani.
341 346 381 408 lli
403 351 496 412 sancti
519 350 576 412 viri
598 351 669 418 duo,
691 352 820 421 aesna,
847 357 878 413 el
900 349 1063 413 Damiauus

109 430 295 490 medicinam
319 428 536 506 profitebantur
558 434 704 495 charitate
726 436 866 512 permoti,
892 452 951 494 non
966 443 999 494 ut
1013 453 1064 511 pa·

111 513 234 574 cuniam
257 513 382 584 scilicet,
395 515 447 574 ssd
469 521 501 575 ut
517 515 572 574 baa
597 519 709 577 ratione
731 519 846 576 animas
868 514 989 576 Christo
1004 517 1064 576 Do-

111 596 197 656 mino
220 595 418 656 lucrarentur.
435 598 477 656 Ex
494 597 676 659 Theodoreti
701 599 807 660 litteris
826 605 1016 676 compertum
1031 596 1066 659 lit

106 675 304 740 ¹Chalcedone
320 675 499 740 Sanctorum
509 677 635 742 Cosmae
646 689 676 742 et
686 682 820 743 Damiani
836 682 954 742 nomine
969 681 1064 756 splen·

111 759 215 818 didam
239 759 396 820 Basilicam
417 763 562 832 extitisses
586 771 617 825 et
633 762 777 840 Procopio
799 762 958 830 referente,
978 761 1066 823 lusti-

113 841 222 902 nianus
243 840 410 918 lmperator
431 845 607 906 eorumdem
631 846 809 906 Sanctorum
822 846 973 907 Ecclesiae
987 861 1066 920 quae

113 921 372 1002 Constantinopoli
395 926 475 988 lraud
492 927 593 1005 procul
609 936 706 999 erant,
732 929 912 1006 reparandas
934 928 1061 988 curarit.

462 1089 587 1152 CAPUT
609 1091 727 1154 xxiv.

274 1268 317 1312 DE
340 1269 439 1314 PBECE
461 1271 544 1318 HANG
565 1272 675 1317 lutcus
698 1271 912 1370 osoburloultcs.

156 1413 182 1472 1.
207 1413 240 1474 ln
264 1413 319 1474 bac
341 1413 483 1479 Oratione
505 1417 591 1479 Hauc
611 1423 709 1499 ipilur
731 1418 915 1481 Oblatiouem
937 1428 1064 1497 quatuor

114 1515 132 1554 a
155 1492 221 1556 Deo
244 1497 371 1572 postulat
393 1499 537 1562 Sacerdos
559 1505 656 1578 primo
679 1510 713 1564 ut
730 1502 911 1563 oblationem
935 1508 1066 1563 nostram

115 1579 181 1654 ipse
204 1577 336 1654 placatus
358 1583 502 1659 accipiat;
525 1585 658 1645 secundo
679 1591 713 1646 ut
734 1585 797 1644 dies
821 1593 937 1645 nostros
960 1587 989 1643 ιιι
1012 1602 1066 1644 sua

116 1675 191 1734 pace
220 1660 376 1737 disponat,
405 1662 509 1726 deinde
537 1674 569 1727 ut
591 1668 628 1726 ab
650 1672 771 1727 aeterna
801 1666 991 1727 damnatione
1014 1683 1067 1726 nos

116 1746 226 1810 eruat,
250 1760 284 1801 ac
299 1743 427 1821 denique
444 1753 476 1807 ut
491 1750 519 1806 in
537 1747 709 1808 Electorum
732 1767 823 1824 grege
846 1768 898 1808 nos
914 1754 1066 1808 numeret.

117 1821 203 1894 Quae
226 1826 324 1884 omnia
341 1826 530 1890 Innocentius
551 1830 630 1906 Papa
648 1828 689 1890 lll
713 1829 779 1890 Lib.
798 1830 839 1892 lll
856 1829 1069 1910 Muscariorum

118 1900 229 1964 Missae
243 1905 315 1984 Cap.
335 1907 362 1968 ll
385 1910 490 1971 devote
506 1930 540 1974 ac
556 1913 725 1972 luculenter
745 1912 883 1974 illustrat.
910 1912 995 1974 iusta
1011 1910 1067 1971 hli-

114 1988 271 2065 arologum
295 1991 402 2052 debeat
422 1991 566 2053 Sacerdos
583 1995 612 2053 in
630 1995 685 2054 bac
699 1993 843 2055 Oratione
868 1994 1013 2070 profunde
1034 2011 1066 2054 se

118 2069 273 2142 inclinare,
286 2072 326 2132 ita
347 2076 398 2134 ait:
418 2075 452 2133 de
475 2073 692 2136 Ecclesiasticus
713 2073 975 2137 obseruationibus
989 2075 1064 2150 Cap.

119 2149 169 2208 aa:
197 2150 299 2226 Quum
321 2155 466 2217 dicimus:
489 2155 576 2218 Hauc
598 2161 693 2236 ipitur
709 2159 886 2219 oblationem
909 2155 1068 2218 additare

96 2234 301 2294 ¹iucliaamar
323 2237 363 2297 ad
386 2240 538 2319 eaemplar
564 2239 694 2303 Christi.
718 2243 771 2318 qui
785 2259 814 2300 se
829 2241 1000 2301 humiliavit
1011 2257 1069 2317 pro

118 2315 201 2374 uehis
222 2334 313 2395 usqae
335 2319 375 2379 ad
397 2332 522 2380 mertem
547 2323 665 2386 Crucis.
692 2322 849 2383 Durandus
872 2327 901 2382 in
918 2322 1068 2382 llationali

117 2395 183 2455 Lib.
208 2395 251 2457 IV
273 2398 345 2475 Cap.
363 2401 402 2461 39
425 2399 510 2462 Hauc
528 2447 646 2465 .....
667 2401 812 2463 Sacerdos
833 2406 868 2463 iu
889 2403 1067 2482 quibasdam

118 2474 259 2540 Ecclesir's
271 2482 418 2560 profunde
433 2503 460 2544 se
474 2488 622 2548 inclinat:
639 2485 723 2547 ldem
740 2493 877 2546 asserunt
891 2485 1069 2560 hadulphus

119 2557 301 2638 Tungrensis
325 2563 411 2643 Prop.
436 2567 475 2628 23
502 2576 531 2628 et
554 2566 673 2628 Gabriel
697 2568 761 2626 Riel
788 2569 868 2629 Lect.
893 2567 943 2627 33.
977 2567 1070 2626 Porro

118 2641 156 2702 dc
180 2643 236 2705 hac
258 2642 401 2709 Oratione
430 2650 468 2709 ita
490 2651 626 2710 scribunt
653 2649 823 2726 Stephanus
845 2649 1011 2710 heduensis
1040 2650 1069 2706 in

118 2722 210 2785 Libro
231 2727 268 2788 de
288 2723 479 2790 Sacramenta
494 2729 608 2792 ditaris
623 2731 696 2808 Cap.
716 2731 767 2791 13:
788 2730 872 2791 Haec
887 2731 995 2790 oblatio
1011 2749 1071 2789 uon

122 2817 237 2869 tautum
260 2819 302 2881 est
324 2812 501 2881 Sacerdotis,
524 2813 574 2874 sed
595 2823 720 2873 euectae
741 2815 887 2891 familiae,
914 2814 989 2872 idest
1007 2812 1070 2873 Cte-

121 2890 151 2947 ri
163 2932 170 2955 2
196 2903 223 2951 et
241 2895 347 2972 populi
359 2936 366 2962 ‚
391 2906 417 2956 et
438 2913 496 2954 aon
519 2906 636 2956 tautum
658 2894 822 2955 assistentis
843 2895 996 2972 familiae,
1020 2893 1070 2952 ssd

122 2970 209 3031 totius
231 2975 379 3052 lautitiae.
404 2976 436 3035 ln
461 2975 576 3052 Vigiliis
599 2977 731 3053 Paschae
753 2984 783 3038 et
802 2976 1016 3043 Pentecostes‚
1040 2982 1071 3034 et
1179 3046 1182 3052 Ι

5 3059 8 3082 *
120 3069 175 3129 per
191 3062 283 3116 lotam
299 3057 443 3120 Octavam
461 3059 569 3120 barum
586 3058 839 3119 Sollemnitatum.
863 3059 913 3118 llic
929 3056 1066 3133 specialis

119 3134 239 3198 additur
253 3141 364 3200 mentio
381 3159 484 3202 recens
500 3143 716 3219 baptizatorum
732 3164 739 3212 3
765 3142 837 3218 quia
854 3140 1020 3216 antiquitus
1036 3140 1066 3198 id

121 3220 212 3278 aroris
234 3220 310 3291 suit,
335 3229 367 3283 ut
389 3224 555 3300 invigiliis
578 3222 709 3286 Paschae
732 3229 764 3285 ct
779 3221 969 3283 Pentecostes
991 3220 1070 3281 sole·

120 3300 229 3361 mniter
256 3304 478 3380 baptizarentur
505 3305 742 3374 Cateclrumeni‚
776 3311 808 3364 et
830 3305 961 3365 vestibus
991 3303 1067 3362 albis

123 3383 221 3442 amicti
237 3386 361 3446 aderant
377 3387 528 3448 Sacrificio
545 3387 662 3448 Missae.
687 3388 867 3448 Variabatur
883 3387 974 3445 eliam
991 3392 1067 3444 teste

120 3465 320 3528 eruditissimo
342 3468 498 3531 Cardinale
521 3469 622 3536 Boua,
647 3473 676 3528 ln
699 3469 790 3530 hlissa
813 3467 918 3528 Perias
940 3467 1070 3540 Quintae

122 3548 148 3604 in
171 3545 270 3609 Coena
293 3549 422 3620 Domini,
448 3556 476 3612 in
499 3553 547 3612 die
569 3553 763 3613 anniversarii
782 3552 939 3628 Raptismi,
963 3552 992 3608 in
1008 3551 1072 3609 An-

123 3630 287 3691 niversario
301 3632 503 3695 Ordinationis
519 3633 699 3707 Sacerdotis,
724 3635 752 3694 iu
768 3633 962 3696 Dedicatione
979 3650 1072 3692 novae

261 3731 318 3782 Vol.
341 3733 372 3780 ll.
925 3731 959 3783 ‘28
