2517 4059
490 165 743 256 masuras

106 333 221 376 manus
245 313 419 391 conjungit,
442 319 473 372 et
495 313 654 375 inclinatus
675 312 827 381 consistit,
853 318 886 372 ut
906 329 939 374 se
955 311 992 372 ad
1007 327 1078 390 sup·

108 396 302 473 plicationem
324 396 523 472 compositum
545 395 705 464 exhibeat,
731 397 845 456 ratione
868 394 971 454 habita
994 394 1077 454 vocis

107 478 272 558 supplices.
296 475 457 538 Osculatur
480 476 595 544 Altare,
619 476 767 537 Sacerdos
786 475 934 545 ostendat,
958 480 1078 550 oportet

106 559 169 618 sibi
193 559 324 620 maxime
347 559 428 634 cordi
454 576 541 626 esse,
567 564 601 620 ut
617 576 693 618 nova
709 577 780 635 erga
795 558 897 618 altare
919 557 1078 618 observan-

106 639 183 706 tiae.
208 646 239 701 et
253 643 366 701 amoris
381 644 559 718 argumenta
576 641 730 716 praebeat,
744 639 869 718 jamjam
888 641 1077 699 momentum

108 721 218 784 adesse
242 723 367 793 videns,
397 741 457 797 quo
479 720 621 798 Corporis
648 728 680 782 et
701 722 859 800 Sanguinis
883 720 994 781 Christi
1018 719 1078 782 llo·

112 804 190 864 mini
214 803 306 866 Sedes
322 806 418 882 ipsum
436 803 538 864 Altare
554 804 603 862 sit.
628 800 776 865 Sacerdos
798 809 845 864 ter
858 803 941 862 ducit
957 803 1076 878 signum

109 882 219 947 Crucis
242 903 331 963 super
354 879 460 962 panti
483 889 513 944 et
534 885 638 946 vinum
661 887 698 944 ad
723 886 796 944 haee
818 885 910 943 verba
932 883 1004 942 hoec
1025 879 1078 940 do·

109 983 173 1034 oo,
207 966 277 1026 hoec
300 985 445 1034 munero,
474 967 544 1026 hoco
565 975 671 1026 sanctu
695 964 855 1047 Sacrificio
877 971 910 1026 ut
932 965 1077 1039 intelliga-

111 1064 182 1108 mus
206 1064 263 1106 non
287 1065 372 1124 posse
397 1049 479 1124 panis
500 1055 531 1108 el
551 1047 612 1106 vini
635 1049 817 1108 oblationem
841 1047 986 1112 benedici,
1010 1062 1077 1106 san-

109 1127 251 1196 ctificari,
276 1134 306 1188 et
321 1136 445 1204 accepta
466 1129 572 1190 haberi
587 1125 652 1187 Deo
668 1130 723 1189 nisi
738 1131 851 1190 virtute
870 1128 976 1189 Crucis
993 1126 1082 1188 Chri-

110 1211 172 1278 sti,
198 1227 233 1270 ac
256 1211 311 1270 tria
335 1211 457 1286 quidem
480 1209 601 1270 coniicit
615 1209 722 1272 Crucis
736 1213 831 1287 signa,
854 1217 889 1272 ut
902 1208 1077 1271 Oblationes

110 1298 268 1370 tamquam
291 1292 390 1363 dona,
415 1298 569 1369 tamquam
591 1308 739 1362 munera,
763 1299 794 1353 et
810 1299 963 1369 tamquam
978 1292 1075 1353 Sacri-

110 1370 180 1434 licia
202 1373 369 1436 benedicat.

153 1452 195 1516 ll.
220 1454 365 1516 Sacerdos
387 1472 419 1514 se
434 1453 470 1514 ad
487 1452 607 1517 Patrem
630 1454 738 1524 vertit,
762 1455 840 1532 quod
861 1453 999 1515 Christus
1014 1456 1076 1532 ipse

109 1534 258 1598 Dominus
285 1537 460 1614 praestitit,
495 1554 627 1613 eumque
654 1534 775 1598 Patrem
804 1535 1076 1598 Clementtssimum

111 1624 287 1694 nuncupat,
312 1619 380 1694 quia
403 1618 517 1679 scilicet
538 1620 576 1679 ob
592 1615 738 1678 infinitam
761 1619 925 1680 honitatem
942 1623 973 1676 et
987 1617 1076 1676 mise·

112 1699 259 1763 rationem
282 1717 317 1759 eo
340 1717 392 1760 nos
413 1716 517 1760 amore
541 1699 718 1777 complexus
739 1706 808 1768 est,
831 1706 865 1760 ut
885 1717 975 1759 suum
992 1698 1075 1760 nobis

111 1777 222 1842 Filium
244 1781 347 1852 daret,
370 1795 460 1857 quem
483 1780 519 1840 Ei
535 1784 564 1843 in
579 1779 766 1843 Sacrificium
789 1780 901 1843 offerre
916 1780 1072 1850 debemus,
1142 1820 1148 1830 ·

103 1868 146 1924 ut
167 1861 336 1922 conciliatio
352 1865 454 1922 nostra
469 1864 527 1930 sit,
552 1863 749 1938 omniumque
766 1861 980 1924 beneficiorum
997 1861 1072 1922 lons.

111 1939 170 2004 Per
192 1942 292 2006 lesum
315 1942 468 2006 Christum
479 1941 601 2005 dilium
624 1950 710 2006 tuum
734 1946 897 2012 Dominum
920 1949 1073 2012 nostrum,

109 2024 186 2084 nihil
209 2028 312 2102 petere
330 2025 390 2090 ,nisi
412 2042 466 2102 pcr
487 2023 641 2086 Christum
666 2024 720 2087 Dei
742 2025 851 2086 Filium
874 2025 1075 2086 Mediatorem

110 2113 248 2166 nostrum
271 2105 426 2166 debemus.
456 2105 501 2167 Ac
523 2125 577 2184 per
600 2107 680 2168 llum
703 2109 891 2186 potissimum
919 2106 949 2164 id
970 2105 1074 2168 ausilii

105 2186 246 2248 obtinere
269 2203 444 2262 possumus,
470 2206 529 2264 quo
544 2207 621 2264 opus
637 2188 800 2260 babemus,
825 2196 859 2250 ut
881 2187 958 2250 llum
975 2189 1071 2264 ipsum

108 2269 142 2328 in
165 2265 352 2330 Sacrificium
375 2269 551 2330 offeramus.
575 2268 772 2330 Sacerdotem
794 2276 841 2332 est
854 2271 931 2330 dona
947 2269 1069 2340 offerre,

111 2347 165 2410 llel
182 2354 283 2418 numm
299 2367 334 2409 ea
350 2349 542 2413 benedicete.
560 2349 688 2412 Veteres
704 2349 904 2414 Ecclesiasticl
920 2351 1070 2414 ductores

106 2429 189 2490 dono
210 2431 288 2492 iuter
310 2441 336 2492 ct
359 2449 485 2492 munero
507 2432 667 2492 discrimen
691 2440 804 2494 notant.
834 2433 922 2506 Quod
946 2430 1072 2494 Creator

110 2513 281 2578 creaturis,
306 2511 450 2588 Superior
471 2512 685 2582 interioribus,
709 2513 774 2574 Res
796 2515 923 2576 subditis
945 2514 1067 2583 donant,

110 2592 139 2654 id
160 2593 273 2654 donum
296 2593 427 2664 dicitur;
456 2595 535 2673 quod
558 2601 659 2656 autem
681 2597 792 2656 subditi
814 2594 966 2672 Principi,
998 2595 1072 2656 inle-

109 2675 205 2736 riores
227 2673 457 2754 Superioribus,
487 2677 581 2752 iisque
603 2676 770 2749 exhibent,
799 2677 908 2754 quibus
935 2677 1068 2745 dehent,

110 2773 220 2818 munus
246 2757 425 2834 appellatur.
461 2757 549 2818 Panis
570 2764 601 2817 et
622 2759 728 2817 vinum
755 2776 833 2836 quae
859 2776 949 2835 super
975 2759 1071 2820 Altari

111 2845 199 2905 sont,
223 2838 364 2898 dicuutur
386 2841 461 2899 dona
478 2839 577 2916 quoad
599 2839 720 2906 Deum,
744 2858 836 2917 aquo
852 2842 1068 2902 omnebonum

111 2922 140 2980 in
162 2937 215 2980 nos
235 2920 408 2992 derivatur,
432 2927 502 2982 sunt
522 2927 626 2981 autem
648 2939 775 2981 munera
798 2921 895 2998 quoad
919 2923 1068 2992 homines,

109 3000 160 3074 qui
180 2999 245 3061 Deo
267 2999 373 3062 cadem
396 3000 550 3062 exhibent.
574 3001 714 3074 Quatuor
728 3004 888 3080 praecipue
907 3006 1069 3078 petimusa

111 3077 181 3146 Deo¹
196 3099 249 3157 pro
270 3086 373 3142 sancta
396 3081 529 3146 Ecclesia
552 3085 581 3142 in
605 3083 704 3144 Missis
718 3085 863 3162 singulis,
887 3103 983 3161 eaque
1006 3104 1070 3149 ma·

110 3162 181 3224 simi
204 3164 365 3224 momenti:
392 3163 439 3226 l.⁰
461 3174 494 3227 ut
516 3164 679 3226 Ecclesiam
703 3165 841 3244 dignetur
867 3165 949 3226 Deus
967 3167 1071 3248 pacifi-

109 3259 197 3311 care,
222 3244 319 3314 idest,
344 3248 595 3324 persequutiones
616 3247 759 3309 adversus
778 3265 845 3308 eam
867 3249 1003 3310 exterius
1026 3249 1070 3309 in·

108 3330 264 3404 surgentes
286 3343 492 3404 compescere.
516 3327 565 3388 2⁰
590 3327 765 3398 custodiro,
790 3330 933 3390 nimirum
954 3330 993 3390 ab
1015 3330 1069 3393 ho·

109 3407 204 3474 stibus
225 3404 290 3483 ejus
311 3406 417 3470 Fidem
440 3410 696 3488 impugnantibus,
719 3409 820 3487 quales
841 3416 913 3472 sunt
933 3409 1067 3478 Ethnici.

112 3485 272 3550 Haeretici.
297 3487 346 3550 3.⁰
367 3488 520 3560 Adonem,
544 3491 619 3552 adeo
643 3496 676 3552 ut
697 3491 785 3552 nullis
807 3493 960 3557 scindatur
975 3494 1071 3556 schis-

111 3570 259 3641 matibus,
284 3570 373 3635 nullis
393 3573 522 3636 dissidiis
544 3572 667 3634 internis
686 3572 858 3652 affligatur,
883 3576 980 3638 nullis.
995 3577 1072 3640 inte·
