2517 4059
541 188 745 257 wibm-

181 332 251 375 oum
274 331 351 390 equa
374 315 520 383 mixtum
543 316 629 389 quusi
651 316 755 375 dicat:
777 312 842 373 Hoc
856 267 995 374 mm
1017 312 1138 387 carpas

182 394 219 454 cie
234 414 290 473 aaa
304 398 427 474 sunonis
442 407 469 455 at
490 413 571 476 aqna
592 398 760 477 fluxorunt,
777 398 818 456 ita
833 393 995 456 liurandus
1008 392 1079 451 Lib.
1095 389 1139 450 vt

181 475 255 551 Cap.
271 477 311 534 'tt
335 494 364 535 u.
381 476 433 537 ΞΟ.
458 476 523 539 Νοη
546 478 658 537 dicitur
679 477 750 537 Pan
765 478 903 541 Domini.
917 476 987 553 quia
1011 492 1071 533 non
1093 490 1139 533 se·

68 557 73 565 '
186 558 287 634 quitur
310 575 391 634 pax.
423 559 689 621 circumstantibus
708 560 832 628 danda,
865 564 928 617 tum
951 554 1045 616 atiani
1066 554 1140 632 quic

183 639 298 699 nntium
322 639 411 699 bodie
428 639 461 700 stt
482 638 667 703 Sacrificium
692 643 733 701 uti
756 642 897 701 obsecrat
917 638 1058 699 laudatus
1078 634 1142 695 Ga·

182 729 302 779 vantus.
326 719 513 782 Omittuntur
534 724 611 783 duae
628 724 741 799 primae
755 722 924 788 Orationes,
947 721 1017 797 quia
1041 718 1143 794 prima

182 806 228 861 est
250 802 287 859 de
310 819 406 877 pace.
440 809 471 864 et
493 804 521 863 in
544 806 675 865 secunda
697 802 732 863 iit
762 804 876 863 mentio
907 803 945 861 de
966 799 1112 876 sanguina
1129 840 1142 867 ‚

133 900 138 911 ·
184 884 272 942 tertia
294 884 404 944 dicitur
427 885 455 943 in
478 902 536 960 qun
559 885 656 945 sotum
679 885 717 945 rie
736 884 869 962 Corpore
890 881 1000 943 Cb'risti
1024 882 1143 957 agitur.-

182 962 246 1023 Non
269 964 378 1024 dicitur
394 962 650 1035 Posteammunio‚
667 966 737 1041 quie
760 968 849 1027 tiemo
871 966 947 1024 attus
969 961 1145 1023 communi-

184 1052 234 1107 cat
255 1063 291 1104 ex
314 1046 443 1105 Aicuino
464 1046 569 1122 Capite
591 1048 636 1109 De
660 1047 762 1108 Coena
783 1047 919 1111 Domini,
948 1062 1045 1119 neque
1068 1061 1145 1103 aon-

184 1131 354 1203 sequenter,
371 1127 545 1189 Cnmmnnio
566 1129 700 1194 dieitur.
722 1148 799 1203 quae
820 1128 980 1188 dicebatur
1001 1130 1146 1201 tempore
1201 1122 1207 1134 ’

184 1206 407 1268 communionis
430 1206 549 1284 poput·
565 1208 629 1271 Nec
646 1210 734 1269 datur
755 1209 939 1275 benedictio,
962 1209 1032 1283 quia
1056 1222 1146 1265 rece·

184 1290 228 1346 dit
250 1286 338 1346 bodie
361 1286 425 1347 ions
454 1291 551 1350 omnis
574 1291 797 1352 benedictionis.
823 1290 921 1351 Venio
942 1290 980 1347 nd
1001 1288 1147 1364 Commuo

186 1370 329 1433 nionem.
352 1387 442 1444 quam
466 1388 523 1427 non
545 1373 643 1431 sotum
665 1372 704 1431 nb
726 1369 898 1449 Episcopo.
922 1372 974 1430 sed
996 1372 1035 1430 nb
1057 1368 1146 1428 omui

184 1448 272 1510 Ciero
287 1454 318 1509 et
330 1450 440 1524 populo
456 1454 668 1532 praescribunt
678 1454 817 1514 obsolute
832 1454 946 1528 antiqui
962 1452 1150 1512 Sacramen-

185 1537 287 1591 torum
313 1528 448 1589 Codices.
473 1530 575 1609 Hujus
609 1536 652 1594 rei
676 1536 793 1610 praxim
816 1535 918 1595 videre
939 1538 988 1592 est
1019 1534 1049 1591 in
1071 1532 1148 1591 vita

185 1610 216 1673 S.
234 1610 361 1671 Udnirici
378 1612 543 1688 Augustani
559 1613 699 1691 Episcopi
713 1614 787 1693 Cap.
805 1615 857 1675 Ν.
875 1612 932 1674 urs
947 1614 1025 1675 addo
1041 1613 1151 1675 Tbeo·

185 1692 331 1768 duipbum
348 1692 594 1754 Aurelianensem
619 1694 802 1772 Episcopum
823 1697 876 1772 qui
899 1697 927 1755 in
943 1714 999 1755 suo
1020 1695 1149 1771 Capitu·

185 1776 239 1834 lari
263 1776 328 1834 Art.
353 1772 390 1833 tt
416 1775 455 1834 ita
480 1775 592 1835 babet:
627 1778 760 1854 Sinpaiia
785 1776 886 1837 dicbus
913 1776 1087 1836 Dominicis
1110 1776 1150 1834 in

188 1854 429 1933 Quadrapasirna
443 1856 640 1917 Sacramenta
659 1857 798 1935 Corporis
813 1869 840 1918 ct
852 1858 1029 1935 ·Sanpainis
1054 1857 1151 1919 Cbri-

89 1996 92 2001 ,
185 1939 224 1997 sti
245 1934 389 1997 sumenda
404 1947 499 2005 sant:
520 1939 600 1998 etin
625 1939 733 2001 Coena.
748 1939 878 2007 Domini,
902 1950 928 1998 at
950 1938 984 1997 in
1001 1936 1152 1997 Parnaco

184 2037 229 2078 or.
253 2018 364 2077 Scribit
385 2018 474 2076 etiem
497 2010 670 2080 Amatorius
696 2019 761 2078 Lib.
786 2020 800 2079 l
822 2019 858 2079 da
880 2020 1004 2079 Dicinis
1031 2016 1152 2101 Officiis
1180 2051 1186 2059 ·

185 2097 259 2175 Cap.
278 2096 316 2157 15
338 2098 374 2156 de
391 2097 446 2155 bac
461 2099 682 2162 observatione.
706 2100 828 2171 Quibus
844 2100 988 2160 suscribit
1002 2101 1149 2174 vulgatus

186 2179 333 2238 Atcuinus
355 2177 403 2236 bis
424 2179 547 2239 verbis:
581 2180 657 2241 Sunt
681 2182 736 2257 pai
764 2180 894 2259 qnotidie
916 2178 1175 2241 Encbaristiam'

184 2260 289 2319 noiant
310 2276 443 2317 sumere.
471 2258 512 2319 Et
545 2260 617 2337 pain
641 2264 676 2320 in
707 2259 869 2321 Parascana
896 2280 958 2319 nan
986 2262 1153 2341 conficitur

138 2377 142 2383 -
189 2339 306 2417 Corpus
322 2338 454 2407 Domini,
472 2339 588 2399 'maesse
604 2349 655 2405 cst,
678 2351 713 2399 nt
727 2340 760 2399 tn·
780 2342 884 2419 quibas
905 2344 984 2402 inest
1006 2346 1152 2403 colanias

187 2418 438 2487 communicandi,
461 2422 587 2480 babeant
601 2421 793 2498 Sacrificium
809 2442 848 2482 ea
858 2423 960 2499 priori
974 2422 1042 2482 dir:
1067 2422 1153 2503 parad

187 2513 289 2562 tamen
305 2498 437 2561 Romani
457 2502 655 2577 consociant.
678 2501 758 2562 Hinc
773 2504 896 2579 coiiiges
917 2504 1093 2581 generalem
1119 2506 1151 2565 in

188 2582 352 2643 Parascere
374 2583 614 2643 communicandi
630 2584 875 2642 consuetudinem
893 2603 950 2643 non
968 2585 1062 2645 inisse
1078 2586 1152 2645 ubi*

186 2681 246 2738 qne
269 2681 323 2723 usu
348 2670 511 2739 receptum:
529 2668 656 2723 atcerte
677 2663 868 2724 arbitrariam
891 2666 1072 2741 relinquunt
1094 2686 1152 2727 an-

185 2744 303 2820 tiquum
327 2744 446 2804 Mtssate
461 2746 683 2808 namucense,
700 2742 893 2805 ordinarium
916 2743 1153 2809 Praemonstra·

186 2826 331 2891 tensium,
355 2825 564 2901 Argentinum.
589 2832 618 2887 et
633 2824 864 2898 Rotomagense,
889 2828 916 2883 in
939 2829 1051 2902 quibus
1074 2830 1154 2905 iegi-

186 2915 237 2971 tur
258 2912 292 2967 ut
312 2911 525 2969 communicant
549 2926 650 2969 omncs
678 2904 732 2982 qai
753 2907 903 2966 noluerint
932 2907 986 2966 snb
1010 2910 1151 2970 silentio.
1182 2917 1184 2922 '

148 3027 150 3030 ν
185 2991 286 3053 tmtno
307 3008 344 3051 ex
366 2986 525 3049 Ordinatio
547 2989 581 3047 B.
601 2988 714 3046 Mariae
736 2982 894 3045 Ramensis
913 2987 996 3047 sotus
1018 2992 1154 3055 Arabia·

186 3073 328 3153 pison-pus
343 3072 557 3131 communiant.
581 3066 679 3127 Hodie
694 3067 843 3140 generatis
866 3065 958 3143 buius
972 3070 1034 3128 diei
1056 3070 1155 3132 Cam⁴

186 3155 289 3217 munia
311 3158 372 3213 tam
395 3150 424 3211 in
446 3150 634 3211 Monnstoriis
662 3162 752 3222 quam
783 3144 812 3204 in
835 3146 1071 3213 Cutbedrniibus
1094 3154 1159 3215 Ec·-

187 3236 297 3301 ntcsiis.
323 3232 433 3312 passim
455 3230 613 3291 obsolevit.
639 3226 789 3289 sennenn
813 3232 862 3288 est
887 3228 1073 3293 universatis
1094 3232 1156 3297 Ec·

180 3316 294 3380 'alesine
316 3330 457 3393 praesens
472 3310 668 3375 consuetudo,
693 3324 750 3368 non
772 3307 959 3369 ministrandi
982 3311 1039 3371 nisi
1063 3314 1156 3377 infir·

186 3402 244 3462 mis
266 3400 324 3459 bac
339 3395 387 3456 die
403 3391 639 3455 Eucharistinm.
663 3387 812 3465 Rigidiora
829 3387 973 3450 hodierna
995 3392 1046 3453 die
1067 3392 1155 3473 jeju·

186 3484 246 3551 nia,
269 3484 302 3541 et
323 3476 474 3550 asperiora
491 3472 643 3535 'exercitia
665 3468 902 3545 peragebantum
925 3487 1024 3545 quare
1045 3473 1155 3540 uonn-

186 3560 300 3623 iridum
323 3556 471 3617 Abbatem
495 3572 589 3631 usque
621 3550 659 3611 ad
681 3548 856 3625 sanguinum
879 3568 984 3610 eoram
1004 3551 1175 3633 Cupitum*
