2517 4059
491 170 698 266 ansam

108 306 178 362 tum
201 316 256 358 suo
278 299 372 359 ductu
394 303 426 358 ct
446 297 581 371 consilio,
605 317 676 360 cum
694 298 795 378 Moysi
816 299 1019 370 successisset,
1043 299 1074 359 in

108 382 320 457 promissionis
348 387 462 441 terram
493 380 639 443 traduxit.
667 381 753 444 Idem
781 382 839 443 iuit
868 400 977 443 nomen
1011 380 1073 441 filio

108 462 258 523 Iosedech
281 461 473 533 Sacerdotis,
497 469 528 524 et
549 463 685 544 Syrach‚
713 465 764 541 qui
786 461 941 525 Christum
967 464 1074 525 Domi·

109 564 185 606 nuru
209 544 403 606 Servatorem
425 553 560 607 nostrum
581 544 833 624 praefigurarunl.
865 545 1074 620 Quamobrem

108 626 210 705 Divus
235 625 368 687 Thomas
396 626 414 685 3
437 633 515 705 part.
546 646 598 705 qn.
624 627 664 688 37
685 632 743 689 art.
770 624 791 685 2
819 625 899 689 adh
926 630 989 688 ait:
1024 624 1072 687 Aa

109 708 278 770 seeundum
300 708 479 777 dicendum,
507 709 649 789 quallis
670 710 724 787 qni
743 708 959 785 sacramente
985 709 1073 772 cert-

108 796 214 858 alm,
236 792 332 871 potuit
353 793 507 851 connenirc
529 792 581 851 boc
603 810 710 851 nomm
732 789 813 852 lesos
834 791 997 857 secondum
1016 791 1075 851 cli·

111 891 207 951 quom
222 876 317 933 uliam
332 874 491 943 rollonem,
511 883 588 953 poto
604 875 678 953 quic
698 874 835 951 aliquam
849 874 1031 952 corporalem
1047 881 1074 934 et

110 957 305 1033 temporalem
320 958 447 1015 solutam
461 956 641 1015 attulerunt.
667 950 725 1030 Sed
745 954 906 1015 secondom
926 958 1073 1015 rationem

111 1038 283 1115 spiritualis
306 1044 331 1095 ct
346 1037 521 1097 universalis
541 1037 647 1097 solutis
670 1036 722 1097 boc
735 1054 841 1096 nomen
855 1038 1017 1117 proprium
1032 1043 1074 1097 eat

114 1119 254 1187 Censeo,
277 1130 304 1178 et
318 1118 481 1179 secondom
502 1120 553 1178 hoc
566 1117 678 1179 dicitur
701 1137 757 1179 csse
772 1137 878 1177 nemen
892 1137 1013 1179 nocem.
1037 1116 1072 1178 ln

110 1198 207 1261 Missa
230 1200 283 1261 SS.
307 1200 442 1261 Nominis
463 1198 555 1268 Iesu,
578 1202 716 1277 quamvis
738 1201 767 1259 in
785 1198 922 1276 pluribus
942 1201 1072 1262 blissali·

111 1282 174 1343 bus
196 1283 343 1359 impressa
365 1287 503 1361 serve-tur
524 1280 702 1357 Sequentia,
726 1299 803 1357 quae
819 1282 944 1360 incipit:
966 1279 1074 1344 Laude

110 1362 188 1425 Sion
204 1364 371 1425 Saloutaria
386 1363 452 1424 lesu
467 1382 588 1437 nomen,
607 1364 780 1434 clamoris,
803 1363 876 1425 haec
891 1370 991 1424 lamen
1014 1384 1073 1425 nou

111 1451 162 1505 est
182 1446 305 1505 dicenda
320 1448 374 1505 nisi
390 1466 408 1507 a
422 1444 578 1506 Fratribus
593 1445 759 1508 Minoribus
782 1445 813 1506 S.
826 1442 988 1517 Francisci,
1005 1452 1072 1521 lum

112 1528 184 1603 quia
207 1529 238 1587 in
253 1530 444 1588 concessione
460 1534 548 1589 antea
563 1527 642 1589 iacta
658 1528 798 1589 societati
816 1525 883 1588 iesu
899 1546 975 1589 anno
992 1528 1071 1591 1701

114 1608 132 1667 1
149 1609 309 1680 Octobris,
332 1610 440 1671 dicitur
454 1626 615 1687 expresse:
634 1608 767 1671 Ecclcsc
783 1618 883 1669 tamen
900 1609 1074 1689 Sequentim

112 1695 180 1751 turn
203 1693 271 1769 quia
295 1697 362 1768 post
384 1692 460 1753 hanc
483 1692 688 1753 universalem
710 1692 956 1760 concessionem,
979 1691 1072 1751 Missa

112 1771 233 1835 Romae
255 1775 403 1851 impressa
425 1794 482 1835 non
505 1775 638 1835 continet
659 1774 769 1835 dictam
790 1772 989 1851 sequentiam.

489 1955 618 2019 CAPUT
639 1956 695 2017 lv.

112 2162 157 2206 ns
172 2160 327 2206 ooarnren
342 2158 603 2215 sarantasmum,
622 2158 860 2211 sexsussrusa,
877 2160 1071 2215 onrnousus-

280 2243 359 2287 sina
378 2244 422 2311 pr
445 2244 487 2287 ns
510 2242 606 2286 auara
626 2243 753 2297 ousnrs
775 2242 926 2286 crnannrs.

155 2419 182 2479 l.
207 2417 314 2480 Sancta
330 2422 428 2500 Mater
450 2416 597 2489 Ecclesia,
621 2437 656 2479 ac
672 2418 801 2481 mundus
822 2393 947 2479 dihersis
969 2420 1072 2495 plane-

113 2519 175 2581 que
197 2503 340 2579 cppositis
362 2503 519 2562 itineribus
551 2504 668 2564 animos
691 2500 825 2561 fidelium
857 2501 893 2559 ad
916 2500 1072 2562 celebran-

113 2584 168 2645 dos
183 2582 434 2661 Quadragesimae
450 2583 512 2649 dies
528 2586 671 2662 paulatim
687 2584 848 2646 adducunt.
865 2582 1000 2644 Ecclesia
1017 2586 1070 2645 tri·

114 2667 172 2727 bus
192 2664 356 2726 Dominicis
379 2664 644 2742 Septuagesimae,
669 2665 899 2742 sexagesimae,
924 2669 955 2727 et
975 2665 1068 2738 Quin·

114 2748 308 2825 quagesimae
330 2748 433 2809 diebus
455 2751 542 2808 antea
558 2748 728 2825 propositis,
745 2748 825 2806 riam
842 2746 924 2807 nobis
939 2748 975 2818 ad
992 2747 1072 2821 Qua·

115 2830 317 2907 dragesimam
334 2833 439 2909 aperit.
464 2826 530 2889 Hae
552 2836 614 2890 tres
628 2828 843 2889 Hebdomadas
865 2829 902 2888 ad
918 2830 1071 2908 poeniteu-

116 2914 190 2973 tiam
212 2920 281 2973 sunt
303 2913 479 2978 destinatae,
492 2918 523 2973 et
541 2910 626 2990 juxta
644 2912 794 2979 diversum
811 2908 1012 2972 Ecclesiarum
1030 2912 1071 2972 ri-

116 3001 182 3057 tum
199 2994 377 3054 ordinantur
400 2995 435 3053 ad
458 2992 720 3075 QuadragesimaIe
741 2991 902 3071 jejunium.
925 2992 982 3067 Qui
998 2992 1072 3054 Sab-

115 3076 184 3137 bato
207 3095 266 3135 non
287 3075 472 3155 jejunabant,
497 3082 530 3137 ut
551 3074 641 3135 fiebat
662 3076 691 3135 in
713 3074 849 3144 Oriente,
872 3076 1071 3153 anticipabant

115 3156 384 3255 Quadragesimanj
408 3175 465 3217 una
487 3158 687 3229 hebdomada,
711 3175 787 3234 quae
810 3158 1001 3235 Sccnqcsimc
1016 3178 1068 3219 no·

116 3241 303 3311 minabatur3
329 3258 492 3317 quinoque
508 3239 582 3300 seria
606 3240 708 3317 quinta
730 3258 826 3317 neque
848 3239 976 3302 Sabbata
996 3240 1071 3322 jeju·

116 3325 238 3391 cabant,
262 3322 465 3399 anticipabant
486 3340 551 3383 eam
568 3322 684 3384 duabus
700 3320 905 3391 hebdomadis,
930 3341 1003 3399 quas
1019 3342 1070 3411 ap-

116 3405 266 3481 pellabant
281 3404 531 3484 Septocqcse'mam
539 3424 550 3475 ,·
565 3402 862 3484 quideniquaneque
877 3404 953 3464 ieria
965 3407 1070 3482 quinta

116 3484 240 3565 majoris
257 3487 475 3554 hebdomadae,
501 3503 597 3562 neque
618 3484 870 3545 Sabbato.Sancto
883 3484 1067 3567 jejunabant,

117 3567 190 3631 duos
214 3565 304 3631 hosce
327 3566 390 3629 dies
413 3570 477 3629 aliis
500 3573 628 3645 quatuor
651 3564 851 3647 adjungebant
871 3568 1000 3639 diebus,
1032 3575 1069 3629 ut
