2517 4059
565 177 788 269 solues

204 326 367 404 gratiarum
391 326 516 386 actionis
538 326 655 388 initium
677 326 841 404 reperitur.
864 324 901 385 ln
921 327 1014 388 variis
1029 326 1158 390 111111111-

203 409 262 469 bus
283 405 478 469 Saeculorum
501 405 578 467 XlV
599 405 660 469 XV
681 413 714 487 et
737 402 814 467 XVl
836 406 961 484 legitur:
985 407 1163 470 1111111111

207 489 327 552 Casula.
342 486 440 554 dicat:
462 488 609 550 Dominus
625 488 781 550 vobiscum
797 495 858 550 etc.
874 488 998 550 Initium
1014 490 1044 551 S.
1061 489 1164 553 Evan-

206 571 286 652 gelii.
311 568 446 632 Meratus
468 570 630 643 observat,
660 589 754 641 eum,
778 571 829 647 qui
852 570 975 631 Missam
997 572 1166 634 solemnem

206 653 342 715 celebrat
364 652 392 712 in
416 649 533 713 Sacello
556 651 734 719 Pontificio,
757 652 872 714 dictum
887 652 1088 729 Evangelinm
1104 672 1165 714 non

208 737 350 795 recitare.
373 732 456 794 Ordo
470 731 581 794 Missae
603 733 704 794 editus
718 731 834 794 Romae
856 752 905 793 an.
924 733 1007 794 1502
1020 755 1038 795 a
1053 734 1167 799 Ioanne

208 815 388 878 Burchardo
410 815 568 876 Praefecto
582 814 849 877 Caeremoniarum
865 815 984 876 Summi
997 815 1164 888 Pontificis,

202 901 238 960 ct
262 897 382 958 Missale
414 915 466 976 pro
493 895 598 974 Regno
625 895 794 974 Norrcgiae
824 898 1005 976 impressum
1032 896 1165 962 Hainiae

203 997 284 1040 anno
307 975 387 1039 11119
410 979 617 1056 Augustanum
640 995 718 1038 anno
741 975 848 1050 1510,
877 985 909 1040 et
930 979 989 1040 1111
1010 979 1163 1058 quaedam
1248 1036 1249 1039 ,

205 1061 286 1141 typis
300 1077 411 1121 excusa
424 1065 493 1120 ante
507 1058 595 1126 Pium
611 1059 639 1121 V
652 1061 752 1138 ipsum
767 1058 826 1138 legi
842 1061 1039 1130 constituunt,
1063 1064 1163 1140 prius-

205 1158 297 1217 quam
319 1140 464 1202 Sacerdos
485 1141 523 1202 ab
544 1139 641 1202 ditari
665 1141 798 1202 recedat.
827 1141 859 1202 S.
884 1141 1003 1203 loannis
1023 1141 1164 1224 Evange-

205 1222 282 1284 lium
302 1221 491 1285 Christianus
517 1223 645 1301 populus
671 1236 790 1283 summa
816 1241 939 1301 semper
968 1228 1164 1288 veneratione

205 1311 384 1382 prosecutus
405 1309 460 1364 est.
485 1303 516 1364 S.
529 1303 718 1382 Augustinus
739 1321 757 1364 e
778 1301 1021 1384 SSimpli'oiaoo
1044 1306 1076 1368 S.
1089 1311 1167 1369 Am-

206 1385 300 1446 brosii
322 1385 505 1447 Successore
527 1403 585 1445 non
601 1385 695 1447 semol
718 1386 856 1448 audierat
868 1387 1042 1448 Pletoniam
1057 1406 1166 1465 qnem-

205 1465 275 1528 dam
297 1465 515 1546 Philosophum
538 1467 640 1528 dicere
661 1465 804 1540 solitum,
827 1467 921 1546 hujus
936 1466 1091 1547 Evangelii
1114 1489 1167 1532 ex-

206 1549 328 1611 ordium
355 1549 478 1628 dignum
507 1565 574 1609 esse
601 1549 682 1626 qnod
710 1551 741 1631 in
763 1551 845 1610 omni
867 1557 1069 1629 conventuum
1097 1552 1166 1615 loco

206 1631 308 1692 aureis
329 1630 435 1692 litteris
457 1630 704 1701 describeretur,
727 1647 786 1708 quo
807 1625 846 1692 ab
859 1632 998 1692 omnibns
1020 1631 1078 1710 legi
1097 1653 1167 1714 pos·

207 1717 265 1773 set.
289 1709 367 1772 Eum
391 1729 511 1790 semper
526 1729 642 1772 morem
657 1710 761 1790 fideles
776 1713 916 1792 religiose
938 1716 1162 1792 custodierunt,

206 1798 242 1854 ut
263 1793 388 1872 alicuius
416 1791 616 1854 maliourandi
644 1790 762 1877 gratia,
792 1795 935 1856 Sanctum
963 1793 1166 1876 Evangelium

186 1881 264 1936 'suo
285 1876 419 1952 ipsorum
441 1875 533 1953 capiti
554 1875 730 1954 impositum
751 1875 874 1939 vellent.
898 1875 1069 1956 tegebatur
1081 1883 1166 1942 enim

207 1954 238 2014 in
254 1956 403 2034 aliquibus
413 1953 561 2018 'Ecclesiis
575 1963 644 2035 post
659 1957 1069 2036 baptismnmparrutorum.
1079 1959 1167 2026 Pad-

207 2037 255 2098 lus
278 2038 304 2100 V
327 2039 355 2098 in
377 2057 433 2100 suo
455 2036 566 2101 Rituali
589 2039 752 2109 mandavit,
770 2047 805 2100 ut
819 2041 1040 2119 aegrotantium
1056 2045 1162 2126 capiti,

207 2118 283 2180 dnm
304 2121 519 2191 inviserentur,
542 2120 683 2198 imposita
705 2139 805 2190 mann,
830 2122 862 2183 S.
885 2121 1166 2206 Ioannis-Evange·
1248 2166 1249 2171 κ

207 2197 282 2260 lium
305 2202 498 2264 recitaretur.
521 2199 643 2262 Priores
663 2202 896 2280 Evangelistae,
919 2203 950 2264 S.
975 2204 1162 2280 Matthaeus,

136 2336 138 2340 .
207 2278 240 2340 S.
263 2281 396 2352 Marcus,
420 2289 451 2344 et
473 2281 504 2343 S.
522 2281 617 2344 Lucas
638 2282 708 2345 lesu
730 2284 845 2346 Christi
860 2285 981 2345 Domini
1003 2287 1163 2352 historiam
1248 2342 1249 2359 ,

209 2361 248 2422 ab
269 2362 333 2442 ejus
360 2365 408 2425 rel
430 2365 589 2441 temporali
617 2362 794 2433 nativitate,
818 2366 871 2427 ¹vel
893 2369 1099 2445 predicatione
1122 2374 1165 2432 in·

208 2443 415 2522 cboavcrant3
445 2452 476 2507 11
497 2445 528 2506 S.
552 2446 676 2507 loannes
698 2445 750 2523 qui
773 2455 840 2527 post
861 2453 997 2510 caeteros
1018 2454 1161 2530 scripsit,
1248 2450 1249 2457 '

209 2524 249 2584 ad
270 2522 364 2606 ipsam
387 2528 455 2608 ejus
475 2533 629 2588 aeternam
646 2531 878 2606 ¹generationem
903 2532 1163 2614 ascenditaatque

209 2605 250 2668 ita
270 2607 426 2671 exorditur
441 2629 457 2667 :-
470 2609 504 2670 ln
526 2608 673 2688 principio
693 2617 761 2671 erat
781 2609 931 2675 Verbum.
951 2690 953 2693 Ι
1079 2659 1082 2662 -

500 3184 583 3233 rrnrs
605 3185 724 3232 nonius·
738 3148 861 3231 orshrs.
945 3199 974 3259 '.
