2517 4059
447 235 670 307 widerm-

62 408 74 439 ,
104 368 250 439 legeretur.
268 361 379 425 Fertur
399 366 502 433 etiam,
518 367 727 427 Beatissimam
743 364 898 444 Virginem
914 368 1041 435 Mariam

103 444 259 519 promisisse
271 444 340 505 tiliis
352 445 560 524 inScapularis
571 446 751 509 Societatem
765 450 879 514 relatis.
889 449 961 509 darm
974 450 1042 526 igne

101 524 253 600 Purgatorii
280 528 492 603 expiabantur,
516 548 548 590 se
570 530 704 591 solamen
726 547 792 591 esse
814 532 1041 607 praestituram,

99 610 126 666 ct
142 609 267 668 celerem
291 610 320 667 in
343 610 503 671 caelestem
526 611 658 671 Patriam
681 610 842 671 adventum
867 612 1043 688 impetratu·

99 705 164 756 nm,
175 692 199 750 si
208 692 432 761 abstinentiam,
446 698 477 751 et
488 710 591 769 preces
601 693 747 769 qirasdam
762 698 888 753 statutas
900 692 1043 770 trequen-

99 774 206 839 tassent‚
231 789 267 831 ac
281 790 337 849 pro
359 774 404 833 sui
419 777 514 833 slatus
537 775 653 835 ratione
676 777 842 835 castitatem
866 775 1040 835 coluissent.

97 848 134 909 Be
149 850 314 914 Virtutibus
328 872 431 931 porro,
446 853 611 924 Miraculis‚
624 862 656 915 et
668 855 814 917 Beatiiate
832 874 902 929 prae
915 856 984 916 dicti
996 855 1043 917 Si·

97 934 182 994 monis
194 936 280 1011 plura
294 936 444 995 habentur
454 937 532 1011 apud
546 934 754 997 Bollundianos
767 936 803 997 ad
816 938 894 997 diem
906 937 944 997 lb
957 934 1041 1013 maji.

129 1013 165 1073 11.
187 1016 337 1089 Quoniam
354 1034 427 1076 uero
449 1035 464 1076 a
480 1018 717 1078 Protcstantibns
732 1035 859 1081 sacrum
879 1016 1042 1098 scapulare

96 1091 284 1172 {cujusetiam
307 1100 547 1159 emolumentum
569 1101 598 1157 in
615 1099 672 1160 bac
689 1099 852 1160 testivitate
875 1096 1040 1177 recolitur),

95 1175 213 1253 ejusque
236 1181 348 1241 delatio
364 1181 594 1257 reprehenditur
616 1183 725 1241 siceos
749 1180 909 1260 rejicimus.
935 1181 981 1241 Ad
997 1188 1043 1241 ba·

22 1296 23 1299 =
96 1257 132 1318 cri
152 1259 329 1339 Scupulorir
350 1263 639 1323 commendationem
665 1280 786 1325 neeesse
815 1281 872 1323 uon
894 1281 986 1330 csse,
1009 1269 1043 1323 ut

96 1358 124 1400 ea
135 1346 240 1405 omnia.
265 1362 344 1419 quae
358 1345 395 1403 de
409 1345 545 1409 exordio,
560 1346 797 1412 continuatione,
820 1350 852 1405 et
867 1363 921 1422 per
936 1343 1051 1405 Orien-¹

95 1424 158 1487 tales
172 1426 344 1503 provincias
358 1424 542 1487 Carmelitici
565 1424 688 1486 Ordinis
705 1428 928 1504 propagatione,
953 1426 1041 1486 illius·

95 1522 145 1579 que
166 1506 331 1584 privilegiis
352 1506 535 1568 Carmeliiici
558 1505 728 1583 Scriptores
751 1513 895 1577 narrant,
919 1507 955 1567 ad
978 1506 1043 1569 Cri·

95 1588 162 1649 ticac
183 1590 304 1667 regulas
324 1590 544 1665 expendantur.
568 1587 645 1669 Satis
668 1589 835 1649 Doctorum
855 1588 968 1667 judicio
983 1596 1041 1660 cst,

17 1715 18 1738 ,
95 1669 125 1727 ad
144 1672 218 1732 sacri
246 1668 423 1749 Scopulcria
440 1670 762 1755 commendationem,
788 1672 868 1745 qarod
892 1670 962 1731 illud
986 1673 1043 1731 tes·

94 1767 152 1813 sera
172 1752 320 1830 quaedam
343 1755 383 1813 sit
402 1752 539 1826 obsequii
562 1750 759 1813 Beatissimae
772 1751 889 1829 Virgini
904 1750 1040 1811 adhibiti:

95 1831 143 1893 boc
164 1838 280 1896 scilicet
303 1836 400 1911 ipsum
424 1852 481 1893 uon
505 1834 571 1893 leve
593 1834 711 1911 pietatis
733 1851 803 1910 erga
822 1833 977 1908 Virginem
994 1849 1042 1891 ar-

95 1924 264 1989 gumentum
280 1922 337 1986 cst,
361 1917 488 1991 ideoque
509 1914 601 1973 arrha
616 1915 764 1991 quaedam
781 1914 921 1991 praesidii
943 1912 1044 1974 aVir·

95 1997 152 2071 gine
173 1997 327 2059 deferendi
344 1999 390 2063 iis,
414 1999 465 2073 qui
487 1998 545 2055 boc
567 2003 748 2072 argumento
769 2014 836 2057 eam
852 1996 963 2057 colunt.
988 1994 1044 2057 llla

96 2078 149 2152 ipsa
169 2080 319 2157 Beiparae
342 2082 454 2155 imago,
479 2096 556 2154 quae
578 2080 608 2135 iu
624 2079 730 2138 iisdem
754 2078 967 2155 scapularibus
989 2095 1043 2139 ex·

95 2162 153 2227 tat,
176 2165 322 2238 pietatem
345 2160 511 2235 plurimum
535 2157 610 2228 alit,
635 2160 811 2219 daemonem
834 2161 863 2219 in
887 2158 989 2239 lugam
1018 2161 1044 2220 si

95 2241 136 2314 pie
156 2251 293 2317 gestetur
315 2244 387 2319 agit,
411 2243 530 2318 aliaque
545 2247 679 2318 praestat
701 2241 872 2310 commoda,
898 2260 976 2318 qliae
997 2258 1044 2301 sa-

95 2338 153 2383 crae
167 2325 316 2402 Deiparae
333 2324 483 2401 imagines
500 2324 622 2383 babent.
641 2324 735 2383 Multa
752 2324 809 2399 legi
826 2329 949 2399 possunt
964 2324 1043 2396 apud

94 2400 298 2485 Theopnptum
314 2404 516 2482 Bapnaudum
539 2405 568 2463 in
589 2420 646 2463 suo
668 2402 832 2481 opusculo,
854 2405 902 2463 cui
926 2403 1042 2465 titulus:

14 2499 15 2516 ²
94 2482 435 2563 ScopulurcMort'onum
450 2487 636 2546 illustratum
652 2486 728 2545 inter
743 2485 809 2563 ejus
821 2483 919 2562 Opera
932 2483 1041 2548 T.Vll.

94 2560 245 2631 Festivitas
266 2570 462 2629 Beatissimae
482 2568 596 2629 Mariae
628 2567 666 2627 de
688 2564 789 2627 Monte
810 2563 950 2625 Carmelo
983 2584 1042 2627 non

95 2648 148 2708 sinc
169 2652 254 2729 gravi
277 2652 413 2711 instituta
435 2653 482 2708 est
501 2646 625 2724 judicio,
649 2655 680 2708 et
703 2650 730 2705 in
753 2648 912 2708 universali
936 2648 1041 2707 Eccle-

94 2730 130 2788 sia
150 2750 217 2793 cum
241 2730 348 2793 Officio
370 2736 402 2791 et
429 2729 519 2789 Missa
543 2729 663 2805 propria
686 2731 867 2793 celebratur.
891 2727 966 2788 Eam
989 2748 1043 2805 pro

94 2808 318 2876 carmelitarum
330 2812 444 2873 Ordine
455 2830 503 2870 an.
516 2808 596 2871 1587
606 2810 784 2887 approbarit
795 2809 897 2872 Sistus
909 2809 947 2879 V,
961 2810 1045 2889 ejus·

94 2906 146 2963 que
166 2897 307 2959 Ollicinin
330 2912 385 2970 pro
400 2893 513 2953 'eodem
536 2889 651 2953 Ordine
672 2889 784 2953 Paulus
806 2889 833 2948 V
856 2909 892 2950 ex
915 2889 1043 2951 Decreto

93 2967 120 3029 S·
134 2976 257 3039 Rituum
280 2974 523 3051 Congregstionis
544 2974 627 3032 novis
650 2976 733 3033 auxit
754 2972 931 3032 lectionibus
953 2971 1044 3031 aVe-

95 3062 211 3121 nerabili
233 3056 382 3117 Cardinali
405 3055 588 3115 Bellarmino
610 3055 784 3131 recognitis.
819 3051 964 3113 Eamdem
987 3051 1045 3113 Fe·

93 3139 249 3203 stiriiatem
273 3138 459 3212 temporibus
480 3136 519 3195 ab
541 3141 639 3196 aetate
661 3142 761 3195 nostra
784 3135 864 3195 harod
882 3138 920 3195 ita
944 3152 1043 3195 remo-

94 3217 127 3276 tis
147 3241 205 3282 una
225 3240 296 3281 cum
312 3218 417 3278 Officio
439 3218 475 3277 ad
497 3216 609 3293 aliquot
630 3216 782 3287 Civitates,
807 3207 989 3285 Provincias,
1012 3222 1043 3277 et

93 3292 199 3379 Regna,
224 3310 260 3364 ut
282 3300 500 3377 Bpiscoporum
522 3308 553 3358 et
573 3297 776 3376 Populorum,
801 3300 952 3360 devotioni
975 3316 1043 3376 gra-

95 3380 269 3446 tificarentur
283 3383 409 3441 Romani
432 3378 592 3441 Pontifices
613 3380 827 3463 extenderunt,
852 3380 931 3457 quod
954 3398 991 3441 ex
1006 3378 1039 3440 S.

94 3458 207 3529 Bituum
240 3464 484 3543 congregationis
506 3461 589 3522 Actis
612 3462 774 3537 colligitur.
809 3460 884 3521 Eam
911 3461 1041 3539 denique

95 3558 154 3607 cnm
175 3549 283 3609 Officio
304 3552 336 3605 et
357 3545 449 3605 Missa
472 3561 550 3603 nunc
572 3545 714 3602 universa
736 3544 869 3605 celebrat
889 3542 1044 3605 Catholica

94 3619 219 3691 Ecclesia
241 3646 278 3691 er
299 3627 430 3689 Decreta
451 3625 603 3686 Benedicti
624 3622 712 3685 Xlll.
