2517 4059
532 165 754 237 esoaaaos·

182 294 340 365 brandum3
351 298 383 357 et
396 294 465 370 quia
478 293 614 357 Minister
623 295 715 356 etiam
726 293 813 356 venia
823 293 945 371 indiget,
958 295 1131 369 mentuque

183 394 217 437 ac
241 377 338 439 cordis
360 375 499 455 puritate,
523 376 633 435 ideirco
653 380 686 437 et
706 376 770 452 ipse
791 375 960 436 alternatim
981 393 1050 435 enm
1071 376 1134 439 lti-

184 458 276 521 nistro
300 461 416 527 recitat,
442 476 478 518 ne
499 458 664 534 imparatus
685 457 816 517 accedat.
832 455 964 521 Tarrdem
987 457 1134 521 Sacerdos

185 540 221 601 ad
245 540 348 601 Altare
370 540 531 619 ascendere
553 538 751 617 aggreditur,
774 538 985 616 obtinendique
1006 541 1130 617 gratia,

184 627 216 685 ut
238 622 310 684 iliud
333 640 367 685 ea
390 640 448 699 qua
471 638 524 699 par
546 627 601 691 est,
620 621 751 697 puritate
772 622 960 692 conscendat,
980 640 1038 682 una
1057 639 1132 681 eum

184 704 291 781 populo
314 711 415 781 petere
437 704 545 780 pergit,
570 711 602 765 ut
623 704 669 762 sni
692 702 754 779 ipse
776 705 838 763 noti
853 721 975 780 compos
996 703 1060 763 fiai.
1075 702 1134 763 Sa·

70 801 77 815 ·
183 786 287 847 cordos
310 804 415 847 manus
437 783 554 851 attollit,
571 783 745 863 intelligibili
768 802 842 846 voce
864 786 975 847 dicens:
1004 782 1132 845 Oramus

184 865 279 945 Aeser
300 886 319 927 a
341 868 447 932 nodis.
470 866 505 927 ad
527 868 691 927 monendos
712 864 829 934 Fideles
847 908 854 931 .
884 875 916 929 ut
938 875 1068 929 mentem
1090 867 1132 927 ad

179 948 283 1011 Deum
306 952 432 1029 erigant.
447 947 529 1008 Haec
552 948 614 1025 ipsa
637 949 769 1026 precatio
784 948 814 1008 in
825 947 1068 1010 sacramentariis
1082 966 1134 1010 ve·

185 1031 355 1092 tustissimis
378 1032 484 1109 legitur
506 1030 704 1107 eamdemque
726 1037 792 1106 post
806 1030 934 1093 Litanias
949 1030 1133 1093 Benedictio-

186 1132 261 1185 num
280 1110 483 1173 Ecclesiarum
498 1112 586 1173 affert
602 1118 688 1173 retus
702 1110 854 1173 Romanus
867 1112 960 1175 Ordo.
977 1112 1051 1191 Ejus
1066 1130 1135 1172 rne-¹

183 1195 272 1254 minit
292 1192 473 1271 Micrnlngus
484 1191 555 1271 Cap.
573 1192 624 1253 23.
643 1194 678 1255 ln
691 1193 822 1271 liturgia
837 1194 950 1273 lllyrici
965 1201 1132 1255 estalante

185 1275 336 1335 Psalmum
359 1273 473 1337 Iudico
494 1294 540 1335 me
561 1273 652 1335 Deus.
676 1274 710 1336 In
732 1276 846 1337 Missaii
868 1278 1056 1339 Mozarabico
1079 1294 1133 1337 ea-

140 1370 146 1385 ·
184 1355 253 1417 dem
276 1348 415 1428 habetur,
440 1376 545 1419 rernm
568 1359 633 1417 aliis
656 1360 789 1417 terminis
811 1366 968 1436 concepta3
992 1359 1133 1418 consimi-

183 1440 243 1501 lem
267 1438 348 1501 initio
371 1439 480 1501 Missae
510 1439 633 1499 recitant
653 1440 831 1499 Maronitae.
854 1440 1012 1501 Praeterea
1035 1442 1133 1501 oratio

184 1522 261 1582 haec
284 1540 320 1583 eo
344 1527 456 1583 lantum
472 1527 595 1597 spectat,
614 1524 648 1579 nt
669 1529 769 1583 sancte
785 1522 820 1581 ad
838 1522 941 1581 ditare
955 1523 1132 1584 ascendendi

183 1604 309 1665 facultas
326 1608 456 1681 petatur.
473 1602 736 1676 Quemadmodum
752 1608 851 1663 autem
868 1604 1011 1665 Summus
1025 1603 1132 1666 Sacer·

183 1686 235 1745 dos
268 1688 297 1745 in
320 1685 426 1746 Sancta
448 1684 623 1745 Sanctorum
647 1685 739 1745 semel
772 1688 801 1746 in
822 1704 898 1745 anno
920 1705 973 1745 vas
996 1688 1133 1747 victima-

182 1786 250 1828 rum
265 1768 408 1843 sanguine
431 1766 573 1828 refertum
596 1765 734 1828 deserens
755 1768 975 1847 ingrediebatur
997 1775 1064 1845 nost
1079 1769 1132 1828 be·

185 1868 221 1909 ne
244 1848 351 1909 multas
377 1850 566 1926 purgationes
588 1848 617 1906 in
641 1848 774 1910 Levitico
796 1850 1005 1927 praescriptas,
1018 1852 1059 1911 ita
1073 1849 1132 1912 No·

182 1949 236 1992 vae
259 1930 346 2008 Legis
368 1930 497 1991 Ministri
520 1948 672 2006 nunquam
695 1934 766 1991 satis
789 1950 805 1990 a
829 1930 891 1991 Dec
913 1930 1073 2008 postulant,
1099 1941 1133 1993 ut

183 2030 234 2073 eos
256 2032 273 2071 a
297 2011 432 2073 sordibus
455 2019 573 2089 purget,
597 2012 732 2090 adeoque
754 2013 858 2089 dignos
878 2014 999 2083 efficiat,
1021 2016 1072 2090 qni
1095 2034 1132 2075 ea
1217 2072 1223 2077 .

185 2111 243 2171 qua
266 2112 320 2170 par
342 2100 403 2162 est,
427 2097 535 2155 mentis
556 2099 587 2155 et
609 2095 706 2156 cordis
727 2096 898 2173 integritate
920 2115 976 2155 non
997 2096 1033 2155 ad
1058 2096 1131 2175 ligu-

184 2194 249 2236 ram
272 2175 427 2251 aliquam,
453 2180 487 2234 ut
509 2177 537 2236 in
560 2174 664 2236 Veteri
687 2178 776 2255 Lege,
800 2178 851 2237 sed
874 2179 910 2237 ad
935 2180 1033 2253 ipsum
1058 2178 1131 2240 San-

184 2264 264 2319 ctum
288 2255 466 2318 Sanctorum
496 2258 650 2319 accedant.
674 2258 835 2335 Postquam
858 2258 1003 2320 Sacerdos
1024 2260 1130 2322 Aliare

183 2338 379 2409 conscendit,
403 2339 547 2399 submissa
570 2356 644 2399 voce
666 2342 759 2399 dicit:
788 2337 916 2401 Oramus
937 2352 963 2402 tc
985 2340 1128 2402 Domine.

181 2421 305 2501 Legitur
320 2419 423 2482 Oratio
445 2421 520 2480 haec
540 2438 632 2497 quam
656 2440 796 2498 praesens
811 2422 942 2483 Rubrica
963 2425 1124 2502 praecipit,

182 2505 212 2565 in
234 2504 362 2579 antiquis
385 2502 519 2579 pluribus
541 2502 798 2572 sacramentariis,
822 2506 851 2563 in
874 2505 1004 2581 quodam
1026 2503 1128 2567 Ponti-

181 2585 259 2645 ficaii
280 2585 463 2645 Narbonensi
485 2591 553 2646 ante
573 2586 704 2664 quinque
727 2587 847 2646 circiter
868 2587 986 2649 saecula
1001 2591 1130 2665 scripto,

181 2668 211 2729 in
233 2668 345 2730 Ordine
366 2665 501 2727 Romano
525 2664 642 2728 Saecuii
663 2667 747 2735 XlV,
762 2668 813 2729 ubi
836 2666 996 2730 Orationes
1010 2687 1131 2747 expres

182 2768 233 2811 sae
257 2756 335 2811 sunt.
351 2747 493 2809 Sacerdos
507 2750 543 2809 ad
559 2750 665 2811 Aliare
679 2749 842 2811 ascendens
858 2759 1048 2827 peccatorum
1064 2770 1130 2813 sno·

182 2850 252 2893 rum
275 2833 382 2893 timore
395 2830 550 2909 perculsus
562 2848 667 2893 secum
683 2834 745 2909 ipse
761 2837 880 2908 reputat
894 2835 1002 2895 Beatos
1014 2833 1045 2892 in
1054 2831 1132 2895 Coe·

182 2914 218 2975 lis
239 2913 424 2975 intercedere
447 2913 517 2973 satis
541 2930 652 2989 posse,
683 2921 716 2974 ut
737 2914 835 2975 eidem
857 2915 893 2980 ad
915 2913 1054 2976 Sanctum
1078 2913 1133 2975 ril-

163 3000 247 3057 ·tare
270 2997 396 3073 gratiam
418 2996 589 3063 obtineant,
620 2995 722 3073 utpote
742 2996 793 3072 qui
816 2995 896 3071 digni
918 2995 1054 3065 luerint,
1078 2999 1131 3074 qui

184 3078 311 3139 caeleste
334 3077 537 3137 sanctuarinm
560 3077 795 3153 ingrederentur.
819 3068 916 3143 Deum
937 3078 1061 3155 proinde
1082 3097 1132 3141 ro·

183 3165 254 3237 gat,
279 3167 314 3220 ut
334 3158 511 3219 Sanctorum
541 3158 649 3219 merita
671 3166 807 3237 spectans
832 3160 900 3238 ejus
926 3161 1130 3230 misereatur,

184 3242 342 3319 ipsumque
376 3241 411 3301 ad
441 3258 545 3301 eorum
568 3258 674 3318 preces
696 3246 838 3302 terrestre
860 3240 1067 3304 Sanctuarium
1090 3243 1134 3302 in·

183 3322 266 3400 gredi
288 3324 375 3383 sinat.
393 3322 579 3384 Reverenter
600 3323 702 3399 itaque
723 3341 757 3383 ac
780 3323 915 3401 religiose
936 3323 1082 3385 Sacerdos
1103 3343 1135 3385 o-

183 3405 316 3465 sculatur
332 3404 437 3465 Altare
461 3404 489 3462 in
512 3404 622 3472 medio,
636 3404 687 3464 ubi
703 3402 882 3465 Sanctorum
897 3404 1065 3483 Martyrum
1077 3406 1131 3467 ue·

183 3484 294 3560 liquiae
316 3486 390 3545 sitae
412 3492 491 3554 sunt,
514 3485 643 3547 adorans
664 3486 693 3545 in
717 3487 774 3547 iilis
796 3484 892 3549 Deum
913 3488 964 3564 qui
986 3484 1133 3564 glorifica·

184 3573 232 3625 tur
254 3565 281 3625 in
304 3567 427 3629 consilio
450 3566 639 3637 Sanctorum,
656 3573 688 3632 et
708 3570 736 3629 in
758 3568 853 3633 servis
874 3570 936 3632 suis
956 3569 1131 3648 deprecabi-
