<?xml version="1.0" encoding="UTF-8"?>
<!DOCTYPE html PUBLIC "-//W3C//DTD XHTML 1.0 Transitional//EN"
    "http://www.w3.org/TR/xhtml1/DTD/xhtml1-transitional.dtd">
<html xmlns="http://www.w3.org/1999/xhtml" xml:lang="en" lang="en">
 <head>
  <title>
</title>
<meta http-equiv="Content-Type" content="text/html;charset=utf-8" />
  <meta name='ocr-system' content='tesseract 3.04.00' />
  <meta name='ocr-capabilities' content='ocr_page ocr_carea ocr_par ocr_line ocrx_word'/>
</head>
<body>
  <div class='ocr_page' id='page_1' title='image "./institutionesli00marigoog_0201.png"; bbox 0 0 2517 4059; ppageno 0'>
   <div class='ocr_carea' id='block_1_1' title="bbox 461 234 684 305">
    <p class='ocr_par' dir='ltr' id='par_1_1' title="bbox 461 234 684 305">
     <span class='ocr_line' id='line_1_1' title="bbox 461 234 684 305; baseline 0.04 -12"><span class='ocrx_word' id='word_1_1' title='bbox 461 234 684 305; x_wconf 47' lang='lat' dir='ltr'><strong>milli&amp;-</strong></span> 
     </span>
    </p>
   </div>
   <div class='ocr_carea' id='block_1_2' title="bbox 9 361 1049 669">
    <p class='ocr_par' dir='ltr' id='par_1_2' title="bbox 9 361 1049 669">
     <span class='ocr_line' id='line_1_2' title="bbox 96 361 1048 442; baseline 0.001 -19"><span class='ocrx_word' id='word_1_2' title='bbox 96 370 152 423; x_wconf 84' lang='lat' dir='ltr'><strong>tres</strong></span> <span class='ocrx_word' id='word_1_3' title='bbox 171 361 268 423; x_wconf 87' lang='lat' dir='ltr'><strong>inisse</strong></span> <span class='ocrx_word' id='word_1_4' title='bbox 289 380 382 433; x_wconf 88' lang='lat' dir='ltr'><strong>eam,</strong></span> <span class='ocrx_word' id='word_1_5' title='bbox 407 382 498 439; x_wconf 86' lang='lat' dir='ltr'><strong>quam</strong></span> <span class='ocrx_word' id='word_1_6' title='bbox 524 364 712 425; x_wconf 75' lang='lat' dir='ltr'>vindicamus</span> <span class='ocrx_word' id='word_1_7' title='bbox 731 365 913 442; x_wconf 78' lang='lat' dir='ltr'><strong>opinionem.</strong></span> <span class='ocrx_word' id='word_1_8' title='bbox 938 363 1048 427; x_wconf 88' lang='lat' dir='ltr'><strong>lllerito</strong></span> 
     </span>
     <span class='ocr_line' id='line_1_3' title="bbox 95 440 1049 523; baseline 0.003 -19"><span class='ocrx_word' id='word_1_9' title='bbox 95 444 188 520; x_wconf 89' lang='lat' dir='ltr'><strong>itaque</strong></span> <span class='ocrx_word' id='word_1_10' title='bbox 208 440 348 505; x_wconf 77' lang='lat' dir='ltr'><strong>Ecclesia</strong></span> <span class='ocrx_word' id='word_1_11' title='bbox 371 445 479 523; x_wconf 86' lang='lat' dir='ltr'><strong>nostris</strong></span> <span class='ocrx_word' id='word_1_12' title='bbox 502 445 573 523; x_wconf 88' lang='lat' dir='ltr'><strong>ipsis</strong></span> <span class='ocrx_word' id='word_1_13' title='bbox 594 446 781 521; x_wconf 79' lang='lat' dir='ltr'><strong>temporibus</strong></span> <span class='ocrx_word' id='word_1_14' title='bbox 799 447 924 509; x_wconf 79' lang='lat' dir='ltr'><strong>vetustis</strong></span> <span class='ocrx_word' id='word_1_15' title='bbox 946 464 1049 507; x_wconf 86' lang='lat' dir='ltr'><strong>exem·</strong></span> 
     </span>
     <span class='ocr_line' id='line_1_4' title="bbox 9 524 1049 669; baseline 0.01 -90"><span class='ocrx_word' id='word_1_16' title='bbox 9 526 10 579; x_wconf 73' lang='lat' dir='ltr'><strong>l</strong></span> <span class='ocrx_word' id='word_1_17' title='bbox 93 524 429 669; x_wconf 46' lang='lat' dir='ltr'><strong>{liisscgltfirtnonumentis</strong></span> <span class='ocrx_word' id='word_1_18' title='bbox 443 525 615 597; x_wconf 76' lang='lat' dir='ltr'><strong>inhaerens,</strong></span> <span class='ocrx_word' id='word_1_19' title='bbox 639 527 714 589; x_wconf 85' lang='lat' dir='ltr'><strong>h&#39;aec</strong></span> <span class='ocrx_word' id='word_1_20' title='bbox 735 527 766 586; x_wconf 91' lang='lat' dir='ltr'><strong>in</strong></span> <span class='ocrx_word' id='word_1_21' title='bbox 781 527 895 607; x_wconf 76' lang='lat' dir='ltr'><strong>hymno</strong></span> <span class='ocrx_word' id='word_1_22' title='bbox 918 526 949 588; x_wconf 86' lang='lat' dir='ltr'><strong>S.</strong></span> <span class='ocrx_word' id='word_1_23' title='bbox 963 525 1049 589; x_wconf 87' lang='lat' dir='ltr'><strong>loan-</strong></span> 
     </span>
    </p>
   </div>
   <div class='ocr_carea' id='block_1_3' title="bbox 255 732 859 895">
    <p class='ocr_par' dir='ltr' id='par_1_3' title="bbox 255 732 859 895">
     <span class='ocr_line' id='line_1_5' title="bbox 259 732 799 803; baseline -0.002 -10"><span class='ocrx_word' id='word_1_24' title='bbox 259 734 380 796; x_wconf 85' lang='lat' dir='ltr'><strong>Vcntris</strong></span> <span class='ocrx_word' id='word_1_25' title='bbox 393 734 525 796; x_wconf 82' lang='lat' dir='ltr'><strong>abstruso</strong></span> <span class='ocrx_word' id='word_1_26' title='bbox 539 736 685 795; x_wconf 78' lang='lat' dir='ltr'><strong>recubans</strong></span> <span class='ocrx_word' id='word_1_27' title='bbox 699 732 799 803; x_wconf 82' lang='lat' dir='ltr'><strong>cubili,</strong></span> 
     </span>
     <span class='ocr_line' id='line_1_6' title="bbox 255 815 859 895; baseline -0.01 -17"><span class='ocrx_word' id='word_1_28' title='bbox 255 815 397 879; x_wconf 83' lang='lat' dir='ltr'><strong>Scascras</strong></span> <span class='ocrx_word' id='word_1_29' title='bbox 411 834 510 895; x_wconf 76' lang='lat' dir='ltr'><strong>rcpcm</strong></span> <span class='ocrx_word' id='word_1_30' title='bbox 526 819 658 877; x_wconf 84' lang='lat' dir='ltr'><strong>tlalamo</strong></span> <span class='ocrx_word' id='word_1_31' title='bbox 673 825 859 876; x_wconf 82' lang='lat' dir='ltr'><strong>manentem:</strong></span> 
     </span>
    </p>
   </div>
   <div class='ocr_carea' id='block_1_4' title="bbox 91 924 1047 1249">
    <p class='ocr_par' dir='ltr' id='par_1_4' title="bbox 91 924 1047 1249">
     <span class='ocr_line' id='line_1_7' title="bbox 128 924 1044 1007; baseline 0.001 -21"><span class='ocrx_word' id='word_1_32' title='bbox 128 925 184 986; x_wconf 87' lang='lat'><em>111.</em></span> <span class='ocrx_word' id='word_1_33' title='bbox 208 926 269 987; x_wconf 85' lang='lat' dir='ltr'><strong>Sed</strong></span> <span class='ocrx_word' id='word_1_34' title='bbox 286 928 353 1003; x_wconf 85' lang='lat' dir='ltr'><strong>quis</strong></span> <span class='ocrx_word' id='word_1_35' title='bbox 370 934 461 996; x_wconf 87' lang='lat' dir='ltr'><strong>vetat,</strong></span> <span class='ocrx_word' id='word_1_36' title='bbox 480 946 516 989; x_wconf 92' lang='lat' dir='ltr'><strong>ne</strong></span> <span class='ocrx_word' id='word_1_37' title='bbox 532 927 734 1007; x_wconf 69' lang='lat' dir='ltr'><strong>protestante-s</strong></span> <span class='ocrx_word' id='word_1_38' title='bbox 748 927 838 987; x_wconf 87' lang='lat' dir='ltr'><strong>etiam</strong></span> <span class='ocrx_word' id='word_1_39' title='bbox 855 924 1044 1003; x_wconf 82' lang='lat' dir='ltr'><strong>adjiciamus:</strong></span> 
     </span>
     <span class='ocr_line' id='line_1_8' title="bbox 92 1007 1047 1082; baseline 0.003 -15"><span class='ocrx_word' id='word_1_40' title='bbox 92 1024 126 1067; x_wconf 85' lang='lat' dir='ltr'><strong>ex</strong></span> <span class='ocrx_word' id='word_1_41' title='bbox 148 1007 264 1069; x_wconf 92' lang='lat' dir='ltr'><strong>horum</strong></span> <span class='ocrx_word' id='word_1_42' title='bbox 288 1010 403 1070; x_wconf 87' lang='lat' dir='ltr'><strong>scilicet</strong></span> <span class='ocrx_word' id='word_1_43' title='bbox 424 1011 515 1068; x_wconf 90' lang='lat' dir='ltr'><strong>etiam</strong></span> <span class='ocrx_word' id='word_1_44' title='bbox 539 1011 731 1077; x_wconf 88' lang='lat' dir='ltr'><strong>testimonio,</strong></span> <span class='ocrx_word' id='word_1_45' title='bbox 757 1018 847 1082; x_wconf 87' lang='lat' dir='ltr'><strong>atque</strong></span> <span class='ocrx_word' id='word_1_46' title='bbox 868 1008 1047 1069; x_wconf 72' lang='lat' dir='ltr'><strong>auctoritaie</strong></span> 
     </span>
     <span class='ocr_line' id='line_1_9' title="bbox 91 1090 1047 1156; baseline 0.002 -10"><span class='ocrx_word' id='word_1_47' title='bbox 91 1090 251 1156; x_wconf 78' lang='lat' dir='ltr'><strong>constabit,</strong></span> <span class='ocrx_word' id='word_1_48' title='bbox 277 1092 427 1150; x_wconf 89' lang='lat' dir='ltr'><strong>immerito</strong></span> <span class='ocrx_word' id='word_1_49' title='bbox 450 1109 503 1151; x_wconf 87' lang='lat' dir='ltr'><strong>uos</strong></span> <span class='ocrx_word' id='word_1_50' title='bbox 517 1091 637 1151; x_wconf 90' lang='lat' dir='ltr'><strong>irrideri</strong></span> <span class='ocrx_word' id='word_1_51' title='bbox 661 1111 676 1150; x_wconf 90' lang='lat' dir='ltr'><strong>a</strong></span> <span class='ocrx_word' id='word_1_52' title='bbox 701 1090 849 1149; x_wconf 76' lang='lat' dir='ltr'><strong>nonnuliis</strong></span> <span class='ocrx_word' id='word_1_53' title='bbox 872 1090 1047 1149; x_wconf 87' lang='lat' dir='ltr'><strong>recentiori-</strong></span> 
     </span>
     <span class='ocr_line' id='line_1_10' title="bbox 91 1167 1045 1249; baseline 0.001 -20"><span class='ocrx_word' id='word_1_54' title='bbox 91 1171 142 1229; x_wconf 89' lang='lat' dir='ltr'><strong>bus</strong></span> <span class='ocrx_word' id='word_1_55' title='bbox 163 1167 297 1240; x_wconf 87' lang='lat' dir='ltr'><strong>Criticis‚</strong></span> <span class='ocrx_word' id='word_1_56' title='bbox 323 1173 432 1249; x_wconf 85' lang='lat' dir='ltr'><strong>quibus</strong></span> <span class='ocrx_word' id='word_1_57' title='bbox 453 1172 602 1248; x_wconf 88' lang='lat' dir='ltr'><strong>displicet,</strong></span> <span class='ocrx_word' id='word_1_58' title='bbox 626 1172 707 1248; x_wconf 87' lang='lat' dir='ltr'><strong>quod</strong></span> <span class='ocrx_word' id='word_1_59' title='bbox 731 1171 877 1230; x_wconf 88' lang='lat' dir='ltr'><strong>miraculo</strong></span> <span class='ocrx_word' id='word_1_60' title='bbox 899 1170 1045 1231; x_wconf 89' lang='lat' dir='ltr'><strong>adscriba-</strong></span> 
     </span>
    </p>
   </div>
   <div class='ocr_carea' id='block_1_5' title="bbox 9 1250 1042 1315">
    <p class='ocr_par' dir='ltr' id='par_1_5' title="bbox 9 1250 1042 1315">
     <span class='ocr_line' id='line_1_11' title="bbox 9 1250 1042 1315; baseline 0.004 -7"><span class='ocrx_word' id='word_1_61' title='bbox 9 1298 10 1301; x_wconf 63' lang='lat'><strong>,</strong></span> <span class='ocrx_word' id='word_1_62' title='bbox 90 1269 152 1310; x_wconf 91' lang='lat' dir='ltr'><strong>mus</strong></span> <span class='ocrx_word' id='word_1_63' title='bbox 174 1250 300 1313; x_wconf 87' lang='lat' dir='ltr'><strong>loannis</strong></span> <span class='ocrx_word' id='word_1_64' title='bbox 322 1255 471 1315; x_wconf 82' lang='lat' dir='ltr'><strong>irlventre</strong></span> <span class='ocrx_word' id='word_1_65' title='bbox 492 1254 592 1313; x_wconf 86' lang='lat' dir='ltr'><strong>adhuc</strong></span> <span class='ocrx_word' id='word_1_66' title='bbox 606 1254 713 1313; x_wconf 89' lang='lat' dir='ltr'><strong>matris</strong></span> <span class='ocrx_word' id='word_1_67' title='bbox 736 1254 846 1313; x_wconf 92' lang='lat' dir='ltr'><strong>detenti</strong></span> <span class='ocrx_word' id='word_1_68' title='bbox 863 1254 1042 1313; x_wconf 91' lang='lat' dir='ltr'><strong>subsultum.</strong></span> 
     </span>
    </p>
   </div>
   <div class='ocr_carea' id='block_1_6' title="bbox 9 1330 1046 3692">
    <p class='ocr_par' dir='ltr' id='par_1_6' title="bbox 9 1330 1046 3613">
     <span class='ocr_line' id='line_1_12' title="bbox 92 1330 1045 1413; baseline 0.006 -24"><span class='ocrx_word' id='word_1_69' title='bbox 92 1330 243 1393; x_wconf 89' lang='lat' dir='ltr'><strong>Brentinm</strong></span> <span class='ocrx_word' id='word_1_70' title='bbox 259 1335 388 1413; x_wconf 80' lang='lat' dir='ltr'><strong>&#39;praeire</strong></span> <span class='ocrx_word' id='word_1_71' title='bbox 403 1336 483 1400; x_wconf 88' lang='lat' dir='ltr'><strong>volo,</strong></span> <span class='ocrx_word' id='word_1_72' title='bbox 507 1336 557 1411; x_wconf 86' lang='lat' dir='ltr'><strong>qui</strong></span> <span class='ocrx_word' id='word_1_73' title='bbox 580 1336 615 1395; x_wconf 86' lang='lat' dir='ltr'><strong>ad</strong></span> <span class='ocrx_word' id='word_1_74' title='bbox 635 1336 712 1395; x_wconf 86' lang='lat' dir='ltr'><strong>lrunc</strong></span> <span class='ocrx_word' id='word_1_75' title='bbox 737 1335 857 1393; x_wconf 90' lang='lat' dir='ltr'><strong>modum</strong></span> <span class='ocrx_word' id='word_1_76' title='bbox 877 1334 984 1398; x_wconf 82' lang='lat' dir='ltr'><strong>Lucae,</strong></span> <span class='ocrx_word' id='word_1_77' title='bbox 1009 1334 1045 1395; x_wconf 90' lang='lat' dir='ltr'><strong>de</strong></span> 
     </span>
     <span class='ocr_line' id='line_1_13' title="bbox 90 1414 1045 1497; baseline 0.001 -24"><span class='ocrx_word' id='word_1_78' title='bbox 90 1430 144 1489; x_wconf 84' lang='lat' dir='ltr'><strong>quo</strong></span> <span class='ocrx_word' id='word_1_79' title='bbox 165 1416 358 1487; x_wconf 86' lang='lat' dir='ltr'><strong>disserimus,</strong></span> <span class='ocrx_word' id='word_1_80' title='bbox 384 1418 485 1476; x_wconf 88' lang='lat' dir='ltr'><strong>locum</strong></span> <span class='ocrx_word' id='word_1_81' title='bbox 506 1418 656 1493; x_wconf 87' lang='lat' dir='ltr'><strong>explicat:</strong></span> <span class='ocrx_word' id='word_1_82' title='bbox 685 1414 756 1478; x_wconf 85' lang='lat' dir='ltr'><strong>Vide</strong></span> <span class='ocrx_word' id='word_1_83' title='bbox 772 1416 887 1476; x_wconf 85' lang='lat' dir='ltr'><strong>obsecro</strong></span> <span class='ocrx_word' id='word_1_84' title='bbox 902 1416 982 1497; x_wconf 27' lang='lat' dir='ltr'><strong>milri.</strong></span> <span class='ocrx_word' id='word_1_85' title='bbox 996 1416 1045 1474; x_wconf 83' lang='lat' dir='ltr'><strong>ic-</strong></span> 
     </span>
     <span class='ocr_line' id='line_1_14' title="bbox 89 1494 1045 1573; baseline 0.006 -20"><span class='ocrx_word' id='word_1_86' title='bbox 89 1512 153 1571; x_wconf 79' lang='lat' dir='ltr'><strong>pcas</strong></span> <span class='ocrx_word' id='word_1_87' title='bbox 178 1500 377 1559; x_wconf 80' lang='lat' dir='ltr'><strong>miraculum.</strong></span> <span class='ocrx_word' id='word_1_88' title='bbox 396 1496 443 1557; x_wconf 77' lang='lat' dir='ltr'><strong>Ad</strong></span> <span class='ocrx_word' id='word_1_89' title='bbox 468 1500 678 1559; x_wconf 82' lang='lat' dir='ltr'><strong>salutationem</strong></span> <span class='ocrx_word' id='word_1_90' title='bbox 694 1494 814 1557; x_wconf 84' lang='lat' dir='ltr'><strong>Mariae</strong></span> <span class='ocrx_word' id='word_1_91' title='bbox 840 1497 921 1557; x_wconf 83' lang='lat' dir='ltr'><strong>saliit</strong></span> <span class='ocrx_word' id='word_1_92' title='bbox 942 1497 1045 1573; x_wconf 71' lang='lat' dir='ltr'><strong>infans</strong></span> 
     </span>
     <span class='ocr_line' id='line_1_15' title="bbox 88 1574 1046 1643; baseline 0.006 -10"><span class='ocrx_word' id='word_1_93' title='bbox 88 1574 214 1639; x_wconf 79' lang='lat' dir='ltr'><strong>loannes</strong></span> <span class='ocrx_word' id='word_1_94' title='bbox 236 1581 273 1639; x_wconf 83' lang='lat' dir='ltr'><strong>in</strong></span> <span class='ocrx_word' id='word_1_95' title='bbox 287 1591 371 1639; x_wconf 79' lang='lat' dir='ltr'><strong>utero</strong></span> <span class='ocrx_word' id='word_1_96' title='bbox 388 1578 589 1643; x_wconf 71' lang='lat' dir='ltr'><strong>Elisabetlrac.</strong></span> <span class='ocrx_word' id='word_1_97' title='bbox 613 1579 780 1641; x_wconf 84' lang='lat' dir='ltr'><strong>Pellieanus</strong></span> <span class='ocrx_word' id='word_1_98' title='bbox 803 1580 831 1637; x_wconf 91' lang='lat' dir='ltr'><strong>in</strong></span> <span class='ocrx_word' id='word_1_99' title='bbox 854 1577 1046 1639; x_wconf 81' lang='lat' dir='ltr'><strong>Carnmente·</strong></span> 
     </span>
     <span class='ocr_line' id='line_1_16' title="bbox 90 1656 1044 1738; baseline 0.003 -22"><span class='ocrx_word' id='word_1_100' title='bbox 90 1656 136 1716; x_wconf 92' lang='lat' dir='ltr'><strong>riis</strong></span> <span class='ocrx_word' id='word_1_101' title='bbox 167 1660 197 1719; x_wconf 92' lang='lat' dir='ltr'><strong>in</strong></span> <span class='ocrx_word' id='word_1_102' title='bbox 222 1662 306 1721; x_wconf 86' lang='lat' dir='ltr'><strong>hunc</strong></span> <span class='ocrx_word' id='word_1_103' title='bbox 327 1661 428 1721; x_wconf 88' lang='lat' dir='ltr'><strong>Lucae</strong></span> <span class='ocrx_word' id='word_1_104' title='bbox 449 1659 548 1722; x_wconf 89' lang='lat' dir='ltr'><strong>locrrm</strong></span> <span class='ocrx_word' id='word_1_105' title='bbox 571 1662 698 1723; x_wconf 84' lang='lat' dir='ltr'><strong>eandem</strong></span> <span class='ocrx_word' id='word_1_106' title='bbox 721 1678 843 1738; x_wconf 91' lang='lat' dir='ltr'><strong>prorsus</strong></span> <span class='ocrx_word' id='word_1_107' title='bbox 865 1660 1044 1719; x_wconf 82' lang='lat' dir='ltr'><strong>seutentiam</strong></span> 
     </span>
     <span class='ocr_line' id='line_1_17' title="bbox 90 1740 1045 1822; baseline 0.004 -25"><span class='ocrx_word' id='word_1_108' title='bbox 90 1742 177 1801; x_wconf 80' lang='lat' dir='ltr'><strong>tenet</strong></span> <span class='ocrx_word' id='word_1_109' title='bbox 202 1742 320 1822; x_wconf 81' lang='lat' dir='ltr'><strong>Adjicit</strong></span> <span class='ocrx_word' id='word_1_110' title='bbox 341 1743 480 1820; x_wconf 80' lang='lat' dir='ltr'><strong>egregius</strong></span> <span class='ocrx_word' id='word_1_111' title='bbox 500 1744 658 1805; x_wconf 88' lang='lat' dir='ltr'><strong>Liberatus</strong></span> <span class='ocrx_word' id='word_1_112' title='bbox 673 1741 833 1801; x_wconf 88' lang='lat' dir='ltr'><strong>Fassonlus</strong></span> <span class='ocrx_word' id='word_1_113' title='bbox 856 1742 884 1800; x_wconf 92' lang='lat' dir='ltr'><strong>in</strong></span> <span class='ocrx_word' id='word_1_114' title='bbox 907 1740 1045 1801; x_wconf 88' lang='lat' dir='ltr'><strong>elabora-</strong></span> 
     </span>
     <span class='ocr_line' id='line_1_18' title="bbox 92 1820 1041 1901; baseline 0.004 -24"><span class='ocrx_word' id='word_1_115' title='bbox 92 1820 198 1881; x_wconf 87' lang='lat' dir='ltr'><strong>tissima</strong></span> <span class='ocrx_word' id='word_1_116' title='bbox 221 1824 459 1893; x_wconf 87' lang='lat' dir='ltr'><strong>Dissertatione,</strong></span> <span class='ocrx_word' id='word_1_117' title='bbox 483 1844 573 1901; x_wconf 86' lang='lat' dir='ltr'><strong>quam</strong></span> <span class='ocrx_word' id='word_1_118' title='bbox 598 1823 772 1901; x_wconf 80' lang='lat' dir='ltr'><strong>inscripsit:</strong></span> <span class='ocrx_word' id='word_1_119' title='bbox 796 1820 838 1881; x_wconf 86' lang='lat' dir='ltr'><strong>Da</strong></span> <span class='ocrx_word' id='word_1_120' title='bbox 867 1821 1041 1901; x_wconf 78' lang='lat' dir='ltr'><strong>Copaitiortc</strong></span> 
     </span>
     <span class='ocr_line' id='line_1_19' title="bbox 92 1900 1041 1985; baseline 0.001 -24"><span class='ocrx_word' id='word_1_121' title='bbox 92 1900 118 1960; x_wconf 88' lang='lat' dir='ltr'><strong>S.</strong></span> <span class='ocrx_word' id='word_1_122' title='bbox 134 1901 263 1967; x_wconf 82' lang='lat' dir='ltr'><strong>loannis</strong></span> <span class='ocrx_word' id='word_1_123' title='bbox 287 1904 443 1985; x_wconf 81' lang='lat' dir='ltr'><strong>Baptistae</strong></span> <span class='ocrx_word' id='word_1_124' title='bbox 468 1909 503 1967; x_wconf 86' lang='lat' dir='ltr'><strong>in</strong></span> <span class='ocrx_word' id='word_1_125' title='bbox 527 1909 633 1967; x_wconf 85' lang='lat' dir='ltr'><strong>matris</strong></span> <span class='ocrx_word' id='word_1_126' title='bbox 659 1917 746 1968; x_wconf 84' lang='lat' dir='ltr'><strong>utero</strong></span> <span class='ocrx_word' id='word_1_127' title='bbox 769 1902 843 1963; x_wconf 76' lang='lat' dir='ltr'><strong>lte</strong></span> <span class='ocrx_word' id='word_1_128' title='bbox 866 1905 1041 1975; x_wconf 85' lang='lat' dir='ltr'><strong>Bucerum‚</strong></span> 
     </span>
     <span class='ocr_line' id='line_1_20' title="bbox 92 1980 1045 2066; baseline 0.004 -25"><span class='ocrx_word' id='word_1_129' title='bbox 92 1980 247 2047; x_wconf 87' lang='lat' dir='ltr'><strong>Zeschium</strong></span> <span class='ocrx_word' id='word_1_130' title='bbox 267 2028 275 2055; x_wconf 97' lang='lat'><strong>,</strong></span> <span class='ocrx_word' id='word_1_131' title='bbox 298 1994 329 2048; x_wconf 89' lang='lat' dir='ltr'><strong>et</strong></span> <span class='ocrx_word' id='word_1_132' title='bbox 344 1988 485 2049; x_wconf 89' lang='lat' dir='ltr'><strong>loannem</strong></span> <span class='ocrx_word' id='word_1_133' title='bbox 502 1986 662 2066; x_wconf 79' lang='lat' dir='ltr'><strong>Georgium</strong></span> <span class='ocrx_word' id='word_1_134' title='bbox 687 1985 864 2049; x_wconf 80' lang='lat' dir='ltr'><strong>Welclrium</strong></span> <span class='ocrx_word' id='word_1_135' title='bbox 887 1987 962 2045; x_wconf 88' lang='lat' dir='ltr'><strong>inter</strong></span> <span class='ocrx_word' id='word_1_136' title='bbox 975 2002 1045 2062; x_wconf 89' lang='lat' dir='ltr'><strong>pro·</strong></span> 
     </span>
     <span class='ocr_line' id='line_1_21' title="bbox 91 2066 1044 2144; baseline 0.004 -21"><span class='ocrx_word' id='word_1_137' title='bbox 91 2069 231 2129; x_wconf 87' lang='lat' dir='ltr'><strong>testantes</strong></span> <span class='ocrx_word' id='word_1_138' title='bbox 254 2071 365 2129; x_wconf 90' lang='lat' dir='ltr'><strong>summi</strong></span> <span class='ocrx_word' id='word_1_139' title='bbox 381 2070 510 2129; x_wconf 88' lang='lat' dir='ltr'><strong>nominis</strong></span> <span class='ocrx_word' id='word_1_140' title='bbox 524 2072 613 2129; x_wconf 87' lang='lat' dir='ltr'><strong>viros.</strong></span> <span class='ocrx_word' id='word_1_141' title='bbox 633 2068 724 2141; x_wconf 51' lang='lat' dir='ltr'><strong>¹(lund</strong></span> <span class='ocrx_word' id='word_1_142' title='bbox 743 2069 765 2126; x_wconf 93' lang='lat' dir='ltr'><strong>si</strong></span> <span class='ocrx_word' id='word_1_143' title='bbox 783 2066 981 2144; x_wconf 83' lang='lat' dir='ltr'><strong>theologicam</strong></span> <span class='ocrx_word' id='word_1_144' title='bbox 997 2084 1044 2127; x_wconf 92' lang='lat' dir='ltr'><strong>ra-</strong></span> 
     </span>
     <span class='ocr_line' id='line_1_22' title="bbox 92 2144 1044 2231; baseline 0.011 -30"><span class='ocrx_word' id='word_1_145' title='bbox 92 2144 194 2207; x_wconf 90' lang='lat' dir='ltr'><strong>tionem</strong></span> <span class='ocrx_word' id='word_1_146' title='bbox 218 2148 310 2227; x_wconf 86' lang='lat' dir='ltr'><strong>adjici</strong></span> <span class='ocrx_word' id='word_1_147' title='bbox 334 2152 388 2219; x_wconf 89' lang='lat' dir='ltr'><strong>vis,</strong></span> <span class='ocrx_word' id='word_1_148' title='bbox 411 2169 482 2211; x_wconf 89' lang='lat' dir='ltr'><strong>ecce</strong></span> <span class='ocrx_word' id='word_1_149' title='bbox 504 2151 597 2213; x_wconf 81' lang='lat' dir='ltr'><strong>illam.</strong></span> <span class='ocrx_word' id='word_1_150' title='bbox 623 2150 654 2210; x_wconf 91' lang='lat' dir='ltr'><strong>Si</strong></span> <span class='ocrx_word' id='word_1_151' title='bbox 678 2150 821 2209; x_wconf 88' lang='lat' dir='ltr'><strong>mirabilis</strong></span> <span class='ocrx_word' id='word_1_152' title='bbox 844 2158 1044 2231; x_wconf 27' lang='lat' dir='ltr'><strong>prorsum-et</strong></span> 
     </span>
     <span class='ocr_line' id='line_1_23' title="bbox 92 2230 1042 2309; baseline 0.011 -28"><span class='ocrx_word' id='word_1_153' title='bbox 92 2233 209 2291; x_wconf 87' lang='lat' dir='ltr'><strong>naturae</strong></span> <span class='ocrx_word' id='word_1_154' title='bbox 233 2233 368 2299; x_wconf 90' lang='lat' dir='ltr'><strong>limites,</strong></span> <span class='ocrx_word' id='word_1_155' title='bbox 402 2234 599 2309; x_wconf 85' lang='lat' dir='ltr'><strong>ordinemque</strong></span> <span class='ocrx_word' id='word_1_156' title='bbox 616 2255 618 2259; x_wconf 89' lang='lat'>·</span> <span class='ocrx_word' id='word_1_157' title='bbox 634 2250 692 2289; x_wconf 90' lang='lat' dir='ltr'><strong>non</strong></span> <span class='ocrx_word' id='word_1_158' title='bbox 715 2237 885 2309; x_wconf 87' lang='lat' dir='ltr'><strong>superesset</strong></span> <span class='ocrx_word' id='word_1_159' title='bbox 915 2230 1042 2291; x_wconf 89' lang='lat' dir='ltr'><strong>Ioannes</strong></span> 
     </span>
     <span class='ocr_line' id='line_1_24' title="bbox 92 2308 1041 2388; baseline 0.006 -25"><span class='ocrx_word' id='word_1_160' title='bbox 92 2308 267 2383; x_wconf 81' lang='lat' dir='ltr'><strong>subsultns&#39;,</strong></span> <span class='ocrx_word' id='word_1_161' title='bbox 292 2333 361 2373; x_wconf 91' lang='lat' dir='ltr'><strong>enm</strong></span> <span class='ocrx_word' id='word_1_162' title='bbox 385 2314 556 2374; x_wconf 78' lang='lat' dir='ltr'><strong>describere</strong></span> <span class='ocrx_word' id='word_1_163' title='bbox 579 2314 729 2373; x_wconf 86' lang='lat' dir='ltr'><strong>omisisset</strong></span> <span class='ocrx_word' id='word_1_164' title='bbox 752 2310 952 2388; x_wconf 84' lang='lat' dir='ltr'><strong>Evangelista.</strong></span> <span class='ocrx_word' id='word_1_165' title='bbox 974 2309 1041 2372; x_wconf 87' lang='lat' dir='ltr'><strong>.Cur</strong></span> 
     </span>
     <span class='ocr_line' id='line_1_25' title="bbox 92 2390 1043 2463; baseline 0.001 -11"><span class='ocrx_word' id='word_1_166' title='bbox 92 2390 167 2460; x_wconf 65' lang='lat' dir='ltr'><strong>enim</strong></span> <span class='ocrx_word' id='word_1_167' title='bbox 188 2412 256 2454; x_wconf 90' lang='lat' dir='ltr'><strong>rem</strong></span> <span class='ocrx_word' id='word_1_168' title='bbox 279 2396 409 2463; x_wconf 87' lang='lat' dir='ltr'><strong>obviam,</strong></span> <span class='ocrx_word' id='word_1_169' title='bbox 433 2402 465 2455; x_wconf 89' lang='lat' dir='ltr'><strong>et</strong></span> <span class='ocrx_word' id='word_1_170' title='bbox 486 2402 610 2457; x_wconf 90' lang='lat' dir='ltr'><strong>naturae</strong></span> <span class='ocrx_word' id='word_1_171' title='bbox 634 2396 779 2455; x_wconf 86' lang='lat' dir='ltr'><strong>limitibus</strong></span> <span class='ocrx_word' id='word_1_172' title='bbox 802 2400 971 2454; x_wconf 87' lang='lat' dir='ltr'><strong>contentam</strong></span> <span class='ocrx_word' id='word_1_173' title='bbox 996 2411 1043 2453; x_wconf 88' lang='lat' dir='ltr'><strong>re·</strong></span> 
     </span>
     <span class='ocr_line' id='line_1_26' title="bbox 94 2462 1044 2553; baseline 0.006 -26"><span class='ocrx_word' id='word_1_174' title='bbox 94 2476 267 2544; x_wconf 87' lang='lat' dir='ltr'><strong>censuisset,</strong></span> <span class='ocrx_word' id='word_1_175' title='bbox 287 2462 341 2553; x_wconf 60' lang='lat' dir='ltr'><strong>fini</strong></span> <span class='ocrx_word' id='word_1_176' title='bbox 365 2482 409 2535; x_wconf 90' lang='lat' dir='ltr'><strong>tot</strong></span> <span class='ocrx_word' id='word_1_177' title='bbox 431 2480 532 2537; x_wconf 91' lang='lat' dir='ltr'><strong>omisit</strong></span> <span class='ocrx_word' id='word_1_178' title='bbox 546 2476 673 2543; x_wconf 86' lang='lat' dir='ltr'><strong>Mariae,</strong></span> <span class='ocrx_word' id='word_1_179' title='bbox 689 2474 893 2548; x_wconf 85' lang='lat' dir='ltr'><strong>Elisabellrae,</strong></span> <span class='ocrx_word' id='word_1_180' title='bbox 910 2482 940 2533; x_wconf 89' lang='lat' dir='ltr'><strong>et</strong></span> <span class='ocrx_word' id='word_1_181' title='bbox 955 2475 1044 2535; x_wconf 91' lang='lat' dir='ltr'><strong>loan-</strong></span> 
     </span>
     <span class='ocr_line' id='line_1_27' title="bbox 9 2552 1045 2636; baseline 0.006 -26"><span class='ocrx_word' id='word_1_182' title='bbox 9 2593 10 2596; x_wconf 63' lang='lat'><strong>,</strong></span> <span class='ocrx_word' id='word_1_183' title='bbox 93 2552 133 2610; x_wconf 86' lang='lat' dir='ltr'><strong>uis</strong></span> <span class='ocrx_word' id='word_1_184' title='bbox 154 2557 308 2629; x_wconf 87' lang='lat' dir='ltr'><strong>praeclara</strong></span> <span class='ocrx_word' id='word_1_185' title='bbox 324 2560 427 2636; x_wconf 75' lang='lat' dir='ltr'><strong>gestat</strong></span> <span class='ocrx_word' id='word_1_186' title='bbox 449 2558 527 2631; x_wconf 87' lang='lat' dir='ltr'><strong>Quid</strong></span> <span class='ocrx_word' id='word_1_187' title='bbox 550 2558 628 2634; x_wconf 84' lang='lat' dir='ltr'><strong>quod</strong></span> <span class='ocrx_word' id='word_1_188' title='bbox 654 2557 733 2617; x_wconf 83' lang='lat' dir='ltr'><strong>lraud</strong></span> <span class='ocrx_word' id='word_1_189' title='bbox 757 2557 884 2617; x_wconf 90' lang='lat' dir='ltr'><strong>obscure</strong></span> <span class='ocrx_word' id='word_1_190' title='bbox 907 2553 1045 2615; x_wconf 85' lang='lat' dir='ltr'><strong>Elisabe-</strong></span> 
     </span>
     <span class='ocr_line' id='line_1_28' title="bbox 91 2630 1042 2715; baseline 0.004 -24"><span class='ocrx_word' id='word_1_191' title='bbox 91 2630 139 2691; x_wconf 76' lang='lat' dir='ltr'><strong>tna</strong></span> <span class='ocrx_word' id='word_1_192' title='bbox 159 2637 305 2707; x_wconf 88' lang='lat' dir='ltr'><strong>declarat,</strong></span> <span class='ocrx_word' id='word_1_193' title='bbox 331 2640 485 2715; x_wconf 79' lang='lat' dir='ltr'><strong>agnovisse</strong></span> <span class='ocrx_word' id='word_1_194' title='bbox 506 2658 539 2699; x_wconf 90' lang='lat' dir='ltr'><strong>se</strong></span> <span class='ocrx_word' id='word_1_195' title='bbox 554 2638 667 2701; x_wconf 87' lang='lat' dir='ltr'><strong>Mariae</strong></span> <span class='ocrx_word' id='word_1_196' title='bbox 689 2639 906 2704; x_wconf 78' lang='lat' dir='ltr'><strong>excedentium,</strong></span> <span class='ocrx_word' id='word_1_197' title='bbox 931 2643 962 2698; x_wconf 93' lang='lat' dir='ltr'><strong>et</strong></span> <span class='ocrx_word' id='word_1_198' title='bbox 982 2637 1042 2699; x_wconf 87' lang='lat' dir='ltr'><strong>Do·</strong></span> 
     </span>
     <span class='ocr_line' id='line_1_29' title="bbox 94 2713 1043 2798; baseline 0.001 -23"><span class='ocrx_word' id='word_1_199' title='bbox 94 2713 157 2775; x_wconf 84' lang='lat' dir='ltr'><strong>nini</strong></span> <span class='ocrx_word' id='word_1_200' title='bbox 180 2720 207 2777; x_wconf 89' lang='lat' dir='ltr'><strong>in</strong></span> <span class='ocrx_word' id='word_1_201' title='bbox 225 2720 294 2798; x_wconf 88' lang='lat' dir='ltr'><strong>ejus</strong></span> <span class='ocrx_word' id='word_1_202' title='bbox 317 2728 403 2780; x_wconf 87' lang='lat' dir='ltr'><strong>utera</strong></span> <span class='ocrx_word' id='word_1_203' title='bbox 425 2721 778 2795; x_wconf 85' lang='lat' dir='ltr'><strong>conclusipreesentiam</strong></span> <span class='ocrx_word' id='word_1_204' title='bbox 802 2739 839 2779; x_wconf 80' lang='lat' dir='ltr'><strong>ex</strong></span> <span class='ocrx_word' id='word_1_205' title='bbox 856 2716 1043 2780; x_wconf 83' lang='lat' dir='ltr'><strong>subsultuil·</strong></span> 
     </span>
     <span class='ocr_line' id='line_1_30' title="bbox 9 2789 1042 2878; baseline 0.001 -18"><span class='ocrx_word' id='word_1_206' title='bbox 9 2839 10 2850; x_wconf 41' lang='grc' dir='ltr'><strong>ι</strong></span> <span class='ocrx_word' id='word_1_207' title='bbox 93 2789 137 2860; x_wconf 63' lang='lat'><strong>¹⁰,</strong></span> <span class='ocrx_word' id='word_1_208' title='bbox 159 2816 214 2861; x_wconf 89' lang='lat' dir='ltr'><strong>seu</strong></span> <span class='ocrx_word' id='word_1_209' title='bbox 239 2802 443 2870; x_wconf 86' lang='lat' dir='ltr'><strong>exultatione,</strong></span> <span class='ocrx_word' id='word_1_210' title='bbox 466 2820 556 2878; x_wconf 86' lang='lat' dir='ltr'><strong>quam</strong></span> <span class='ocrx_word' id='word_1_211' title='bbox 581 2802 629 2861; x_wconf 80' lang='lat' dir='ltr'><strong>illa</strong></span> <span class='ocrx_word' id='word_1_212' title='bbox 653 2802 855 2877; x_wconf 71' lang='lat' dir='ltr'><strong>significavit‘l</strong></span> <span class='ocrx_word' id='word_1_213' title='bbox 884 2798 1042 2861; x_wconf 69' lang='lat' dir='ltr'><strong>Ercultaat‘t</strong></span> 
     </span>
     <span class='ocr_line' id='line_1_31' title="bbox 9 2874 1043 2955; baseline 0.002 -18"><span class='ocrx_word' id='word_1_214' title='bbox 9 2933 10 2948; x_wconf 15' lang='grc' dir='ltr'>ἶ</span> <span class='ocrx_word' id='word_1_215' title='bbox 93 2874 188 2955; x_wconf 61' lang='lat' dir='ltr'><strong>iaicas</strong></span> <span class='ocrx_word' id='word_1_216' title='bbox 202 2885 240 2939; x_wconf 84' lang='lat' dir='ltr'><strong>in</strong></span> <span class='ocrx_word' id='word_1_217' title='bbox 253 2895 428 2943; x_wconf 86' lang='lat' dir='ltr'><strong>utcromcc.</strong></span> <span class='ocrx_word' id='word_1_218' title='bbox 451 2881 566 2945; x_wconf 82' lang='lat' dir='ltr'><strong>Mansit</strong></span> <span class='ocrx_word' id='word_1_219' title='bbox 580 2895 680 2944; x_wconf 85' lang='lat' dir='ltr'><strong>antam</strong></span> <span class='ocrx_word' id='word_1_220' title='bbox 703 2882 807 2943; x_wconf 85' lang='lat' dir='ltr'><strong>Maria</strong></span> <span class='ocrx_word' id='word_1_221' title='bbox 829 2881 925 2955; x_wconf 88' lang='lat' dir='ltr'><strong>inquit</strong></span> <span class='ocrx_word' id='word_1_222' title='bbox 947 2880 1043 2941; x_wconf 86' lang='lat' dir='ltr'><strong>Lucas</strong></span> 
     </span>
     <span class='ocr_line' id='line_1_32' title="bbox 94 2960 1041 3045; baseline 0.004 -27"><span class='ocrx_word' id='word_1_223' title='bbox 94 2974 155 3018; x_wconf 78' lang='lat' dir='ltr'><strong>cam</strong></span> <span class='ocrx_word' id='word_1_224' title='bbox 169 2963 226 3023; x_wconf 82' lang='lat' dir='ltr'><strong>itta</strong></span> <span class='ocrx_word' id='word_1_225' title='bbox 256 2963 472 3045; x_wconf 85' lang='lat' dir='ltr'><strong>(Elisabelha)</strong></span> <span class='ocrx_word' id='word_1_226' title='bbox 499 2964 586 3045; x_wconf 81' lang='lat' dir='ltr'><strong>quasi</strong></span> <span class='ocrx_word' id='word_1_227' title='bbox 601 2966 747 3025; x_wconf 83' lang='lat' dir='ltr'><strong>mansibus</strong></span> <span class='ocrx_word' id='word_1_228' title='bbox 764 2962 869 3023; x_wconf 82' lang='lat' dir='ltr'><strong>tribas.</strong></span> <span class='ocrx_word' id='word_1_229' title='bbox 894 2960 940 3020; x_wconf 82' lang='lat' dir='ltr'><strong>Ad</strong></span> <span class='ocrx_word' id='word_1_230' title='bbox 963 2979 1041 3038; x_wconf 87' lang='lat' dir='ltr'><strong>quae</strong></span> 
     </span>
     <span class='ocr_line' id='line_1_33' title="bbox 9 3042 1042 3123; baseline 0.01 -30"><span class='ocrx_word' id='word_1_231' title='bbox 9 3049 10 3052; x_wconf 72' lang='grc'>’</span> <span class='ocrx_word' id='word_1_232' title='bbox 96 3042 178 3101; x_wconf 83' lang='lat' dir='ltr'><strong>rerba</strong></span> <span class='ocrx_word' id='word_1_233' title='bbox 202 3064 262 3105; x_wconf 91' lang='lat' dir='ltr'><strong>non</strong></span> <span class='ocrx_word' id='word_1_234' title='bbox 286 3048 372 3123; x_wconf 88' lang='lat' dir='ltr'><strong>pauci</strong></span> <span class='ocrx_word' id='word_1_235' title='bbox 388 3048 572 3122; x_wconf 89' lang='lat' dir='ltr'><strong>luterpretes</strong></span> <span class='ocrx_word' id='word_1_236' title='bbox 594 3050 727 3111; x_wconf 92' lang='lat' dir='ltr'><strong>monent,</strong></span> <span class='ocrx_word' id='word_1_237' title='bbox 753 3061 806 3121; x_wconf 92' lang='lat' dir='ltr'><strong>per</strong></span> <span class='ocrx_word' id='word_1_238' title='bbox 827 3044 959 3121; x_wconf 82' lang='lat' dir='ltr'><strong>integros</strong></span> <span class='ocrx_word' id='word_1_239' title='bbox 980 3048 1042 3103; x_wconf 90' lang='lat' dir='ltr'><strong>tres</strong></span> 
     </span>
     <span class='ocr_line' id='line_1_34' title="bbox 95 3122 1043 3203; baseline 0.006 -27"><span class='ocrx_word' id='word_1_240' title='bbox 95 3134 204 3185; x_wconf 88' lang='lat' dir='ltr'><strong>menses</strong></span> <span class='ocrx_word' id='word_1_241' title='bbox 221 3145 279 3186; x_wconf 90' lang='lat' dir='ltr'><strong>non</strong></span> <span class='ocrx_word' id='word_1_242' title='bbox 296 3129 493 3203; x_wconf 88' lang='lat' dir='ltr'><strong>permansisse</strong></span> <span class='ocrx_word' id='word_1_243' title='bbox 508 3128 587 3202; x_wconf 85' lang='lat' dir='ltr'><strong>apud</strong></span> <span class='ocrx_word' id='word_1_244' title='bbox 603 3124 819 3194; x_wconf 73' lang='lat' dir='ltr'><strong>Elisabetlram</strong></span> <span class='ocrx_word' id='word_1_245' title='bbox 833 3124 960 3184; x_wconf 85' lang='lat' dir='ltr'><strong>Mariam</strong></span> <span class='ocrx_word' id='word_1_246' title='bbox 974 3122 1043 3184; x_wconf 89' lang='lat' dir='ltr'><strong>Vir·</strong></span> 
     </span>
     <span class='ocr_line' id='line_1_35' title="bbox 95 3200 1042 3288; baseline 0.002 -24"><span class='ocrx_word' id='word_1_247' title='bbox 95 3200 196 3275; x_wconf 73' lang='lat' dir='ltr'><strong>ginem.</strong></span> <span class='ocrx_word' id='word_1_248' title='bbox 222 3210 326 3283; x_wconf 84' lang='lat' dir='ltr'><strong>ltaque</strong></span> <span class='ocrx_word' id='word_1_249' title='bbox 348 3211 372 3268; x_wconf 96' lang='lat' dir='ltr'><strong>si</strong></span> <span class='ocrx_word' id='word_1_250' title='bbox 388 3208 664 3288; x_wconf 79' lang='lat' dir='ltr'><strong>Theophplactum.</strong></span> <span class='ocrx_word' id='word_1_251' title='bbox 689 3206 888 3287; x_wconf 80' lang='lat' dir='ltr'><strong>Euthymlum</strong></span> <span class='ocrx_word' id='word_1_252' title='bbox 904 3211 934 3266; x_wconf 89' lang='lat' dir='ltr'><strong>et</strong></span> <span class='ocrx_word' id='word_1_253' title='bbox 956 3204 1042 3266; x_wconf 89' lang='lat' dir='ltr'><strong>Nice-</strong></span> 
     </span>
     <span class='ocr_line' id='line_1_36' title="bbox 96 3281 1042 3367; baseline 0.006 -28"><span class='ocrx_word' id='word_1_254' title='bbox 96 3281 215 3353; x_wconf 86' lang='lat' dir='ltr'><strong>phorum</strong></span> <span class='ocrx_word' id='word_1_255' title='bbox 239 3290 341 3359; x_wconf 89' lang='lat' dir='ltr'><strong>audis‚</strong></span> <span class='ocrx_word' id='word_1_256' title='bbox 365 3307 439 3365; x_wconf 86' lang='lat' dir='ltr'><strong>quos</strong></span> <span class='ocrx_word' id='word_1_257' title='bbox 460 3291 597 3367; x_wconf 87' lang='lat' dir='ltr'><strong>sequitur</strong></span> <span class='ocrx_word' id='word_1_258' title='bbox 618 3290 772 3351; x_wconf 89' lang='lat' dir='ltr'><strong>lansenius</strong></span> <span class='ocrx_word' id='word_1_259' title='bbox 793 3288 924 3365; x_wconf 83' lang='lat' dir='ltr'><strong>iprensis</strong></span> <span class='ocrx_word' id='word_1_260' title='bbox 946 3287 975 3345; x_wconf 90' lang='lat' dir='ltr'><strong>in</strong></span> <span class='ocrx_word' id='word_1_261' title='bbox 999 3288 1042 3347; x_wconf 94' lang='lat' dir='ltr'><strong>lo·</strong></span> 
     </span>
     <span class='ocr_line' id='line_1_37' title="bbox 95 3366 1044 3440; baseline -0.002 -11"><span class='ocrx_word' id='word_1_262' title='bbox 95 3376 156 3440; x_wconf 73' lang='lat' dir='ltr'><strong>lum</strong></span> <span class='ocrx_word' id='word_1_263' title='bbox 177 3369 268 3431; x_wconf 84' lang='lat' dir='ltr'><strong>hrrnc.</strong></span> <span class='ocrx_word' id='word_1_264' title='bbox 285 3369 402 3431; x_wconf 80' lang='lat' dir='ltr'><strong>Mansit</strong></span> <span class='ocrx_word' id='word_1_265' title='bbox 417 3383 516 3431; x_wconf 81' lang='lat' dir='ltr'><strong>antem</strong></span> <span class='ocrx_word' id='word_1_266' title='bbox 532 3370 636 3431; x_wconf 87' lang='lat' dir='ltr'><strong>Maria</strong></span> <span class='ocrx_word' id='word_1_267' title='bbox 660 3390 728 3431; x_wconf 90' lang='lat' dir='ltr'><strong>cnm</strong></span> <span class='ocrx_word' id='word_1_268' title='bbox 753 3370 901 3429; x_wconf 76' lang='lat' dir='ltr'><strong>Elisabeth</strong></span> <span class='ocrx_word' id='word_1_269' title='bbox 921 3366 1044 3429; x_wconf 83' lang='lat' dir='ltr'><strong>circiter</strong></span> 
     </span>
     <span class='ocr_line' id='line_1_38' title="bbox 96 3447 1043 3513; baseline 0.001 -6"><span class='ocrx_word' id='word_1_270' title='bbox 96 3449 232 3512; x_wconf 78' lang='lat' dir='ltr'><strong>mansibus</strong></span> <span class='ocrx_word' id='word_1_271' title='bbox 258 3454 373 3513; x_wconf 70' lang='lat' dir='ltr'><strong>titirus:</strong></span> <span class='ocrx_word' id='word_1_272' title='bbox 398 3452 504 3513; x_wconf 81' lang='lat' dir='ltr'><strong>deinde</strong></span> <span class='ocrx_word' id='word_1_273' title='bbox 521 3462 642 3512; x_wconf 79' lang='lat' dir='ltr'><strong>rcnc‘ma</strong></span> <span class='ocrx_word' id='word_1_274' title='bbox 668 3464 719 3513; x_wconf 87' lang='lat' dir='ltr'><strong>cst.</strong></span> <span class='ocrx_word' id='word_1_275' title='bbox 745 3450 856 3511; x_wconf 85' lang='lat' dir='ltr'><strong>Eadem</strong></span> <span class='ocrx_word' id='word_1_276' title='bbox 879 3450 970 3510; x_wconf 89' lang='lat' dir='ltr'><strong>tradit</strong></span> <span class='ocrx_word' id='word_1_277' title='bbox 992 3447 1043 3509; x_wconf 83' lang='lat' dir='ltr'><strong>Ti·</strong></span> 
     </span>
     <span class='ocr_line' id='line_1_39' title="bbox 98 3528 1043 3613; baseline 0.013 -34"><span class='ocrx_word' id='word_1_278' title='bbox 98 3528 139 3585; x_wconf 88' lang='lat' dir='ltr'><strong>tus</strong></span> <span class='ocrx_word' id='word_1_279' title='bbox 152 3529 329 3599; x_wconf 79' lang='lat' dir='ltr'><strong>bostrensis,</strong></span> <span class='ocrx_word' id='word_1_280' title='bbox 347 3534 437 3613; x_wconf 85' lang='lat' dir='ltr'><strong>cujus</strong></span> <span class='ocrx_word' id='word_1_281' title='bbox 451 3534 544 3593; x_wconf 85' lang='lat' dir='ltr'><strong>verba</strong></span> <span class='ocrx_word' id='word_1_282' title='bbox 559 3532 692 3593; x_wconf 86' lang='lat' dir='ltr'><strong>Novatus</strong></span> <span class='ocrx_word' id='word_1_283' title='bbox 707 3534 833 3612; x_wconf 81' lang='lat' dir='ltr'><strong>aliegat:</strong></span> <span class='ocrx_word' id='word_1_284' title='bbox 851 3532 934 3594; x_wconf 91' lang='lat' dir='ltr'><strong>Idem</strong></span> <span class='ocrx_word' id='word_1_285' title='bbox 951 3550 1043 3609; x_wconf 92' lang='lat' dir='ltr'><strong>porro</strong></span> 
     </span>
    </p>

    <p class='ocr_par' dir='ltr' id='par_1_7' title="bbox 97 3601 1044 3692">
     <span class='ocr_line' id='line_1_40' title="bbox 97 3601 1044 3692; baseline 0.005 -25"><span class='ocrx_word' id='word_1_286' title='bbox 97 3601 218 3675; x_wconf 77' lang='lat' dir='ltr'><strong>duratus</strong></span> <span class='ocrx_word' id='word_1_287' title='bbox 240 3615 310 3687; x_wconf 87' lang='lat' dir='ltr'><strong>his,</strong></span> <span class='ocrx_word' id='word_1_288' title='bbox 333 3633 409 3692; x_wconf 88' lang='lat' dir='ltr'><strong>qrrus</strong></span> <span class='ocrx_word' id='word_1_289' title='bbox 430 3616 544 3686; x_wconf 87' lang='lat' dir='ltr'><strong>citavi,</strong></span> <span class='ocrx_word' id='word_1_290' title='bbox 568 3612 702 3692; x_wconf 83' lang='lat' dir='ltr'><strong>adjungit</strong></span> <span class='ocrx_word' id='word_1_291' title='bbox 725 3614 916 3691; x_wconf 79' lang='lat' dir='ltr'><strong>liopertum,</strong></span> <span class='ocrx_word' id='word_1_292' title='bbox 941 3614 1044 3674; x_wconf 89' lang='lat' dir='ltr'><strong>lanse-</strong></span> 
     </span>
    </p>
   </div>
   <div class='ocr_carea' id='block_1_7' title="bbox 0 0 1266 4059">
    <p class='ocr_par' dir='ltr' id='par_1_8' title="bbox 0 0 1266 4059">
     <span class='ocr_line' id='line_1_41' title="bbox 0 0 1266 4059; baseline 0 0"><span class='ocrx_word' id='word_1_293' title='bbox 0 0 1266 4059; x_wconf 95' lang='lat' dir='ltr'><strong> </strong></span> 
     </span>
    </p>
   </div>
  </div>
 </body>
</html>
