2517 4059
532 191 755 265 eutsotts·

171 337 263 396 quem
286 327 395 395 quarto
418 322 571 383 Ecclesiae
593 322 714 383 saeculo
737 322 873 384 floruisse
895 330 1010 389 coslai,
1034 324 1085 399 qui
1108 342 1134 382 a

170 402 309 476 Principe
338 401 576 477 Apostolorum,
600 407 652 481 qui
681 422 698 465 a
727 404 890 470 Silvestro.
914 408 964 481 qni
992 404 1129 469 aLino,

171 483 237 561 ejus
259 486 405 559 originem
429 487 622 561 repetendam
646 493 760 562 putant.
785 487 842 559 Qui
865 484 1125 553 Patriarcharum,

170 573 202 625 et
224 564 484 638 Metropoliiarnm
511 566 638 627 Pallinm
663 566 885 644 Imperatorum
914 574 1129 627 ornamentum

171 648 241 705 olim
267 646 378 715 tuisse,
401 648 438 707 ab
460 649 558 724 iisqne
575 647 726 708 Ecclesiae
741 667 915 710 conoessum
932 651 1130 713 arbitrantur,

170 730 190 787 ii
214 730 350 786 nituntur
374 733 593 793 moriumentis,
616 749 694 806 quae
719 732 948 807 intelligentium
970 732 1135 791 hominurn

171 810 286 888 judicio
309 808 382 869 ialsa
405 819 483 872 sunt
509 809 613 890 Hujus
635 814 752 887 generis
774 821 820 872 est
841 813 960 871 donatio
982 812 1130 873 Constan-

174 894 227 951 tini
252 890 448 966 imperatoris
471 911 561 969 quani
587 911 698 953 renen
722 896 839 969 cognita
873 894 1031 970 descripsit
1050 892 1135 951 Gra·

174 975 294 1033 tianns
319 978 350 1032 et
371 970 506 1049 ejusdem
531 992 651 1051 quoque
674 976 779 1035 indolis
800 983 844 1035 esi
866 977 1044 1051 rescriptum
1068 972 1132 1033 Va-

168 1053 324 1115 lentiniani
346 1053 387 1114 lit
407 1054 620 1131 Imperatoris,
638 1060 719 1115 etde
734 1076 795 1132 quo
819 1059 876 1117 laic
899 1056 1050 1133 disputant
1072 1054 1134 1113 Ba-

168 1137 293 1205 rnnius,
318 1136 354 1193 ad
377 1155 428 1193 an.
454 1136 520 1197 452
541 1157 624 1196 num.
652 1137 705 1206 94;
728 1138 983 1204 schelestratius
1006 1137 1134 1214 antiqu.

170 1216 282 1277 Eccles
308 1216 380 1276 diss
404 1216 526 1298 4θαρ.
540 1218 566 1276 5
582 1239 614 1277 n.
640 1221 674 1287 7,·
696 1220 840 1288 Norisius,
867 1218 989 1279 moeri.
1007 1220 1129 1287 histor„

169 1296 205 1356 de
230 1296 361 1391 Quodn
374 1296 903 1375 VCap.10.P0rr0vetusirssrmae
926 1302 993 1360 illae
1016 1298 1132 1358 inimu-

169 1378 216 1438 lae
241 1373 403 1437 vorborbm
418 1384 551 1456 ,quibus
566 1401 686 1457 semper
701 1383 825 1443 Romani
842 1381 1022 1442 Pontifices
1014 1400 1043 1439 rn
1060 1396 1136 1439 con·-

171 1461 303 1520 oedendo
326 1458 418 1521 Pallio
442 1464 487 1522 usi
510 1470 590 1526 sunt,
614 1466 771 1524 evidenter
797 1465 966 1527 ostendunt,
982 1480 1046 1521 rem
1065 1480 1134 1521 em·

169 1559 238 1601 nem
263 1548 377 1618 gestam
392 1549 508 1603 tantum
525 1545 714 1619 Apostolicae
737 1546 823 1607 Sedis
846 1544 1013 1609 beneficio,
1030 1549 1060 1602 et
1076 1562 1130 1603 au-

171 1625 321 1683 ctoritate.
339 1622 415 1682 Nam
431 1626 655 1703 Symmachus,
672 1629 724 1704 qni
742 1629 770 1685 in
794 1630 874 1687 exitu
892 1626 964 1683 Vel
988 1622 1130 1683 inition

170 1707 281 1765 saeculi
306 1706 511 1766 Pontificatum
528 1709 668 1775 obtinuit,
687 1708 822 1787 Epistola
843 1706 882 1767 ΙΙ
898 1705 938 1766 ad
964 1704 1131 1765 Teedorum

170 1788 403 1846 laureacensem
426 1799 498 1847 torn
522 1788 547 1847 3
570 1788 683 1850 Concrl
705 1790 830 1849 Labboet'
844 1808 908 1847 sese
931 1790 1001 1848 illud
1026 1788 1130 1864 largiri

171 1862 337 1927 declaravit
358 1887 394 1927 ex
419 1872 543 1929 caritate
565 1869 759 1945 Apostolica,
785 1870 912 1947 Vigilins
934 1868 1061 1947 epistola
1083 1886 1130 1927 se·
1159 1866 1165 1880 ’

168 1951 263 2021 plima
286 1951 322 2007 ad
346 1949 517 2011 Auxanium
541 1951 805 2011 ArelatensemB.
831 1951 907 2010 Petri
941 1956 1042 2009 sancta
1076 1970 1131 2010 au·

170 2034 327 2093 ctoritate,
352 2029 514 2104 Gregorius
536 2032 662 2109 Magnus
683 2029 748 2091 Lib.
772 2031 906 2111 VEprst
925 2032 1130 2091 nndrinr‘a·

170 2128 242 2169 num
269 2110 382 2171 Rauen
403 2111 503 2192 Epire
526 2132 593 2191 opp.
618 2123 687 2172 tom.
714 2113 947 2190 2Apostolicae
969 2112 1053 2172 Sedis
1077 2114 1129 2173 be-

170 2194 354 2251 revolent-,ia
379 2194 413 2255 ln
438 2196 494 2254 hac
516 2214 618 2255 rerum
636 2196 819 2254 obscuritate
841 2196 967 2254 similior
982 2195 1046 2253 reri
1062 2212 1134 2254 esse

167 2274 290 2333 ridetur
312 2278 458 2334 sententia
480 2294 587 2335 eorum
607 2319 615 2343 ,
638 2277 689 2351 qui
710 2274 771 2352 jaro
797 2276 863 2334 inde
878 2294 894 2333 a
911 2278 1008 2352 prima
1030 2280 1131 2335 aetate

170 2352 298 2415 Palliu'm
315 2355 353 2414 ab
368 2353 502 2418 Ecclesia
519 2357 654 2417 adbiberi
672 2360 805 2433 coepisse
819 2356 995 2421 detendunt,
1009 2363 1135 2434 sumpto

169 2438 308 2512 exemplo
328 2456 366 2497 ex
399 2439 646 2515 splendidissimis
678 2440 833 2504 vestibus,
857 2456 931 2514 quas
954 2438 1036 2497 Deus
1066 2439 1130 2512 ipse

169 2518 251 2578 dedit
273 2519 409 2585 Aaroni,
435 2526 465 2580 et
486 2518 554 2579 filiis
576 2520 644 2597 ejus
665 2521 744 2579 inter
765 2536 838 2596 qrias
861 2522 1056 2597 praecipuum
1074 2518 1130 2579 init

170 2599 349 2670 Rationale,
374 2618 427 2661 seu
443 2602 694 2678 superhumerale
717 2601 754 2661 de
776 2618 874 2668 auro,
890 2608 929 2660 et
952 2600 1131 2679 hyacintho,

170 2688 202 2741 et
223 2700 380 2758 purpura,
397 2700 549 2759 coccoque
566 2684 608 2741 bis
624 2684 738 2749 tincto,
756 2690 786 2741 ct
802 2682 880 2740 bisso
897 2689 1020 2743 retorta,
1039 2699 1133 2757 opere

171 2763 341 2841 polymit03
366 2764 437 2823 duas
460 2782 530 2824 oras
549 2764 670 2843 junctas
692 2763 806 2823 habens
827 2764 857 2821 in
880 2770 1012 2839 utroque
1035 2762 1131 2823 latere

172 2847 408 2913 summitatum,
433 2854 466 2906 ut
487 2848 516 2905 in
540 2864 632 2905 unum
658 2846 791 2905 redeant.

211 2925 265 2986 ΙΙΙ.
281 2926 383 2986 Solum
406 2925 576 2986 Romanum
602 2924 776 2985 Pontificem
800 2927 828 2983 in
845 2925 1005 2983 Missurum
1022 2925 1132 2985 selem·

171 3006 227 3065 niis
247 3006 341 3067 Pallio
362 3027 483 3084 semper
504 3009 569 3074 uti,
591 3013 623 3066 et
646 3008 778 3082 ubique,
804 3008 877 3066 alios
900 3022 972 3065 vero
994 3011 1058 3065 tuni
1075 3005 1128 3065 Pa-

170 3088 343 3164 triarchas,
368 3094 431 3149 tum
449 3089 700 3165 Archiepiscopos
716 3107 753 3147 eo
769 3106 822 3146 nec
844 3106 976 3162 semper,
994 3104 1052 3145 uec.
1064 3088 1130 3147 ubi-

172 3186 254 3245 que,
278 3171 329 3229 sed
354 3172 382 3229 in
406 3170 564 3236 Ecclesia,
587 3172 615 3227 in
639 3187 697 3245 qna
718 3168 957 3247 jurisdictionem
988 3170 1132 3228 ecclesia·

171 3251 277 3310 stiram
301 3258 505 3328 acceperunt,
529 3252 621 3312 certis
655 3256 768 3311 tantum
798 3252 909 3310 debere
931 3250 974 3308 uti
998 3250 1129 3317 diebus,

169 3333 263 3392 tradit
283 3334 473 3407 Innocentius
495 3331 536 3391 ΙΙΙ
561 3331 672 3396 relatus
696 3334 723 3391 in
744 3330 818 3407 Cap.
837 3330 1045 3390 adhererem.
1069 3328 1134 3391 Nec

171 3412 280 3475 desunt
300 3415 462 3491 exempla,
486 3415 595 3488 naribus
616 3413 818 3482 edoceamur,
841 3411 994 3470 Romanos
1009 3410 1133 3471 Pontifi-

170 3511 221 3555 ces
243 3513 300 3555 non
324 3496 415 3555 modo
430 3497 458 3555 in
474 3494 635 3555 Missarum
652 3494 804 3557 solemniis
814 3538 826 3565 ,,
844 3493 895 3553 sed
913 3494 1003 3559 etiam
1019 3495 1048 3552 in
1064 3493 1132 3552 aliis

169 3573 389 3638 Ecclesiasticis
410 3577 611 3637 functionibus
634 3594 720 3636 sacro
741 3574 834 3635 Pallio
863 3592 934 3636 usos
957 3574 1059 3643 luisse.
1084 3571 1130 3633 Ex
