2517 4059
452 231 513 300 w
535 227 595 291 tot
616 237 678 299 W

89 359 151 418 iicis
178 349 372 435 designatur,
403 363 437 419 ut
459 359 487 417 in
510 358 608 419 Libro·
623 356 667 420 Vi
683 356 906 439 hipaniarum
929 353 1038 433 Missae

86 438 160 518 Cap.
182 441 215 499 ii
241 440 328 500 docet
348 438 539 502 Innocentius
556 441 608 508 iil.
632 441 720 501 Dicto
744 446 810 501 Par
830 442 956 503 Domini
977 450 1035 506 etcz
1059 496 1060 500 ,
1102 480 1105 486 -

86 522 234 583 Sacerdos
256 521 457 600 fragmentum
480 521 608 584 iiostiae
635 524 770 583 immittit
790 524 821 581 in
841 523 971 584 Calicem
992 526 1038 584 di·

86 623 167 666 oens:
183 602 262 663 Haec
277 604 456 675 commistio,
470 616 499 665 er
513 608 695 666 consecratio
708 603 852 684 Corporis
866 615 893 667 ei
910 603 1041 687 Sanqui-

86 689 134 747 uis
156 686 281 770 Domini
300 685 355 766 pat
369 687 582 768 accipientibus
603 689 686 765 nobis
706 689 742 748 in
755 688 848 748 uitam
870 697 1036 749 aeternam.

86 768 119 829 ia
141 768 251 831 Codice
272 766 391 827 Ratoidi
413 770 491 846 apud
515 767 717 839 hienardnm:
745 767 828 827 Haec
849 779 1040 831 sacrosancta

7 851 8 864 ¹
86 849 258 911 eunomiatio
283 849 445 928 Corporis,
470 860 497 910 et
518 849 683 932 Sanpuinis
709 850 831 910 Domini
853 851 1038 914 nostri'loru
1089 863 1092 869 '

88 932 203 996 Christi
217 931 270 1010 hat
285 933 420 991 omnibns
435 935 617 998 sumentibus
633 935 713 992 satus
728 933 847 1000 mentis,
864 944 891 992 et
906 930 1040 1013 eorporis

88 1025 116 1075 et
131 1011 172 1074 ati
186 1014 281 1074 citam
296 1013 481 1093 capiendam·
492 1011 649 1075 aeternam
669 1014 864 1095 praeparatio
884 1017 1038 1076 solutoris.

87 1093 245 1156 Praeterea
261 1095 518 1172 quemadmodum
535 1097 613 1156 iacta
625 1089 789 1175 separatim
806 1098 961 1173 utriusque
976 1106 1039 1175 spe·

87 1179 143 1238 aiei
161 1178 385 1237 consecratione
406 1184 536 1238 mortem
554 1177 673 1238 Domini
689 1178 916 1247 annunciamus,
940 1179 980 1239 iia
994 1179 1039 1239 ia·

86 1266 134 1321 cta
159 1259 265 1319 deinde
287 1258 384 1320 dictae
406 1261 516 1337 speciei
540 1262 698 1336 utriusque
719 1261 943 1332 commixtione,
960 1258 1059 1339 ejus·-

87 1344 157 1404 dem
173 1339 285 1401 Christi
303 1339 421 1402 Domini
444 1341 708 1406 Resurrectionem
731 1339 1060 1420 exhibemus,⁵innui·,

86 1439 217 1499 musque
231 1429 418 1484 sacrosancta
433 1422 652 1493 Commodiano
665 1424 746 1484 'sumi
761 1421 915 1498 Christum
927 1442 943 1482 a
956 1429 1042 1483 -mor2

8 1505 9 1586 i
85 1506 147 1568 tuis
169 1505 358 1571 suscitatum,
371 1506 426 1565 'uti
443 1506 553 1566 indicat
574 1505 757 1583 Microiogus
773 1506 810 1565 de
822 1503 1042 1573 ,Ecclesiasticis

8 1623 9 1644 t
89 1585 351 1648 obseruationibus
372 1585 446 1662 Cap.
471 1587 520 1647 17:
550 1585 646 1648 Unam
664 1590 846 1668 portionem,
870 1588 1042 1662 inquit‚‘in

90 1669 222 1732 Calicem
236 1667 375 1744 faciendo
393 1669 519 1737 Crucem
541 1667 659 1730 mittere
680 1669 762 1749 debet
784 1667 949 1746 (Sacerdos)
971 1685 1042 1729 cum

86 1751 181 1820 dicit,
206 1749 266 1824 Pan
288 1747 407 1810 Domini
429 1751 468 1834 sit
489 1769 610 1826 semper
628 1752 805 1820 nobiscum,
828 1749 868 1808 ad
883 1749 1041 1828 desipuere·
1073 1778 1075 1782 ·

87 1831 159 1892 anm
178 1832 330 1908 Corporis,
348 1841 376 1892 st
392 1833 516 1892 Animae
532 1834 753 1912 conjuctionem·
766 1835 801 1891 in
814 1830 1061 1895 Resurrectionem
1136 1857 1138 1861 ·

6 1937 8 2002 i
88 1913 216 1977 Christi.
241 1909 320 1974 Hinc
336 1920 366 1972 et
380 1913 453 1974 scite
470 1913 707 1975 reiari‘loannes
721 1912 855 1990 Baptista
878 1912 997 1991 Scortia
1008 1913 1060 1994 dep
1137 1973 1143 1982 ,

87 1995 284 2058 sacrosancto
301 1995 407 2055 Missae
430 1995 590 2076 Sacmficio
605 1995 737 2074 Liutv
759 1995 832 2073 Cap.
856 1993 898 2054 ut
918 1996 948 2057 in
969 1993 1039 2055 iine:

88 2077 180 2138 Reate
194 2077 303 2155 ipitur,
321 2076 427 2154 inquit.
450 2075 518 2137 cum
533 2079 655 2160 seorsim
671 2074 829 2154 comosa
844 2077 975 2155 Sanpuis
985 2095 1043 2158 per

87 2179 116 2222 se
131 2169 303 2220 consecratu
316 2159 431 2235 fuerint
446 2157 485 2218 ad
500 2157 686 2234 recolendam
702 2159 816 2223 Christi
828 2159 950 2218 Domini
966 2179 1043 2220 mor·
1090 2216 1102 2231 „

6 2209 8 2318 i
87 2253 158 2308 tim,
171 2259 227 2320 per
242 2257 332 2318 quam
350 2238 481 2318 Sanpuis
497 2245 647 2323 seponatur
667 2252 707 2301 est
724 2259 744 2300 a
761 2241 909 2320 Corpore,
931 2235 975 2300 'ad
990 2260 1042 2302 aa·

6 2321 8 2336 '
82 2319 281 2404 primmdum
302 2327 473 2400 musterium
494 2321 672 2394 vDominioao
694 2322 967 2389 Resurrectionis,
981 2341 1041 2402 pua

86 2403 208 2465 reunita
228 2411 298 2462 sunt
320 2399 468 2482 Saupuia,
493 2414 520 2463 et
536 2406 641 2476 biniano
667 2405 810 2485 Corpori,
822 2402 933 2486 'species
950 2405 1042 2486 panis

87 2487 252 2546 miscentur
277 2481 420 2564 speciebus
436 2487 499 2564 oini
512 2518 521 2552 ,·
544 2493 578 2546 ut
598 2487 730 2563 eapiicat
749 2487 844 2549 Divus
866 2483 999 2547 Thomas
1021 2484 1041 2544 3

87 2583 156 2644 par.
185 2573 307 2642 quaest:
325 2566 366 2627 83
394 2571 451 2626 art.
481 2567 512 2628 5.
542 2567 656 2648 Deinde
681 2587 767 2630 usum
797 2565 878 2626 hunc
905 2568 1045 2632 referunt.

86 2647 222 2724 Liturgia
244 2648 356 2721 iacobi,
381 2646 522 2721 Graecos
547 2651 862 2728 iuter·aotiquissima,
888 2650 938 2710 uhi
960 2650 1049 2709 haec
1114 2650 1116 2653 ’

85 2731 200 2790 hahet:
228 2727 303 2792 Unio
318 2727 507 2792 Soncnsstmi
524 2732 675 2811 Corporis,
693 2742 720 2793 et
731 2733 859 2810 pretiosi
873 2731 1039 2807 Sonpuinis

87 2811 221 2882 Domini,
245 2830 281 2872 ac
299 2809 467 2874 Saioatoris
481 2817 580 2894 nostri
595 2813 663 2874 iesu
681 2814 794 2877 Christi
804 2855 812 2879 ‚
826 2819 894 2872 ··etc.
919 2809 1046 2874 vetusti

86 2895 159 2954 item
182 2893 242 2953 duo
266 2894 379 2970 priores
401 2891 532 2954 Romani
550 2894 701 2963 Ordines,
724 2895 895 2962 Conciiium¹
912 2894 1039 2954 transi-¹

87 2993 196 3036 canum
219 2971 325 3035 l'ann.
349 2973 407 3041 itt
429 2975 633 3054 Cauonegiizj
655 2975 755 3053 Quum
779 2977 878 3057 Capsa
901 2985 927 3049 et
952 2977 1065 3050 Cuiirc⁴

87 3055 257 3137 offerendus
280 3065 341 3129 est,
370 3068 397 3117 ei
419 3057 607 3119 admistione
631 3054 841 3127 Eucharistiae
864 3075 1041 3118 consecrau-

87 3139 155 3199 dus.
178 3135 212 3198 ln
229 3141 442 3218 manuscriptis
464 3140 572 3219 iegitur
587 3135 761 3218 inserendus
776 3143 841 3202 ioco
857 3138 1037 3223 offerendus.
1076 3139 1080 3219 J

85 3220 183 3298 Capsa
205 3227 306 3282 autem
329 3237 381 3283 ras
403 3226 489 3292 crat,
520 3223 549 3281 in
572 3224 863 3301 quoasserrabaiur
892 3221 1039 3282 Euchari-

86 3304 155 3364 stia.
179 3301 234 3364 iiia
257 3305 341 3363 initio
363 3303 540 3366 Missiead·
553 3304 658 3366 uitare
680 3304 894 3373 deferebatur,
916 3309 949 3365 et
969 3309 1039 3371 ante

72 3381 335 3446 'Communionem
359 3386 532 3448 tradebatur
545 3386 719 3465 ¹Sacerdoti,
743 3389 790 3448 cui
812 3405 852 3467 ex
866 3385 924 3446 iiia
940 3402 1062 3446 neser-0
1091 3418 1094 3422 ·

85 3471 187 3526 vatam
212 3468 389 3544 porticuum
412 3469 441 3527 in
455 3468 585 3534 Calicem
608 3470 827 3531 immittendam
849 3468 1037 3529 extraheret.
1092 3530 1093 3533 ,

87 3547 166 3609 Vide
188 3549 267 3611 inter
289 3556 425 3614 caeteros
468 3557 514 3626 ost
535 3548 989 3621 hiabiiioniumsComm'entoria
1004 3551 1040 3608 in
1070 3549 1073 3557 '

89 3627 423 3694 Ordinemiiomannm
444 3565 536 3698 fari.
555 3632 574 3709 6
589 3651 674 3717 num.
689 3633 719 3705 i,
735 3631 928 3696 Franciscum
947 3630 1039 3692 unta
1115 3675 1118 3695 .-

225 3727 283 3782 Vci.
303 3731 336 3780 ii.
496 3763 497 3767 ,
773 3792 776 3796 λ
853 3728 890 3782 30
968 3796 970 3798 Υ
