2517 4059
502 189 706 259 &53st

134 316 241 379 sculum
263 334 368 395 pacem
391 318 421 375 in
436 316 528 377 Missa
551 317 614 377 dari
637 315 806 393 probibent.
832 312 935 382 Solum
958 315 987 373 in
1009 331 1076 374 cra·

133 399 234 459 stinum
257 400 337 459 diem
353 398 470 475 Corpus
484 396 604 459 Domini
627 398 790 467 remerari,
814 397 1000 473 praecipiunt
1015 397 1076 455 iam

132 479 245 541 Codices
260 498 366 541 omnes
382 481 494 555 antiqui
512 480 686 552 ltlissarum,
702 478 853 555 Sanguine
870 479 1003 539 iublissa
1019 478 1077 541 hu·

130 559 172 637 jus
191 564 247 622 diei
272 563 392 639 penitus
414 562 586 640 absumpto.
602 562 636 621 ln
662 559 841 639 quibusdam
857 556 1001 621 Ecclesiis
1017 577 1077 620 nna

129 661 191 705 oum
212 661 296 704 sacra
314 642 504 704 Eucharistia
527 644 712 704 reconditam
733 643 823 703 etiarn
846 640 939 702 luisse
959 646 1078 703 constat

128 726 155 784 in
169 725 334 803 Sepulobro
349 723 480 786 Crucem
503 730 533 786 et
556 743 676 787 sacrum
693 721 846 799 Evangelii
860 720 1014 791 codicem,
1031 724 1077 785 uti

127 812 202 885 patet
223 825 259 867 ex
282 808 372 867 variis
392 804 562 869 Codioibus.
585 805 695 873 Graeci
715 806 806 867 etiam
830 804 888 865 bac
908 805 956 866 die
978 822 1077 866 reser-
1127 861 1134 881 s

126 892 192 949 rant
214 887 439 949 Eucharistiam
462 906 520 949 non
543 888 641 950 solum
663 889 886 964 insequentem
907 887 1001 956 diem,
1023 884 1076 949 sed

126 971 158 1029 ad
180 970 444 1031 communicandos
460 988 513 1047 per
530 975 625 1031 totum
642 970 711 1029 anui
726 969 912 1029 curriculum
928 967 1075 1029 infirmos.

162 1051 219 1112 Xl.
244 1050 291 1111 Ex
307 1052 402 1112 veteri
417 1048 569 1113 Ecclesiae
592 1051 747 1128 disciplina
763 1050 922 1111 universus
936 1050 1075 1129 populus,

125 1135 170 1208 qui
191 1134 228 1193 ad
251 1134 363 1195 Missae
386 1132 789 1201 Sacrificium-convenerat,
813 1129 929 1191 teriaV
954 1129 1077 1209 majoris

123 1212 328 1275 hebdomadae
343 1232 458 1273 sacram
475 1212 698 1275 Eucharistiam
714 1214 909 1291 percipiebat.
927 1212 960 1272 ld
974 1232 1013 1275 ex
1023 1212 1077 1275 Sa·

123 1298 323 1356 oramentario
344 1294 443 1355 Sancti
457 1294 595 1374 Gregorii
612 1296 776 1373 colligitur,
799 1295 878 1371 qnod
899 1292 991 1373 Hugo
1012 1295 1078 1357 Me·

122 1378 232 1437 nardus
254 1394 332 1435 anno
356 1370 436 1435 aaut
459 1380 487 1437 in
511 1380 609 1439 lucem
633 1376 778 1454 protulit,
802 1376 854 1437 ubi
875 1376 951 1439 haec
974 1377 1077 1453 legun·

121 1464 186 1521 tur:
211 1453 252 1519 Et
274 1459 474 1519 communicet
496 1460 592 1519 omnis
608 1458 737 1539 popalus
757 1456 864 1518 ordine
884 1477 948 1518 sno.
972 1456 1078 1534 Neque

120 1542 216 1601 solum
234 1540 360 1617 pietate,
385 1540 436 1599 sed
452 1548 612 1619 praecepto
627 1539 731 1601 lideles
745 1539 948 1611 ducebantur,
969 1556 1078 1615 quens·

119 1622 283 1682 admodum
306 1622 476 1682 testimonio
498 1622 611 1698 antiqui
633 1619 761 1682 Cononis
782 1618 822 1681 In
839 1620 940 1683 Coeno
955 1619 1078 1680 Domini

119 1702 154 1763 dc
178 1703 344 1766 Consecrea
369 1702 437 1763 dist.
461 1702 484 1761 2
505 1710 608 1781 aperte
630 1702 855 1781 comprobatur.
888 1702 956 1763 Mos
977 1707 1078 1761 tamen

119 1787 283 1845 universim
306 1785 444 1854 obtinuit,
469 1789 503 1845 ut
525 1786 554 1843 in
569 1782 817 1862 Metropolitanis,
833 1780 1075 1853 Cathedralibus,
1108 1810 1115 1817 .

119 1863 292 1943 collegiatis
314 1867 440 1942 aliisque
455 1864 653 1943 Regularium
676 1865 821 1925 Ecclesiis
835 1862 940 1925 Clesus
954 1865 1078 1925 univer·

119 1966 169 2009 sus
191 1948 237 2009 illi
252 1946 380 2024 Templo
395 1948 541 2013 addictus,
564 1945 790 2009 Eucharistiam
807 1952 917 2015 sumat,
940 1944 1011 2007 duro
1027 1963 1077 2007 res

118 2030 219 2089 diviua
236 2030 422 2098 celebratur;
446 2028 624 2089 Sacerdotes
648 2028 771 2105 quidem
793 2028 870 2089 collo
884 2026 1075 2105 pendentem,

117 2110 243 2171 Diaconi
266 2128 340 2171 vero
362 2128 379 2169 a
404 2112 511 2171 dextro
540 2111 576 2169 ad
600 2112 753 2171 sinistrum
776 2109 939 2171 humerum
966 2109 1076 2169 stolam

117 2190 263 2253 lluentem
280 2192 459 2260 deserentes,
472 2192 729 2267 quemadmodum
742 2191 898 2253 Gavantus
919 2207 1077 2252 sacramus

116 2274 231 2345 rituum
262 2275 405 2351 magister
433 2274 533 2333 tradit.
569 2274 656 2334 Ritus
681 2271 830 2351 ejusmodi
860 2274 1076 2335 documentum

115 2357 272 2433 nongentis
294 2355 404 2413 abhinc
426 2357 511 2415 annis
532 2373 570 2415 ex
584 2354 696 2415 Ordine
716 2353 854 2415 Romano
876 2354 1077 2433 deprehendi-

115 2440 186 2504 tur,
213 2437 263 2495 ubi
286 2437 329 2497 sic
351 2436 481 2513 legitur:
505 2434 624 2496 Fracts's
646 2445 749 2496 entem
770 2438 886 2506 oblatis,
911 2433 1078 2496 communi·

114 2526 181 2579 cent
203 2516 370 2597 Presbyteri
387 2520 499 2596 primo,
518 2528 623 2595 postea
645 2518 783 2588 Diaeoos‘,
808 2526 835 2577 et
855 2518 946 2579 ceteri
964 2532 1075 2587 omnes,

115 2608 141 2658 et
155 2600 200 2659 ita
210 2599 402 2678 perficietur.
427 2598 553 2659 llomani
566 2618 638 2660 sane
653 2597 811 2661 Pontifices
829 2617 952 2661 omnem
969 2615 1077 2659 curam

114 2697 236 2757 semper
251 2681 453 2747 contulerunt,
476 2688 510 2741 ut
526 2680 604 2743 bunc
621 2682 713 2740 ritum
730 2687 954 2742 conservarent.
978 2698 1013 2742 ac
1028 2697 1099 2741 τε»

115 2764 207 2837 liquis
230 2762 349 2821 omissis
370 2760 401 2821 S.
426 2760 552 2822 Carolus
566 2762 758 2823 'Dorromeus
779 2765 808 2821 in
830 2761 913 2824 Actis
928 2762 1077 2825 Ecclesiae

114 2843 347 2903 Mediolanenses
363 2841 476 2903 Toml
492 2842 607 2919 pagna
624 2844 663 2903 ita
676 2846 846 2905 constituit:
863 2842 954 2905 Esria
967 2846 1076 2923 quinta

113 2918 146 2985 in
175 2924 277 2987 Coena
299 2923 445 2993 Domini,
473 2926 585 3003 singoli
613 2926 667 3003 qni
697 2926 732 2985 in
759 2924 958 2993 Catlsedrali,
986 2923 1075 2986 Colle·

114 3008 232 3085 pintana
248 3004 384 3065 Ecclesia
404 3008 449 3067 cst
466 3006 675 3083 Dignitatem,
696 3008 742 3067 ool
766 3008 987 3070 Cononieatnm
1002 3002 1077 3065 obli·

113 3096 211 3155 nent,
235 3088 348 3165 reliqui
367 3087 438 3149 item
463 3087 576 3166 singuli
604 3087 736 3167 ejusdem
764 3086 910 3147 Ecclesiae
934 3086 1074 3152 Clerici.

117 3166 234 3249 Corpus
257 3168 382 3228 Domini
403 3172 437 3230 in
458 3170 581 3229 solemni
602 3168 713 3231 Missae
733 3186 835 3240 sacro,
852 3166 930 3248 qnod
950 3168 1004 3228 illo
1026 3165 1076 3227 dis

114 3252 147 3310 in
168 3249 304 3311 Ecclesia
326 3249 391 3390 pet,
406 3257 546 3321 sumant.
569 3248 796 3312 Caeremoniale
817 3266 938 3327 quoque
952 3249 1077 3325 Episco-

113 3348 222 3409 porum
246 3331 313 3391 Lib.
343 3331 356 3390 l
378 3329 452 3410 Cap.
468 3331 509 3391 23
531 3331 606 3395 hacc
628 3333 738 3395 babet:
761 3330 891 3400 Deinde,
913 3341 1075 3407 antequam

114 3429 142 3473 sc
154 3413 295 3495 purificet
315 3411 367 3492 (de
383 3411 532 3490 Episcopo
554 3432 603 3477 res
624 3412 698 3495 est).
722 3413 923 3475 communicat
939 3415 1076 3493 primam

113 3494 306 3565 Diacosmm,
331 3505 358 3555 et
374 3494 621 3565 subdiaconum,
646 3494 754 3556 deinde
779 3512 880 3555 omnes
905 3494 1075 3559 canonicos

111 3588 255 3656 peratm,
284 3587 311 3637 et
331 3576 408 3637 alios
426 3573 600 3637 Sacerdotes
624 3576 661 3637 do
683 3576 833 3646 Ecclesia,
856 3576 918 3656 qni·
933 3576 1075 3658 stolama
