2517 4059
176 299 195 333 ‚
499 232 725 303 masam

133 370 195 423 tate
217 360 376 429 colerent,
402 359 528 435 iocoque
549 360 691 421 Officium
715 366 746 420 et
776 360 897 423 Missam
920 363 990 423 huic
1012 363 1090 424 sole·

130 444 247 503 mnitati
263 441 491 501 convenientem
507 443 707 503 celebrarent:
723 443 811 519 idque
826 446 917 504 etiam
941 446 1016 504 alias
1032 446 1090 505 Ec·

130 527 241 586 ctesias
257 524 399 597 deinceps
419 522 589 584 obtinuere.
616 526 749 585 Eandem
768 525 938 586 facultatem
962 524 1088 585 Provin-

129 608 184 668 ciis
206 606 347 665 omnibus
361 606 516 677 temporali
533 604 686 665 Romanae
703 606 853 665 Ecclesiae
873 608 1003 668 dominio
1017 608 1086 668 sub·

127 688 216 767 jectis
240 684 383 763 peculiari
405 683 536 745 Decreta
568 688 617 746 (lie
639 685 734 747 xxtt
756 687 884 765 Augusti
913 691 982 748 anni
1007 688 1088 751 1725

129 773 191 831 lato
213 766 359 847 impertiit
379 766 557 827 Benedictus
579 767 667 830 xiil.

396 924 414 954 '
481 926 609 989 CAPUT
630 929 732 990 xvii.

126 1109 174 1153 nn
188 1086 485 1151 concanonnrrnirn
500 1108 628 1152 urrunnu
644 1109 829 1153 sancroaou
846 1110 900 1153 nin
915 1110 1014 1153 annua
1030 1108 1086 1151 no·

173 1188 318 1240 rannus,
344 1189 383 1229 er
405 1188 446 1229 nn
467 1186 764 1233 conunnoaarroue
785 1190 909 1235 cunina
933 1182 1086 1234 sanctiunt

170 1268 403 1315 neroncrorurr
425 1266 481 1311 nra
502 1270 640 1313 sncnnna
664 1270 853 1315 ravennius.

170 1415 195 1475 l.
218 1413 397 1476 Celebralur
419 1413 468 1473 (lie
492 1416 588 1491 prima
609 1414 787 1476 Novembris
811 1416 916 1477 festiva
937 1417 1082 1477 Omnium

126 1495 305 1557 Sanctorum
322 1494 585 1556 Commemoratio.
608 1494 684 1556 Cum
708 1498 823 1559 Rornae
846 1498 945 1557 adhuc
967 1501 1088 1559 extaret

127 1578 250 1636 celebre
266 1572 436 1638 Panllreon.'
450 1583 619 1637 extructum
637 1596 652 1637 a
670 1578 773 1640 Marco
794 1579 925 1656 Agrippa
952 1579 1007 1637 sub
1029 1579 1085 1639 lm·

126 1660 216 1736 perio
231 1657 371 1734 Augusti,
395 1656 529 1716 Pontiiex
553 1660 725 1721 Boniiacius
742 1659 780 1719 lV
798 1663 894 1738 ipsum
911 1660 1086 1720 solemniter

126 1740 243 1799 dicavit
257 1739 470 1799 Sanctissimae
493 1738 610 1815 Virgini
629 1742 786 1818 liciparae,
808 1750 839 1802 ct
861 1742 999 1801 omnibns
1013 1741 1085 1801 San·

125 1822 184 1880 clia
206 1821 418 1899 Martyribus,
441 1826 473 1879 el
492 1819 731 1891 confessoribus,
756 1828 787 1883 et
809 1822 887 1882 illius
908 1821 991 1899 jussu
1014 1822 1085 1881 illuc

125 1899 250 1962 traslata
274 1901 397 1962 luerunt
417 1907 484 1961 octo
499 1918 589 1978 snpra
605 1905 708 1981 viginti
732 1903 867 1964 conlecta
883 1904 1015 1981 plaustra
1030 1901 1085 1962 Os·

124 1984 204 2042 sium
228 1983 406 2042 Sanctorum
430 1982 621 2060 Martyrum,
637 2002 720 2060 nune
743 1984 837 2044 divisa
861 1991 964 2056 eraut,
989 1990 1020 2044 et
1041 1982 1081 2061 ja·

124 2064 235 2123 cebant
256 2066 285 2122 in
302 2067 394 2123 variis
410 2062 522 2123 Rornae
536 2060 741 2137 Coemcteriis.
767 2064 832 2125 Hoc
856 2068 912 2127 luit
925 2060 1085 2127 exordium

126 2142 333 2206 Solemnilatis
347 2144 490 2205 Omnium
507 2144 699 2214 Sanctorum,
716 2164 794 2223 quae
809 2147 1085 2208 celebrabaturllo·

125 2243 195 2286 mae
215 2228 266 2287 die
288 2226 328 2287 13
351 2226 442 2305 Maii,
465 2244 536 2285 cum
560 2229 607 2286 illa
632 2230 693 2305 ipsa
716 2230 764 2289 iiio
787 2230 953 2289 dedicatum
977 2229 1084 2289 luisset

124 2305 287 2383 Templum
320 2306 446 2369 Sanctae
468 2306 584 2369 Mariae
605 2310 641 2367 ad
665 2312 841 2388 Martyres,
877 2312 919 2369 uti
943 2310 1086 2369 observat

126 2387 294 2450 Cardinalis
316 2388 463 2449 Barouius
485 2390 514 2447 in
538 2389 626 2451 Notis
647 2390 687 2448 nd
703 2388 955 2469 Martyrotopr'um
972 2389 1085 2450 Roma·

125 2487 200 2529 num
223 2470 280 2529 lrac
302 2472 362 2535 die,
386 2472 434 2529 cui
451 2476 598 2531 consentit
612 2472 829 2532 Thomassinus
851 2472 886 2529 da
900 2472 1016 2531 dierum
1029 2468 1084 2529 Fe-

124 2560 240 2610 storum
263 2553 457 2611 celebratione
480 2550 545 2610 Lib.
562 2554 591 2614 ll
613 2554 687 2628 Cap.
700 2552 739 2614 21
763 2570 848 2613 num.
867 2553 931 2612 3et
953 2550 983 2611 i.
998 2550 1082 2613 Unde

125 2628 303 2708 sigebertus
323 2634 359 2691 ad
382 2650 494 2692 anunm
517 2631 579 2691 83²3
602 2637 727 2711 loquens
749 2636 785 2693 cla
803 2634 857 2693 irae
873 2633 1084 2703 solemnium·

125 2715 168 2773 sic
190 2715 321 2793 scripsit:
338 2712 437 2789 Quam
453 2712 584 2773 Romani
599 2733 638 2775 erc
651 2716 789 2774 instituio
804 2713 958 2792 Bonisocii
980 2713 1083 2793 Papae

125 2796 284 2856 celebrant.
302 2793 387 2856 Haeo
403 2790 465 2870 ipsa
478 2794 656 2857 solemnitas
670 2796 811 2856 Omnium
829 2795 1006 2857 Sanctorum
1022 2795 1081 2857 Ec·
1169 2817 1171 2821 ·

123 2876 233 2937 clasiae
249 2874 403 2935 Romanae
426 2880 545 2952 propria
569 2877 635 2945 lazi,
654 2878 759 2936 deinde
782 2877 818 2935 ad
835 2878 999 2937 Ecclesiam
1017 2879 1083 2937 uni·

124 2974 246 3019 uersam
271 2964 445 3035 propagata,
470 2964 503 3019 ut
524 2960 616 3033 aliqui
639 2959 815 3033 opinantur,
839 2975 854 3015 a
877 2954 1021 3033 Gregorio
1037 2958 1081 3020 111

124 3057 177 3100 seu
201 3040 319 3106 allatii,
344 3057 359 3097 a
382 3037 528 3116 Gregorio
553 3039 606 3102 iv.
630 3038 729 3098 Prima
747 3040 846 3115 opinio
862 3046 906 3097 est
929 3036 1080 3100 Edmnndi

121 3120 272 3186 Martcne.
297 3120 332 3178 de
353 3121 482 3197 antiquo
498 3118 646 3180 Ecclesiae
669 3120 836 3203 Disciplina
858 3122 891 3203 iu
907 3119 1018 3181 divinis
1034 3138 1083 3205 ce·¹

123 3202 278 3263 labrandio
301 3199 420 3283 Officiis.
438 3200 511 3278 Cap.
530 3200 671 3261 xxxiv
694 3220 778 3262 num.
792 3201 845 3269 263
870 3204 1021 3268 Menardi‚
1045 3203 1081 3261 iu

123 3282 214 3345 Notis
228 3283 269 3343 ad
284 3282 563 3345 sacramentarium
578 3284 609 3344 S.
631 3279 783 3359 Gregorii,
803 3300 868 3360 pag.
890 3282 974 3353 lSi.;
999 3283 1086 3361 Pagii·

123 3365 268 3430 iunioris,
293 3366 321 3422 in
343 3362 413 3423 Vita
435 3362 573 3441 Gregorii
596 3362 730 3423 nnm.'9.
754 3364 889 3425 Scorrrrda
912 3366 1011 3442 opinio
1032 3368 1080 3426 est

119 3442 286 3541 Carninalis
309 3444 452 3541 aaronis,
478 3446 505 3503 in
528 3448 608 3539 uotis
633 3445 674 3503 ud
695 3445 945 3527 Martyroiopiunr
968 3444 1081 3507 Romu·

119 3524 611 3686 marplmprsszpilvussomm’
620 3523 915 3678 dgc'ffilnlsnclileri'rrz,
926 3525 1079 3670 wilsati}
