2517 4059
567 218 628 281 ἢ
653 206 792 277 190&-

586 415 793 481 CAPUT'VI.

206 598 250 643 BE
264 597 365 642 FBSTO
392 596 543 641 bosono!
566 597 777 644 cessissemus:
792 594 932 638 virentis
954 594 1047 637 raaia
1061 592 1162 637 snm

480 680 701 724 Responsura
722 676 893 723 Passionis.

248 824 272 885 1.
297 824 365 884 lam
388 823 505 901 pridem
535 826 627 887 luisse
659 827 688 884 in
709 822 846 885 Ecclesia
875 822 1024 882 celebrem
1048 839 1163 881 memo·

209 909 285 967 riam
308 907 460 975 dolorum,
484 925 560 982 quos
582 907 675 968 Cruci·
695 908 812 967 adstans
834 902 928 982 Virgo
950 922 1094 979 perpessa
1108 909 1162 973 est,

208 992 250 1055 el,
275 989 329 1047 nisi
345 989 436 1047 etiam
453 989 598 1057 fallimur,
617 988 759 1063 peculiari
776 988 937 1047 festivitate
953 986 1077 1050 cultam,
1103 1002 1166 1045 me·

208 1071 266 1129 rito
287 1067 468 1144 conjicimus
484 1088 521 1130 er
545 1071 581 1129 iis
602 1071 781 1131 Sanctorum
804 1068 928 1128 Petrum
951 1069 1163 1132 sermonibus,
1247 1080 1248 1123 1

198 1152 258 1227 aui
281 1151 319 1209 de
341 1148 515 1228 Memmio,
529 1152 578 1213 vel
602 1153 639 1213 de
665 1152 870 1229 compassione
885 1147 1004 1210 Mariae
1020 1148 1163 1227 Virpinis,

207 1238 261 1292 aut
281 1231 339 1291 alio
360 1231 440 1290 silini
463 1233 551 1293 titulo
573 1234 789 1299 inscribuntur,
813 1233 985 1307 inquorum
1003 1247 1132 1290 numero
1145 1229 1166 1287 ii

208 1315 353 1379 eminent,
366 1331 452 1389 unos
468 1313 622 1375 Amadeus
643 1314 843 1375 lausanensis
863 1311 1037 1373 HomiliaV
1059 1309 1165 1372 inscii·
1248 1330 1249 1355 ι

209 1402 260 1472 pta
282 1394 321 1455 de
343 1395 454 1453 mentis
477 1396 610 1465 robore,
635 1416 687 1457 seu
711 1396 857 1474 Martyria
878 1394 1076 1453 Beatissimae
1099 1391 1167 1451 Vir-

208 1478 306 1554 ginis,
338 1482 370 1536 et
390 1475 421 1535 S.
445 1472 618 1537 Be'rnardus
640 1477 867 1539 Clarevallensis
890 1474 1035 1536 edidere:
1072 1491 1165 1549 neque
1249 1501 1250 1547 l

208 1562 288 1620 enim
311 1574 468 1619 sermones
482 1559 597 1619 habere
619 1560 656 1618 ad
677 1559 824 1638 populum
847 1564 1065 1617 consueverant
1088 1564 1166 1615 vele·
1249 1554 1250 1559 ’

208 1657 259 1700 res
281 1638 401 1707 Patres,
427 1640 483 1698 nisi
506 1641 534 1698 in
556 1640 663 1711 lestis,
688 1640 846 1715 inquibus
875 1638 978 1698 fideles
1004 1640 1038 1697 ad
1063 1636 1166 1696 lisele·

209 1723 284 1781 siam
307 1722 536 1783 conveniebant.
561 1722 593 1782 ld
611 1723 709 1799 ipsum
725 1722 856 1780 indicare
874 1722 990 1781 videtur
1015 1737 1101 1779 sacra
1119 1718 1165 1778 illa
1250 1764 1251 1784 ,

209 1802 382 1871 Cantilena,
404 1821 495 1879 quam
522 1800 626 1863 Stabat
649 1802 766 1873 Mater,
791 1821 806 1861 a
831 1804 931 1863 verbis
952 1820 968 1861 a
990 1803 1101 1878 quibus
1124 1818 1165 1860 sn·

212 1887 268 1945 mii
289 1886 460 1951 exordium,
484 1885 627 1962 appellari
652 1886 751 1945 solet:
775 1902 844 1943 cum
869 1886 948 1944 enim
972 1884 1044 1943 illud
1067 1897 1168 1942 sacra·

211 1984 281 2025 rum
303 1968 519 2028 cantilenarum
535 1985 640 2044 genus,
665 1960 740 2043 qu'as
763 1968 895 2026 nonnulli
913 1964 1022 2025 Prosae
1038 1966 1165 2045 Sequen-

212 2049 272 2107 iios
293 2049 344 2107 alii
367 2048 568 2125 appellarunt,
592 2050 670 2108 inira
693 2047 816 2116 Missae,
842 2055 894 2108 ant
915 2052 997 2107 certe
1019 2048 1049 2106 in
1074 2045 1165 2106 sacris

210 2131 406 2189 conventibus
434 2132 500 2188 sani
522 2130 733 2192 consueverint
759 2128 846 2189 lacile
873 2129 1062 2205 assequimur
1091 2129 1167 2187 banc

211 2212 306 2288 ipsam
329 2228 450 2287 quoque
470 2212 651 2272 cantilenam
674 2211 704 2270 in
727 2210 852 2271 solemni
876 2212 988 2276 Missa,
1013 2214 1065 2269 aut
1086 2214 1166 2269 certe

209 2293 239 2351 in
255 2309 341 2350 sacro
363 2297 514 2353 conventu
537 2288 629 2353 luisse
649 2296 812 2375 cantatam.
836 2292 908 2354 Carti
932 2310 1020 2368 porro
1043 2292 1166 2351 minime

211 2380 429 2434 consueverant
449 2373 630 2450 Sequemiae
650 2374 816 2455 isiae„seu
837 2373 966 2442 Prosae,
992 2374 1045 2432 nisi
1069 2374 1098 2431 in
1122 2386 1166 2431 so-

209 2456 406 2516 lemnioribus
428 2456 653 2517 testivitatibus.·
673 2454 820 2515 Solemnis
842 2456 942 2532 itaque
958 2455 1025 2533 jam
1049 2454 1167 2529 pridem

210 2537 272 2599 fuit
292 2536 438 2598 lestiritas
449 2538 583 2598 instituta
599 2538 636 2596 ad
653 2538 828 2597 recolendos
839 2537 969 2605 dolores,
982 2554 1058 2613 quos
1074 2534 1166 2609 Virgo

210 2616 301 2678 Cruci
334 2618 454 2680 adstans
476 2636 618 2696 perpessa
641 2625 698 2679 est.
732 2616 874 2679 Ceterum
898 2620 934 2678 ad
957 2618 1166 2695 antiquitatem

210 2696 340 2775 hujusce
356 2699 526 2760 festivitatis
540 2700 727 2760 statuendam
745 2699 926 2779 conjecturis
942 2698 1036 2759 fidere
1049 2716 1107 2757 non
1123 2702 1168 2757 est

212 2798 347 2841 necesse.
371 2779 444 2860 Ejus
466 2782 613 2842 institutio
637 2781 792 2841 reserenda
816 2782 852 2839 ad
877 2780 1091 2857 provincialem
1114 2778 1167 2856 Sy·

212 2862 323 2923 nodum
346 2863 524 2925 Theoderici
545 2861 730 2923 Coloniensis
759 2860 898 2939 Episcopi
921 2880 998 2921 anno
1015 2861 1095 2923 11413
1115 2862 1167 2919 ba·

163 2948 166 2951 ’
213 2944 334 3006 bitem.
362 2946 389 3003 in
412 2963 472 3021 quo
493 2943 626 3006 Concilio
659 2944 695 3004 ad
718 2942 913 3005 Hussitarum
936 2941 1165 3005 Haeretieorum

216 3026 475 3103 comprimendam
498 3028 669 3095 audaciam,
693 3028 742 3102 qui
765 3024 970 3085 Sanctissimae
992 3024 1062 3085 lesn
1085 3023 1166 3086 Chri·

214 3109 251 3168 sti
273 3113 304 3168 el
339 3107 372 3166 B.
397 3109 531 3185 Virginis
551 3107 656 3167 dolore
679 3108 832 3167 coniossae
856 3107 1000 3183 imagines
1026 3108 1167 3181 sacrilego

215 3188 319 3249 lurore
341 3187 511 3257 foedabant,
534 3190 730 3249 constitutum
752 3194 819 3248 est:
846 3198 879 3248 nl
894 3184 1010 3247 Festum
1036 3190 1167 3251 Comme-

215 3270 562 3348 morationispreesotae
577 3272 733 3347 repastina
745 3278 772 3329 et
791 3270 907 3330 Dnloris
921 3268 1084 3331 B.Mnriae
1102 3267 1168 3329 Vir·

215 3352 295 3429 pinis
308 3350 443 3432 deinceps
454 3350 582 3429 sinpnlis
596 3350 689 3411 annis
703 3348 795 3411 Faria
807 3358 892 3411 saeta
901 3360 967 3431 post
978 3350 1167 3412 Dominicem

216 3433 344 3494 lebilole
425 3432 593 3493 solemniter
607 3432 793 3492 celebretur:
815 3437 850 3494 ut
871 3440 916 3492 est
938 3434 967 3491 in
990 3431 1167 3493 Collectione

216 3514 419 3575 Consiliorum
443 3515 613 3575 Labbeana.
638 3512 673 3572 T.
694 3512 731 3571 12
752 3530 820 3591 pag.
840 3512 911 3573 365.
935 3513 1075 3574 Ollicium
1098 3510 1168 3574 reci·

217 3601 298 3654 tatur
321 3596 348 3655 in
372 3603 433 3656 tota
455 3598 566 3657 ditione
588 3592 800 3655 Ecclesiastica
828 3613 864 3655 ex
887 3592 1019 3657 Decreta
1041 3590 1163 3656 Benedi-
