2517 4059
526 205 751 277 *232*

159 350 232 393 suoo
252 333 400 401 uirtutis,
433 342 523 409 utque
545 332 717 394 clementiae
739 336 826 412 sipno
847 330 1087 412 mariisoatisaimo
1106 376 1127 403 φ

60 452 66 461 -
159 432 208 473 ma
229 414 323 473 subito
342 415 454 472 lorror
474 414 608 481 incasit,
643 426 669 475 el
689 415 768 476 cisoa
790 434 855 475 sum
889 417 996 477 audire
1016 436 1129 477 vocam-

159 496 286 557 Domini
300 497 446 573 lopoeulia
461 495 502 553 ud
516 493 633 556 Mosen.-
646 494 714 556 Non
729 500 947 577 appropinques
961 500 1028 563 luno,
1040 500 1124 557 soloe

160 578 363 637 odoramento
384 587 438 636 luo
460 576 496 634 dc
513 576 644 655 peditus
661 577 746 646 lais;
768 580 849 639 loeus
872 582 973 650 euim,
1001 582 1035 640 in
1055 597 1128 657 quo
1227 633 1231 640 .

159 669 232 726 sius,
256 667 340 717 terra
357 667 462 718 samo
485 668 536 717 est.

514 819 641 881 CAPUT
665 820 752 880 XVI.

348 999 391 1041 ult
412 998 510 1042 FESTO
531 1000 784 1045 arrectariorum
805 1002 936 1045 PARTUS.

198 1144 224 1204 1.
243 1144 276 1204 ln
291 1141 507 1218 Hispaniarum
523 1143 666 1204 Ecclesiis
681 1164 718 1209 ex
734 1144 865 1207 Derceto
879 1146 1003 1209 Concilii
1018 1146 1128 1206 ¹Tole--

158 1226 220 1286 tani
236 1225 294 1286 Vll
315 1223 437 1284 Festum
452 1226 701 1287 Annuuoiatiouis
723 1245 780 1286 non
803 1227 844 1289 25
866 1229 976 1297 Martii,
1000 1229 1049 1289 sed
1075 1227 1127 1288 18-

158 1306 335 1366 Decembris
357 1307 405 1365 dio
416 1307 564 1365 celebrari
578 1310 750 1377 censuerim
774 1309 992 1388 cujusDecreti
1016 1328 1049 1369 ea
1067 1328 1120 1369 ra·

157 1388 200 1449 tio
221 1388 303 1455 luit,
327 1388 406 1463 quod
420 1388 462 1447 25
484 1387 583 1447 Martii
606 1391 669 1449 dies
692 1390 871 1467 plerumque
893 1393 928 1450 in'
943 1392 1121 1468 Quadrupe-

159 1471 281 1538 simam,
306 1468 352 1528 vel
370 1471 398 1527 iu
413 1466 567 1529 Pascbalia
583 1472 728 1531 solemnia
747 1474 900 1540 incideret,
917 1492 986 1534 cum
1003 1473 1119 1533 nullam

159 1550 340 1611 Sanctorum
363 1551 568 1612 celebritatem
586 1570 729 1631 peragere
745 1555 862 1616 licebat.
888 1555 944 1615 Sed
961 1554 1125 1615 Romanae

158 1630 315 1693 Ecclesiae
337 1638 476 1693 constans
491 1640 522 1693 et
544 1641 687 1711 perpetua
711 1635 767 1696 luit
788 1636 972 1697 consuetudo
996 1636 1119 1696 diluun-

159 1715 315 1775 tiationem
340 1714 535 1776 Beatissimae
557 1716 689 1794 Virginis
711 1717 883 1777 celebrandi
906 1718 953 1778 die
970 1717 1117 1795 vigesima

158 1798 265 1870 qrrinta
287 1794 410 1855 Martii:
445 1814 525 1857 nune
546 1814 619 1858 vero
642 1798 713 1857 illud
736 1797 864 1875 adjicere
888 1799 948 1860 huc
970 1803 1087 1875 oportet
1106 1842 1121 1867 ,

156 1875 322 1953 Hispaniae
335 1875 481 1937 Ecclesiae
504 1880 700 1955 temporibus,
725 1897 805 1955 quae
827 1888 1012 1957 consequuta·
1030 1885 1118 1945 suut»

155 1959 194 2019 ad
210 1958 365 2019 Romanae
387 1977 501 2019 morem
525 1959 677 2021 Ecclesiae
699 1979 731 2020 se
755 1960 968 2031 conformasse,
992 1968 1022 2021 et
1043 1978 1117 2021 eam

155 2041 353 2101 festivitatem
377 2040 425 2099 die
447 2042 592 2117 vigesima
613 2044 717 2119 quinta
740 2041 840 2103 Martii
863 2045 998 2117 coepisse
1026 2060 1123 2119 pera-

158 2140 256 2199 gere3
280 2121 440 2180 substituta
464 2123 494 2180 in
515 2122 581 2199 ejus
603 2123 702 2184 locum
726 2124 784 2183 bac
807 2124 979 2186 celebritate
1002 2125 1039 2183 de
1056 2123 1117 2183 Ex·

156 2203 328 2279 peclatioue
350 2201 457 2261 Partus
480 2205 517 2262 ad
532 2206 610 2265 diem
626 2203 665 2263 18
679 2204 866 2275 Decembris,
891 2224 981 2281 quiam
1005 2224 1021 2265 a
1037 2202 1117 2266 Gre-

155 2286 240 2362 gorio
262 2282 343 2345 xlll
365 2286 560 2358 approbatam
582 2304 671 2355 esse,
695 2304 733 2345 ex
760 2288 867 2347 litteris
894 2285 961 2364 ejus
983 2288 1121 2363 aposto·-

157 2367 222 2426 licis
245 2365 313 2424 anni
337 2364 417 2424 1573
438 2374 564 2426 consur.
588 2367 674 2427 llaec
696 2367 875 2429 Solemnitas
907 2371 936 2427 in
965 2366 1118 2445 Hispania

155 2445 316 2508 Festirilas
339 2446 507 2525 appellatur
522 2448 556 2508 B.
574 2447 690 2509 Mariae
706 2451 742 2509 de
757 2448 794 2514 Ο,
812 2453 887 2509 teste
903 2450 1009 2511 Geraia
1028 2450 1115 2509 Loai-

156 2548 189 2589 sa
212 2530 241 2588 in
264 2528 349 2588 Notis
371 2528 407 2585 ad
430 2528 608 2590 Toletanum
633 2530 743 2591 sacorrli
761 2530 822 2593 -Vll
845 2529 1009 2593 Concilium
1032 2530 1067 2589 T.
1091 2535 1118 2591 6

139 2609 349 2694 .Collectionis
371 2608 562 2671 Labbeanae.
585 2612 682 2691 Cujus
705 2613 831 2672 nominis
857 2614 939 2689 origo
961 2614 1050 2672 ducta
1073 2613 1119 2672 ab

156 2692 339 2768 antiphonis,
371 2708 448 2767 quaa
476 2710 531 2768 per
552 2694 731 2753 adverbium
754 2694 781 2754 Ο
800 2695 956 2769 incipiunt,
980 2711 1112 2770 quarum

155 2774 253 2848 prime
282 2774 390 2831 dicitur
422 2774 450 2832 io
479 2772 621 2849 Vesperis
647 2773 774 2851 Vigiliae
796 2774 889 2853 hujus
910 2772 1003 2833 Festi.
1027 2775 1118 2835 Cele-

154 2854 319 2915 berrimam
350 2854 462 2915 babent
495 2857 598 2914 multis
621 2857 741 2929 uiridem
775 2857 813 2915 de
840 2858 936 2917 causis
958 2853 1113 2916 Fastidita·

157 2941 231 2996 tem-
242 2936 319 2996 bano
335 2934 473 3013 Hispani,
497 2939 548 2996 sed
565 2955 603 2997 es
617 2954 653 2995 eo
669 2939 856 3011 praesertim,
880 2938 949 3013 qrria
973 2938 1029 2995 bac
1046 2937 1114 3014 ipsa

155 3018 203 3078 die
226 3018 370 3086 doumum
393 3017 485 3079 luisse
506 3018 594 3097 ajunt
615 3018 824 3077 carrdidissima
848 3027 930 3079 veste
952 3018 1114 3095 aDeipara

156 3100 220 3174 ipsa
244 3099 470 3175 lldepbonsum.
495 3099 571 3160 Vide
584 3099 773 3159 breviarium
790 3100 979 3169 Toletauum‚
1003 3105 1034 3159 et
1056 3099 1112 3159 Po-

156 3180 244 3241 litum
268 3180 302 3239 dc
319 3178 463 3239 motiano
486 3177 642 3242 Toletanoe
661 3178 770 3264 Officiis
791 3182 979 3243 ordinandis.
1005 3179 1113 3259 Hispa·

154 3263 273 3323 uiarum
296 3260 446 3321 Ecclesiae
468 3263 611 3337 pietatem
636 3264 750 3337 imitata
773 3269 818 3323 est
848 3264 988 3340 deinceps
1011 3261 1111 3324 Vene-

154 3350 255 3404 torum
277 3342 482 3420 Respublica:
506 3345 642 3421 poposcit
664 3344 761 3413 enim,
787 3350 875 3422 atque
899 3346 1072 3421 impetravit
1092 3362 1114 3405 a

154 3441 239 3486 sacra
260 3424 387 3485 ilituum
411 3422 671 3501 Congregatione,
696 3432 729 3486 ut
750 3425 862 3486 Civitas
883 3428 945 3503 ipsa
968 3424 1125 3487 Venetia·-

152 3524 247 3576 rum,
271 3512 302 3566 et
323 3504 498 3566 Provinciae
521 3508 680 3567 universae
703 3506 889 3568 Venetorum
919 3506 1021 3566 ditioni
1043 3508 1117 3567 aub-

151 3586 250 3665 jeclae
273 3586 517 3665 Expectmmaem
540 3589 670 3666 cirpioei
686 3598 796 3666 partus
830 3589 974 3666 peculiari
997 3588 1117 3650 festivi·-
