2517 4059
593 190 654 251 a&
674 180 715 241 'ii
734 188 795 251 αι·

219 312 408 373 vinciendum
431 311 554 377 obtutu,
577 317 608 371 ot
629 308 752 371 Petrum
775 311 811 371 ad
834 310 881 369 sui
902 310 1109 372 detonsionem
1136 308 1193 367 di-

219 396 324 455 stricto
340 393 437 471 giedio
452 392 656 453 decertantem
671 393 818 454 cohibuit.
837 390 951 451 Verum
968 392 1190 453 foedissimum

219 481 251 538 et
272 492 396 553 prorsus
418 474 617 535 abominabiie
640 476 748 542 scetus,
772 479 875 533 contra
898 473 976 549 quod
999 474 1126 534 coetum
1153 479 1193 533 et

220 564 301 619 terra
323 556 352 615 in
375 564 529 617 aeternum
557 554 748 622 clamabunt.
777 555 920 616 tradendo
942 551 1098 615 Christum
1119 554 1205 619 ad:

221 638 336 697 misisse
360 635 485 707 iudam,
515 644 599 696 certo
619 639 733 697 certius
749 642 810 711 est.
834 633 930 697 Causa
956 637 1067 711 igitur,
1097 653 1190 711 quae

221 720 315 779 morit
336 716 441 777 iudam
465 719 501 777 ad
525 719 592 779 lesu
615 715 726 779 Christi
752 718 953 779 vesuntionem
981 718 1037 775 tuit
1064 718 1192 780 inordi-

199 792 288 859 'nata
311 802 455 877 pecuniae
478 800 624 877 cupiditas
646 817 700 859 seu
721 800 856 867 avaritia,
879 806 911 857 et
932 798 1007 866 baec
1030 798 1089 857 init
1111 797 1191 875 ejus

221 888 389 958 psecmum.
412 882 533 943 Constat
555 882 612 941 boc
634 898 673 941 ex
706 880 887 957 Euangelus.
910 877 975 939 Non
997 880 1188 962 quaesitus.

221 962 272 1023 sed
295 967 400 1037 sponte
422 966 523 1022 insana
546 962 692 1039 pecuniae
715 963 877 1037 cupiditate
897 962 1041 1037 abreptus
1069 979 1104 1021 se
1129 960 1191 1021 ob-

222 1044 292 1104 tulit
306 1043 440 1120 Magistri
457 1044 501 1103 sni
518 1044 715 1121 proditorem..
732 1044 811 1103 iiiuc
828 1042 932 1103 iudam
948 1044 1096 1125 avapitiee
1111 1060 1190 1105 om-

222 1142 274 1183 nes
299 1132 443 1185 accusant
464 1124 576 1195 Patres,
601 1124 816 1185 Paenitentiam
839 1124 931 1185 iudae
946 1124 1038 1184 tuisse
1064 1123 1190 1200 absque

223 1206 284 1263 utta
297 1205 437 1273 utilitate,
451 1207 519 1285 quia
534 1207 617 1268 ilium
630 1206 715 1266 duxit
726 1206 762 1265 ad
776 1206 930 1281 taqueum.
944 1222 1002 1266 uon
1013 1204 1050 1265 ad
1065 1204 1186 1273 Deum.

221 1284 293 1345 dicit
317 1284 347 1344 S.
364 1284 596 1366 Cbrysostornus
617 1284 750 1347 Homitin
765 1286 807 1347 85
830 1287 864 1346 in
878 1284 1084 1354 Morinorum
1111 1287 1188 1347 ideo

220 1372 321 1429 nutem
338 1369 407 1443 quia
434 1370 470 1427 de
486 1368 667 1447 induigentia
688 1368 874 1444 desperavit3
898 1368 976 1427 undo
987 1365 1018 1425 S.
1037 1366 1189 1443 Augusti·

222 1464 277 1510 nus
307 1448 448 1509 Sermone
463 1448 504 1509 52
517 1448 639 1516 Iudam,
671 1450 776 1525 inquit,
807 1449 996 1511 traditorem.
1023 1466 1087 1507 non
1114 1460 1188 1511 tarn

220 1530 323 1591 scetus.
342 1529 419 1605 quod
435 1530 594 1596 commisit,
611 1548 703 1608 poam
722 1529 929 1608 indutpentine
952 1529 1122 1607 desperatio
1138 1531 1189 1608 [e-

222 1607 264 1667 sit
277 1610 394 1687 penitus
409 1611 546 1670 interire.
570 1612 721 1672 Arborem
737 1612 830 1678 iiiam,
854 1612 883 1670 in
898 1628 956 1685 que
974 1610 1063 1669 iudas
1083 1629 1119 1672 se
1135 1630 1189 1673 su·

221 1691 338 1765 spondit
363 1689 453 1751 inisse
479 1691 591 1759 ficum,
615 1690 765 1753 iuvencus
791 1690 882 1754 Poeta
907 1692 1036 1751 cecinit:

304 1814 494 1895 Euersaspue
515 1834 585 1876 suus
607 1818 711 1893 laqueo
732 1817 789 1877 sibi
802 1833 926 1876 numere
945 1832 1056 1893 posnan

303 1896 468 1975 Informem
485 1900 593 1977 rapuit
614 1896 686 1977 fieus
708 1896 743 1956 de
766 1900 875 1958 vertice
898 1908 1030 1957 nrortem.
1055 1914 1059 1921 ·

222 2020 302 2082 Beda
317 2026 407 2084 etiam
435 2022 470 2082 de
485 2022 566 2083 Locis
580 2024 699 2089 Sanctis
713 2020 785 2103 Cap.
804 2021 824 2084 is
845 2024 984 2085 eamdem
999 2023 1187 2084 sententiam

222 2108 330 2163 tenet·

262 2182 318 2244 xl.
336 2184 510 2245 Convicturn
536 2190 567 2245 et
579 2186 833 2262 comprehensum
849 2183 949 2247 iesum
971 2184 1189 2262 perduxerunt

222 2266 355 2340 primum
380 2267 578 2335 addonem,
602 2285 656 2327 seu
680 2266 841 2325 Annanum
866 2266 1013 2327 Socerum
1033 2263 1186 2341 Caiphae.

221 2345 329 2405 deiude
343 2347 379 2406 ad
395 2347 539 2423 Caipbam
556 2348 654 2425 ipsum
665 2347 738 2425 ,ejus
751 2349 819 2408 anni
836 2346 1021 2408 Pontificem.
1045 2346 1077 2405 S.
1095 2346 1188 2407 loan-

221 2444 276 2486 nes
299 2426 532 2506 Cbrysostomus
558 2429 586 2487 in
612 2428 755 2489 ioannem
780 2426 913 2489 Humilia
934 2428 1071 2504 82pag.
1100 2426 1186 2488 tut:

226 2506 330 2583 Quare
355 2509 396 2567 ad
421 2506 567 2569 Annam?
597 2507 633 2571 tu
659 2529 721 2570 rem
747 2518 940 2574 ostentarent.
972 2520 998 2567 et
1023 2519 1189 2587 tamquam

209 2584 406 2665 ¹triumphurn
436 2590 585 2651 ducerent.
612 2588 671 2650 ilic
700 2590 801 2651 lesum
833 2598 988 2665 tamquam
1019 2596 1186 2652 nocentem

222 2668 370 2745 alionum,
388 2679 419 2732 et
433 2671 579 2731 nefarium
595 2673 784 2749 impiumque
800 2673 953 2732 bominem
969 2672 1184 2748 interrogavit.

220 2752 390 2829 subornatis
406 2753 531 2813 testibus
546 2770 616 2813 cum
633 2754 856 2820 accusantibus,
884 2754 995 2812 statiis
1010 2754 1093 2811 omni
1109 2770 1189 2813 con·

221 2834 417 2897 tumeiiarum
435 2852 544 2912 genere
559 2840 620 2895 tota
634 2842 721 2895 nocte
732 2837 850 2912 reliqua
862 2833 1070 2893 efficientibus.
1089 2831 1188 2895 Prac-

223 2918 305 2975 terea
321 2935 390 2977 cunr
406 2916 594 2985 Sacerdotes,
622 2915 762 2976 Seniores
777 2916 888 2993 popuii,
915 2922 947 2977 et
960 2913 1085 2975 Scribas
1107 2932 1186 2981 oum

220 2994 261 3059 sad
283 3004 410 3058 mortem
436 2999 508 3057 dare
534 2997 637 3056 habito
661 2997 786 3056 consitio
812 2996 1033 3063 decrevissent·
1050 2997 1187 3058 vinculis

223 3078 419 3147 ,constrictum
443 3080 471 3137 in
487 3076 674 3138 Praetorium
690 3078 727 3137 ad
744 3076 884 3141 Pitaium,
911 3082 1012 3153 postea
1028 3075 1117 3153 jussu
1134 3076 1188 3139 Pi-

223 3159 275 3221 iati
300 3160 336 3220 ad
364 3160 529 3224 Herodem.
557 3158 727 3218 rursus·ab
747 3156 871 3217 Herode
895 3158 932 3218 ad
956 3151 1098 3223 Pdatunn
1120 3162 1192 3236 ,qni

220 3238 346 3302 Praeses
368 3240 520 3300 Romanus
543 3238 685 3299 iudaeam
708 3240 893 3317 provinciam
922 3238 1158 3304 administrabat
1171 3283 1182 3312 .

219 3324 435 3399 perduxerunt.
453 3320 541 3397 Apud
559 3318 688 3379 Pilatum
704 3320 830 3398 triplicis
844 3320 978 3381 criminis
994 3338 1064 3381 reus
1080 3322 1184 3384 iactus

221 3409 279 3469 est,
304 3410 366 3463 tum
390 3402 469 3477 quod
486 3400 748 3461 diversadoctrina
770 3404 913 3478 poputum
935 3402 965 3459 in
988 3419 1113 3461 errores
1137 3405 1185 3462 in-

223 3483 358 3550 duceret,
383 3492 447 3543 tum
461 3484 539 3558 quod
555 3482 699 3541 Romanis
721 3482 832 3542 tributa
847 3485 964 3543 solvere
986 3482 1181 3557 prohiberet.

224 3568 287 3626 tum
311 3565 432 3633 demum
448 3566 527 3640 quod
551 3580 678 3640 regnum
691 3563 858 3649 affectaret.
881 3562 951 3624 Post
972 3561 1048 3623 baec
1065 3562 1184 3627 Pilatus
