2517 4059
536 156 596 217 ep
619 98 762 213 sones·

169 271 338 335 oblaturus,
356 278 419 333 tum
445 278 477 333 ut
498 290 582 334 mens
604 273 671 352 ejus
693 274 730 332 ad
746 272 844 333 Deum
866 274 1012 351 erigatur,
1035 280 1066 337 et
1087 276 1130 335 ad

168 370 204 415 ea
226 352 368 419 attendat,
392 371 470 430 quae
492 372 544 415 ore
568 356 766 431 pronunciat3
790 356 869 430 quod
891 363 972 415 certe
995 356 1124 417 Divinae

169 432 395 495 Misericordiae
417 437 527 497 donum
550 442 608 505 est,
634 442 696 495 tum
720 440 753 495 ut
773 436 879 514 dignus
900 439 959 503 sit,
982 438 1133 513 quicum

169 515 234 577 Deo
256 518 417 590 loquatur,
438 521 502 577 tum
525 523 559 579 ut
580 518 604 577 si
627 517 726 577 taedio
747 517 848 593 aliquo
869 518 1023 594 corporali
1039 537 1132 595 prae·

171 602 312 672 gravatus
333 599 455 674 spiritus
476 600 540 658 sine
562 604 663 657 mente
685 600 828 668 oraverit,
844 598 992 659 Dominus
1015 619 1071 659 non
1093 602 1130 659 in

171 677 276 739 lurore
299 695 353 737 suo
374 678 458 739 illum
482 686 599 755 arguat,
624 697 679 739 nec
701 682 730 738 in
754 680 798 738 ira
821 698 873 741 sua
894 680 1048 755 corripiat,
1073 682 1129 741 sed

171 760 379 821 misericordia
400 778 454 820 sua
478 761 642 829 condonet,
665 765 730 820 tum
752 761 881 835 denique
903 769 937 822 ut
958 763 1063 837 quavis
1083 769 1130 823 at·

170 844 313 907 tentione,
331 845 364 900 et
379 843 488 917 pietate
511 860 627 903 sacram
652 843 801 901 actionem
826 849 957 921 peragat,
977 842 1050 901 nihil
1069 844 1137 903 sibi·

170 924 208 985 de
230 923 358 1000 propriis
382 924 498 984 meritis
521 924 702 988 blandiatur,
723 925 778 987 sed
793 940 914 983 servum
937 924 1072 983 inutilem
1093 943 1130 985 se

171 1004 350 1082 profiteatur
372 1006 537 1066 secundum
566 1004 663 1064 illud:
688 1004 808 1075 Dicite,
836 1006 915 1065 serni
934 1005 1056 1065 inutiles
1076 1024 1131 1065 su-

169 1106 247 1158 mus,
265 1093 295 1145 et
310 1083 376 1161 ojus
390 1086 532 1162 imploret
552 1086 803 1153 misericordiam,
821 1104 880 1161 qua
895 1094 1044 1162 expugnet
1065 1086 1132 1147 ina·

170 1186 238 1229 nem
263 1168 401 1243 gloriam,
426 1167 462 1227 de
478 1185 539 1244 quo
562 1169 605 1227 ait
618 1165 793 1227 Psalmista:
822 1165 883 1242 Qui
903 1176 1024 1227 coronat
1045 1179 1072 1228 te
1091 1169 1131 1226 irs

171 1245 393 1316 misericordia,
418 1256 446 1306 et
467 1249 718 1310 miserationibus.
742 1250 829 1309 quta
851 1250 1059 1315 Amalarium,
1083 1250 1131 1307 di-

171 1336 218 1390 cta
234 1328 365 1405 precatio
381 1330 409 1388 in
426 1329 516 1389 Missa
532 1333 588 1391 rite
603 1327 669 1389 fieri
685 1334 754 1389 ante
776 1331 865 1390 aliam
880 1328 1040 1409 specialem
1056 1328 1130 1390 Ora·

171 1413 282 1472 tionem
306 1410 496 1478 Sacerdotis,
519 1430 579 1488 qua
603 1429 725 1472 necesse
746 1418 808 1482 est,
833 1419 867 1472 ut
889 1411 1050 1489 praecedat
1070 1411 1131 1470 Mi·

171 1492 333 1554 sericordia
354 1490 496 1561 Domini,
521 1502 579 1569 qua
612 1500 768 1554 serenetur
791 1510 876 1552 mens
897 1493 1068 1554 Sacerdotis
1089 1493 1128 1552 ad

111 1572 114 1579 ⁴
172 1573 364 1651 intelligenda
386 1591 434 1645 ca,
452 1592 528 1650 quae
551 1591 603 1634 ore
619 1575 702 1642 dicit,
719 1579 750 1633 et
765 1574 802 1632 ad
818 1573 888 1642 boc,
913 1582 946 1635 ut
959 1577 998 1634 sit
1018 1574 1129 1650 dignus

170 1654 267 1717 Deum
292 1655 414 1731 alloqui,
432 1655 625 1715 Ambrosiam
649 1674 707 1715 non
722 1655 825 1714 dicunt
842 1655 971 1724 Christe,
994 1656 1049 1715 sed
1064 1661 1129 1717 tan-

170 1744 235 1799 tum
251 1734 346 1815 Kyrie
369 1737 475 1796 eleison
498 1754 589 1813 quam
611 1754 715 1796 vocem
732 1736 827 1795 tribus
842 1738 959 1796 vicibus
980 1743 1129 1812 usurpant

171 1819 201 1877 in
222 1817 338 1887 Missa;
363 1823 409 1879 ter
432 1818 548 1878 scilicet
569 1823 637 1895 post
655 1814 764 1878 Gloria
783 1818 818 1876 in
840 1817 976 1879 emetiris,
1000 1824 1047 1878 ter
1063 1824 1132 1895 post

170 1897 378 1977 Evangelium,
401 1903 434 1959 et
456 1903 502 1959 ter
526 1899 554 1959 in
577 1898 638 1959 fine
659 1897 781 1959 Missae.
805 1898 886 1959 Olim
907 1898 1044 1974 quidem,
1068 1916 1127 1958 non

168 1980 269 2043 luerat
293 1979 467 2060 praefinitus
488 1978 586 2059 Kyrie
609 1981 716 2041 eleismr
736 1980 855 2041 dicendi
883 1997 1051 2047 numerus,
1074 1979 1131 2039 sed

171 2062 298 2122 testibus
320 2062 468 2127 Martene,
493 2067 525 2121 et
547 2061 745 2131 Mabillonio,
768 2061 856 2123 toties
877 2061 935 2121 dici
957 2060 1128 2128 consuevit,

173 2144 293 2220 quoties
315 2142 468 2204 Sacerdoti
492 2144 648 2215 libuisset3
672 2144 743 2219 quin
766 2143 857 2203 etiam
872 2144 959 2223 juxta
974 2141 1135 2204 Bellarmi-

172 2242 257 2291 num,
275 2224 400 2292 Bonam,
418 2224 639 2294 Mabillonium,
656 2231 688 2285 et
702 2224 775 2285 alios
797 2226 991 2285 omittebatur
1012 2226 1042 2283 in
1057 2223 1136 2282 blis-

171 2306 224 2373 sis,
248 2323 326 2381 quae
347 2305 480 2367 Litanias
501 2306 884 2384 subsequebanturridque
906 2306 1058 2383 prioribus
1071 2300 1135 2363 Ec-

173 2385 282 2448 clesiae
305 2386 438 2449 Saeculis
460 2388 637 2463 saepissime
659 2388 794 2463 contigit.

73 2497 75 2503 ·
185 2466 267 2527 Ν.
294 2468 365 2531 Post
382 2468 477 2547 Kyrie
500 2469 617 2535 dcirco,
639 2469 775 2543 sequitur
804 2468 936 2543 hymnus
959 2464 1063 2528 Gloria
1094 2467 1139 2525 ire·
1219 2472 1226 2481 ‘

172 2552 297 2611 eccelsia
319 2552 404 2619 Deo,
428 2550 452 2609 si
474 2548 619 2611 dicendus
640 2551 699 2618 sit,
729 2548 859 2623 alioquin
886 2547 1053 2624 praemissa
1074 2562 1133 2623 po·

171 2630 235 2708 puli
258 2633 435 2694 salutatione
451 2631 598 2691 Dominus
618 2631 779 2699 nobiscum,
803 2629 910 2689 dicitur
925 2627 1042 2697 Oratio,
1065 2628 1136 2689 sive⁴

171 2708 320 2782 Collecta,
344 2714 395 2774 scd
418 2712 490 2774 olim
513 2712 640 2779 diebus,
663 2710 772 2787 quibus
792 2710 940 2773 omittitur
964 2706 1074 2773 Gloria
1093 2710 1139 2770 in„

173 2794 309 2865 eccelsia,
326 2794 498 2857 immediate
514 2799 582 2871 post
590 2791 697 2871 Kyrie,
715 2789 843 2867 prolixas
857 2805 1032 2868 preces·pro
1046 2790 1130 2850 omni

172 2878 252 2936 statu
275 2876 433 2938 hominum
456 2875 577 2938 recitari
599 2873 814 2942 consuevisse,
844 2872 879 2930 iis
901 2871 1134 2949 prorsussimi-

171 2955 228 3025 les,
252 2976 328 3034 quas
349 2957 504 3025 ironicos,
526 2958 590 3017 sive
611 2955 794 3016 maronem
815 2950 922 3014 Graeci
943 2958 1073 3023 vocent,
1096 2959 1138 3014 et·

170 3038 255 3099 initio
270 3038 423 3115 Liturgiaa
439 3035 572 3097 Diacono
595 3037 796 3114 praecinente,
812 3035 906 3095 clroro
928 3034 1132 3113 respondente

171 3118 342 3180 decantant.
359 3118 528 3180 Permansit
549 3118 691 3179 hiericus
711 3117 742 3177 in
756 3114 888 3179 Ecclesia
904 3114 1009 3176 Latina
1030 3133 1130 3192 usque

173 3200 211 3260 ad
234 3201 394 3263 Saeculum
418 3200 485 3268 IX,
515 3208 549 3261 ut
570 3200 711 3261 observet
732 3196 812 3259 Goar
839 3200 868 3258 in
889 3196 974 3257 Notis
994 3196 1032 3256 ad
1054 3198 1130 3258 Mis·
1203 3202 1206 3207 '

171 3298 235 3342 sam
252 3282 459 3361 chrysostomi
482 3299 565 3341 num.
584 3278 636 3349 62,
658 3287 689 3341 et
704 3296 781 3341 nunc
802 3280 895 3340 etiam
916 3284 1076 3355 permanet
1097 3278 1129 3338 in

170 3361 304 3424 Ecclesia
341 3363 556 3423 Mediolanensi
591 3362 695 3424 diebus
729 3359 893 3422 Dominicis
927 3358 1129 3437 Quadragesi·

170 3460 250 3505 mae.
267 3443 350 3505 Sicut
371 3445 452 3505 eninr
475 3446 584 3505 veteris
599 3442 752 3509 Ecclesiae
764 3458 839 3502 ‚mos
858 3440 916 3501 luit
937 3438 1128 3502 utOIlicium

170 3541 240 3586 cunr
263 3523 355 3587 Missa
377 3525 561 3595 conveniret,
577 3542 612 3585 ac
626 3529 786 3604 propterea
808 3522 916 3601 quibus
929 3520 1036 3583 diebus
1057 3538 1131 3599 pre·
