2517 4059
602 169 808 243 *5⁵8st-

228 299 367 360 Enisamo
388 297 529 359 Cirrisma
552 298 671 365 confici,
694 298 803 359 docent
823 299 934 375 passim
949 298 1063 373 antiqui
1078 296 1186 357 Sacra·

229 386 400 442 mentorum
422 380 571 451 Codices,
606 382 695 458 prisci
722 381 805 440 Libri
825 377 1013 441 Pontificaies
1048 386 1079 439 et
1111 379 1187 437 scri·

228 469 330 541 plores
356 461 570 521 Ecclesiastici.
595 463 703 523 Graeci
726 480 814 523 suum
830 462 996 532 Chrisme,
1020 459 1187 521 conficiunt

229 562 267 605 ex
288 541 390 616 Oieo,
425 543 564 603 Baisamo
592 542 717 620 aliisque
742 544 847 604 herbis
867 543 1052 613 odoriferis,
1082 543 1128 603 uti
1153 542 1186 603 in

230 623 417 701 Euchoiegio
439 625 542 685 ridere
563 632 621 695 est,
646 627 775 702 egregiis
796 626 873 687 uotis
894 622 998 683 aViro
1020 624 1187 685 clarissimo

228 706 337 766 Iacobo
368 705 449 767 Goar
482 708 641 767 illustrato.
675 705 739 767 Etsi
771 715 871 767 autem
905 708 980 767 haec
1008 706 1187 766 commixtio

228 807 265 849 ex
289 789 474 864 praescripto
498 789 698 864 plurimorum
722 787 942 849 Pontificaiium
975 788 1011 847 ab
1035 786 1186 863 Episcopo

230 888 321 947 super
344 873 460 941 hilare,
485 872 531 929 vei
555 888 647 945 supra
669 873 805 931 biensam
830 888 921 948 prope
944 870 1043 944 ipsum
1065 869 1186 939 hilare,

227 950 311 1029 juxta
328 953 419 1012 ritum
438 953 528 1010 nostri
552 952 690 1013 hodierni
712 952 840 1011 Romani
855 950 1046 1018 Perliberalis,
1066 969 1188 1027 perega-

230 1040 292 1101 tur,
309 1050 347 1093 ex
364 1033 604 1093 sacramentario
627 1034 820 1095 nihilominus
842 1032 872 1092 S.
885 1030 1022 1106 Gregorii
1039 1032 1135 1107 Papae
1157 1035 1190 1091 el
1251 1037 1252 1040 ’

229 1133 266 1175 ex
282 1113 461 1189 quibusdam
485 1117 698 1193 manuscriptis
720 1117 851 1191 antiquis
866 1111 1098 1182 Pontificaiibus,
1116 1118 1188 1173 anto

229 1196 353 1255 Missam
371 1195 435 1255 [ieri
457 1197 495 1255 ab
512 1194 659 1273 Episcopo
681 1198 798 1258 debuit.
821 1197 962 1257 Ceterum
986 1197 1075 1256 tradit
1096 1196 1190 1255 Ama·

229 1278 322 1338 iarius
344 1277 435 1337 Libro
450 1280 547 1353 primo
564 1278 606 1337 De
621 1276 836 1339 Ecclesiasticis
862 1275 982 1355 Officiis,
1004 1275 1108 1353 Capite
1123 1275 1188 1337 Xii

228 1361 351 1419 odorem
375 1360 506 1419 Eaisami
530 1360 558 1418 in
581 1358 655 1419 Oico
678 1361 848 1437 opinionem
870 1361 1017 1419 bonarum
1036 1356 1188 1419 virtutum

230 1442 287 1501 iate
304 1441 480 1517 dispersam,
505 1448 648 1517 operante
670 1443 765 1518 gratia
781 1440 909 1517 Spiritus
924 1440 1036 1510 Sancti,
1060 1441 1186 1501 demeu-

229 1528 343 1589 strare;
368 1522 434 1581 addi
450 1527 554 1581 autem
572 1520 648 1584 Oieo
662 1523 848 1582 Baisamum.
871 1523 941 1599 quia
958 1524 1033 1581 nitet
1055 1525 1083 1581 in
1100 1524 1188 1583 vuilu
1251 1589 1252 1598 χ

229 1603 341 1667 Christi
357 1605 493 1664 caelestis
509 1602 662 1679 splendor.
687 1605 770 1665 idem
787 1605 875 1665 docet
889 1602 1047 1664 Dnrandus
1069 1602 1187 1663 Lib.Vi

231 1686 402 1747 Rationalis
420 1684 597 1745 Diuinorum
617 1683 801 1768 officiorum,
825 1684 898 1762 Cap.
913 1685 1043 1746 cxxiv
1055 1704 1139 1743 num.
1157 1685 1189 1745 X

229 1769 278 1828 ubi
302 1768 391 1827 etiam
417 1769 454 1826 ita
479 1768 590 1842 inquit:
617 1764 780 1827 Sciendum
796 1780 846 1835 est,
863 1768 943 1846 quod
962 1766 1210 1829 chrisianam·
1251 1827 1252 1834 ,

228 1850 329 1929 ficitur
345 1868 383 1909 ru
397 1846 550 1915 Balsama,
576 1859 602 1907 et
624 1846 695 1908 Olco
709 1860 831 1928 propter
846 1850 1000 1928 nrpslr'rem
1023 1849 1184 1917 rationem.
1251 1875 1252 1910 1

228 1932 369 2009 quoniam
389 1948 442 2008 per
463 1932 558 1987 oleum
580 1932 661 1991 nitor
682 1933 857 1991 rescientiae
882 1931 1067 2008 desipoatur,
1089 1933 1189 2009 joma

227 2012 305 2071 illud
330 2010 488 2086 Eeanpelir'
502 2031 508 2068 :
533 2010 700 2072 Prudenter
726 2012 861 2090 Virpr‘nes
883 2022 1056 2091 acceperuut
1078 2013 1188 2072 Oleum
1251 2051 1252 2094 p

226 2094 357 2151 invasis
379 2093 440 2151 suis
462 2112 529 2151 oum
550 2093 739 2169 lampadibus
761 2104 819 2153 etc.
833 2096 836 2099 ’
851 2098 905 2152 i’ar
926 2094 1092 2152 balsamum
1114 2112 1186 2153 cero
1251 2101 1252 2158 l

230 2174 411 2251 reprimitur
436 2174 509 2231 odor
528 2176 627 2250 [amoc
646 2194 704 2253 per
730 2174 810 2252 quod
842 2176 876 2233 r‘n
898 2174 985 2252 Libro
1010 2172 1187 2253 Sapientiae
1251 2173 1252 2230 ἶ

227 2254 359 2315 elicitur:
383 2254 467 2315 Sicut
490 2252 651 2314 Balsomus
673 2259 884 2316 aromatizans
905 2256 973 2315 dedi
995 2254 1128 2315 odorem.
1251 2249 1252 2288 ³

269 2334 351 2397 Viii.
378 2334 464 2397 iliius
488 2336 608 2395 heiandi
630 2339 660 2396 in
684 2338 806 2398 modum
829 2340 929 2398 crucis
950 2356 1040 2414 super
1057 2338 1187 2414 Ampul-

227 2418 270 2478 ias
292 2418 431 2492 antiquus
454 2426 511 2486 est,
536 2425 659 2480 etcum
683 2420 860 2496 praescribit
882 2422 910 2480 in
933 2440 988 2480 suo
1010 2420 1190 2479 Sacramen-

228 2506 326 2561 lorum
350 2498 440 2557 Libro
456 2499 486 2558 S.
504 2496 681 2575 Gregorius.
706 2501 879 2561 istiusmodi
896 2502 1111 2562 irrsuiiiatiorres
1134 2520 1188 2562 au-

228 2581 415 2657 tiquissimae
430 2588 500 2641 sunt
522 2582 551 2641 in
569 2584 716 2651 Eeo'esia,
740 2601 905 2659 carumque
928 2581 980 2641 SS.
1003 2583 1107 2642 Patres
1124 2602 1188 2644 nio·
1251 2615 1252 2662 i

228 2664 352 2731 minere,
376 2680 452 2739 qrros
475 2664 561 2741 longo
585 2666 705 2741 agmine
728 2663 836 2741 ioseph
861 2665 1054 2733 vicecomes,
1073 2666 1187 2741 aliique

226 2744 262 2805 de
286 2744 432 2820 Baptismi
455 2746 563 2805 ritibus
586 2751 707 2825 agentes
729 2745 871 2808 aiierunt.
900 2746 958 2807 Sed
981 2754 1012 2805 et
1034 2747 1062 2805 iu
1085 2744 1188 2807 Erau⁴

227 2826 305 2905 geiio
329 2826 447 2885 ioannis
477 2827 604 2905 legimus
632 2827 736 2905 Capite
759 2827 828 2887 XX.
843 2828 997 2889 Christum
1021 2825 1186 2893 Dominum
1251 2827 1252 2902 Ῠ

226 2906 381 2969 iusuiiasse
404 2908 433 2967 in
457 2906 651 2987 Discipulos,
677 2910 727 2969 ubi
749 2910 853 2968 dixit:
877 2907 1010 2990 Accipite
1036 2906 1189 2987 Spiritum
1250 2925 1253 2946 ¹

225 2990 382 3051 Scortum.
406 2986 490 3051 Unde
511 2993 586 3051 satis
610 2992 729 3067 liquet,
755 2998 869 3050 temere
891 3011 925 3051 ac
951 2993 1059 3051 iniuste
1081 2990 1188 3054 Prote·

225 3076 337 3132 stantes
359 3071 524 3131 itomanam
549 3070 736 3143 Ecclesiam,
764 3080 888 3149 propter
911 3073 1086 3152 hujusmodi
1109 3077 1188 3137 ritus

226 3171 327 3219 nsum,
352 3155 572 3227 superstitionis
587 3172 735 3229 arguere„
746 3151 910 3230 Postquam
928 3164 988 3215 tam
1006 3153 1186 3232 Episcopus,

225 3252 316 3310 quarn
340 3234 499 3294 duodecim
523 3234 697 3311 Presbyteri
730 3242 777 3295 ter
798 3254 889 3313 super
910 3236 1074 3313 ampullam
1097 3235 1187 3298 Chri-

224 3318 329 3377 smatis
352 3312 381 3373 in
398 3316 518 3375 modum
542 3314 646 3377 Crucis
661 3317 812 3387 haiarunt,
840 3319 961 3379 mandat
982 3320 1104 3393 qrridem
1130 3321 1186 3381 iio

226 3415 348 3458 manum
364 3402 497 3456 nostrum
512 3396 697 3463 Pontificaie,
712 3405 745 3459 ut
758 3400 934 3478 Episcopus,
949 3402 1084 3477 legendo,
1098 3419 1187 3461 exor-

224 3480 350 3539 cismum
366 3478 567 3539 Chrismaiem
584 3483 769 3557 pronuntiet.
788 3474 841 3541 Est
855 3490 969 3553 eutem,
987 3488 1063 3543 teste
1079 3482 1111 3543 S.
1132 3484 1185 3545 isi·

224 3561 297 3619 doro
319 3559 489 3639 Hispaieusi
512 3562 682 3641 Episcopo,
712 3564 901 3625 exorcismus
923 3582 1057 3643 graece,
1094 3567 1186 3628 iatine
