2517 4059
469 198 694 274 *4590*

93 332 229 390 testetur
256 344 359 388 coram
387 330 547 403 omnibus,
579 349 611 392 se
634 347 810 406 nunquam,
833 345 940 389 ausum
964 327 1055 392 luisse

93 407 287 487 compellere
302 408 399 470 Deum
416 411 547 483 Patrem,
563 413 619 474 nisi
634 412 774 475 Christus
790 411 910 471 monitis
924 415 955 469 et
968 429 1058 488 prac-

93 494 195 569 ceptis
221 491 359 568 dignalus
386 500 465 554 esset
491 493 633 556 fiduciam
654 493 812 570 praebere.
836 491 955 553 Nedum
977 493 1057 572 apud

93 571 252 640 Graecos,
275 573 329 634 sed
350 577 382 634 el
402 575 481 653 apud
507 575 629 638 Latinos
650 576 722 636 olim
745 576 775 635 in
797 574 947 652 aliquibus
969 573 1053 647 locis,

93 672 158 716 non
180 671 199 714 a
221 653 285 714 solo
306 652 480 726 Sacerdote,
497 658 549 718 sed
571 659 664 722 etiam
686 657 725 718 ab
739 657 874 718 adstante
889 657 999 732 populo
1015 654 1056 717 O·

93 738 179 798 ratio
208 735 365 796 Dominica
387 738 581 802 recitabatur.
604 739 639 800 ld
661 738 751 800 docet
775 736 939 817 Gregorius
960 737 1057 801 Turo-

94 818 201 882 nensis
223 816 289 878 Lib.
313 817 344 879 ΙΙ
364 817 402 878 de
423 817 586 882 Miacculie
607 819 638 881 S.
662 818 795 882 Martini
808 820 880 896 Cap.
898 819 949 880 30.
966 819 1055 898 Apud

94 899 278 962 mozarabes
300 899 427 976 populus
449 901 485 961 ad
508 903 641 980 singulas
661 901 724 962 iere
746 901 922 962 Dominicae
935 899 1055 962 Oratio·

97 983 147 1042 nis
171 986 272 1056 partas
294 983 493 1057 respondebat
513 980 610 1046 ,lmen
637 993 766 1046 tontum.
789 983 902 1044 Contra
923 984 954 1042 in
975 981 1057 1044 Airi-

95 1081 148 1136 ca,
172 1059 204 1120 S.
228 1062 396 1140 Augustino
418 1064 581 1137 referente,
609 1062 750 1126 Sermone
771 1062 813 1123 bb
834 1083 901 1126 eam
923 1063 1054 1141 popalus

96 1148 217 1206 tantum
243 1145 405 1216 audiebat,
435 1146 690 1223 quemadmodum
717 1145 831 1206 Romae
858 1145 889 1206 S.
913 1144 1055 1222 Gregorii

96 1233 240 1303 tempore
261 1225 441 1290 seruabatur
463 1225 545 1307 opud
569 1226 700 1292 Graecos
722 1228 828 1304 inquit,
852 1227 918 1288 Lib.
942 1228 962 1288 7
985 1224 1055 1307 Epi·

5 1371 6 1376 ,
96 1311 174 1372 stola
204 1305 246 1368 et
276 1304 384 1368 Oratio
409 1307 572 1369 Dominica
600 1311 637 1369 ob
657 1309 798 1370 uniuerso
817 1310 949 1390 populo,
973 1307 1056 1389 apud

96 1408 150 1452 nos
174 1397 274 1450 autem
296 1408 316 1450 c
337 1387 496 1452 Sacerdote
517 1399 634 1454 tuntum
656 1389 781 1452 dicitur.

139 1469 195 1531 ili.
220 1467 303 1533 liaeo
325 1467 430 1531 Oratio
453 1473 483 1531 in
504 1469 613 1534 Missae
635 1469 789 1533 Sacrificio
810 1489 868 1532 non
890 1472 980 1532 tacita
1003 1475 1058 1533 aut

97 1553 251 1614 submissa
272 1568 358 1621 rooe,
376 1552 430 1614 sed
451 1553 534 1614 clara
556 1561 587 1616 et
607 1555 684 1616 elata
707 1553 799 1614 etiam
820 1551 859 1612 ab
873 1553 997 1628 antiquo
1009 1552 1054 1614 di·

96 1634 196 1697 conda
218 1633 436 1712 praescribitur
459 1637 602 1697 nimirum
625 1641 659 1698 ut
679 1633 803 1696 audiant
824 1635 907 1696 illam
928 1632 1053 1701 fideles.

96 1715 355 1794 quemadmodum
379 1715 475 1778 innuit
496 1717 685 1793 Augustinus
705 1712 842 1776 Homero
864 1714 916 1789 ib,
940 1724 972 1777 et
985 1719 1055 1778 aule

97 1798 199 1876 ipsum
232 1793 402 1875 Cyprianus
429 1797 465 1857 de
491 1795 635 1862 Oratione
663 1796 825 1858 Dominico
852 1803 919 1874 post
946 1796 1056 1858 multas

97 1879 231 1941 rationes
259 1895 297 1940 ex
319 1879 382 1955 ipsa
403 1877 559 1940 Dominica
586 1878 733 1940 Oratione
754 1879 883 1956 petitas:
908 1877 1053 1948 Publice,

97 1961 213 2037 iuquit,
238 1968 280 2022 eat
300 1961 384 2020 uobis
406 1970 433 2022 et
453 1961 618 2034 commanis
644 1958 771 2028 Oratio,
794 1968 822 2020 et
843 1960 965 2040 quando
986 1979 1056 2020 ora·

97 2058 166 2104 mus
194 2059 254 2102 non
271 2059 331 2119 pro
351 2060 433 2114 coo,
457 2041 508 2104 scd
525 2062 584 2122 pro
601 2043 710 2120 populo
731 2052 792 2103 toto
813 2059 956 2114 cremor,
980 2045 1053 2122 pain

97 2133 175 2186 totus
191 2125 319 2204 populus
339 2142 435 2184 unum
456 2142 568 2186 sumus.
592 2122 728 2186 Eandem
743 2125 834 2186 etiam
850 2126 996 2187 rationem
1010 2121 1057 2184 al·

97 2204 160 2268 lert
181 2205 352 2266 amalarius
373 2203 439 2266 Lib.
456 2205 500 2268 lll
516 2205 551 2266 de
566 2203 780 2272 moirencum
794 2203 893 2287 officiis
908 2204 981 2284 Gap.
998 2202 1052 2265 EO.

97 2286 197 2348 Aliam
220 2303 293 2347 uero
315 2285 403 2349 affert
431 2287 574 2350 Beletbus
592 2290 714 2366 ,pariter
735 2287 772 2348 de
793 2288 900 2348 eadem
924 2306 957 2348 re
978 2285 1053 2364 Cap.

99 2366 160 2428 120
183 2369 250 2430 ideo
272 2385 380 2445 nempe
400 2368 462 2430 alta
477 2387 550 2431 uoce
566 2371 642 2430 banc
656 2368 831 2431 Orationem
854 2370 884 2429 in
899 2369 995 2432 Missa
1010 2385 1053 2427 re

98 2449 207 2520 citari,
234 2459 268 2510 ut
297 2452 342 2511 ael
367 2467 399 2510 eo
423 2459 509 2530 pacto
534 2450 752 2518 adhortemur,
780 2450 833 2528 pai
855 2453 890 2512 in
914 2450 1054 2527 fraterno

2 2535 3 2538 ’
97 2540 169 2593 scat
191 2529 270 2599 odio,
296 2540 323 2592 et
346 2529 387 2592 cci
410 2531 601 2594 concordiem
623 2530 771 2594 discordes
786 2533 957 2592 excitentur
971 2538 1062 2590 ante.

99 2630 192 2694 quom
208 2613 441 2674 communicent.
457 2612 651 2674 Recentiores
666 2620 766 2677 tantm
782 2611 912 2672 nonnulli
924 2613 1055 2689 insignes

99 2693 269 2770 Scriptores
292 2699 432 2771 putarent
447 2695 508 2760 hoc
521 2695 634 2774 iactum
656 2711 725 2757 esse
744 2711 784 2754 ex
798 2695 894 2754 reteri
919 2697 989 2758 ritu,
1002 2692 1055 2756 sed

99 2795 139 2840 ex
161 2775 272 2836 Arcani
301 2774 459 2854 disciplina
476 2781 601 2856 propter
623 2775 876 2846 catechumenos,
899 2781 932 2836 et
951 2772 1055 2836 infide·

99 2860 166 2926 les,
190 2856 301 2936 quibus
325 2856 425 2931 olim,
449 2857 533 2918 nefas
554 2861 624 2920 erat
642 2855 789 2937 Myetoria
819 2862 921 2916 nostra
934 2866 1054 2933 'propu-

98 2941 189 3006 lare,
213 2939 266 3016 qui
288 2940 460 3016 ceteroquin
494 2939 597 3000 asela
625 2937 718 3000 Missa
739 2935 895 3003 fideliam.
920 2955 978 2998 non
1000 2954 1057 2997 au-

99 3030 162 3086 tem
184 3037 202 3080 a
217 3020 342 3097 robquis
357 3021 510 3082 Ecclesiae
524 3018 721 3082 conventibus
735 3018 926 3079 arcebantur.
943 3019 989 3079 Er
1006 3018 1055 3080 bis

98 3103 188 3168 facile
215 3102 412 3180 intelligitur,
435 3119 489 3164 our
511 3102 657 3164 submissa
678 3116 754 3163 uoce
777 3102 807 3158 ln
828 3098 952 3167 officio,
975 3100 1055 3162 elata

99 3188 130 3246 ia
151 3181 243 3245 Missa
259 3185 439 3246 recitaretur
454 3179 718 3260 ReliquisOsslciis
731 3181 833 3242 adessa
851 3186 990 3258 poterant
1002 3181 1055 3244 Ca·

98 3264 274 3331 techumeni
301 3269 333 3326 et
352 3262 488 3328 infideles
515 3264 587 3326 huic
613 3281 688 3325 vero
709 3263 788 3342 parti
817 3263 929 3324 Missae
950 3261 1055 3324 adesse

98 3365 156 3414 non
178 3351 328 3424 poterant.
350 3345 581 3424 egrediebantur
604 3347 685 3408 enim
707 3345 746 3406 ab
767 3341 903 3406 Ecclesia
927 3349 994 3420 post
1014 3343 1055 3406 E·

97 3428 228 3508 congelli
243 3426 498 3506 explanationem,
522 3428 601 3492 unde
622 3429 654 3489 io
675 3426 734 3488 illis
756 3445 825 3488 occe
845 3427 999 3495 emmam,
1024 3427 1056 3486 in

100 3514 157 3577 ista
179 3511 258 3572 elato
279 3525 353 3571 voce
368 3508 490 3572 recitari
505 3509 673 3572 consueuit.
690 3507 726 3570 ln
740 3505 801 3570 line
821 3503 980 3570 Orationis
993 3503 1056 3567 Do·

99 3594 229 3655 miciaco
251 3589 397 3654 Sacerdos
419 3591 568 3656 submissa
595 3609 671 3658 uoce
692 3589 765 3654 dicit
786 3589 890 3652 Amen.
912 3588 948 3651 ln
969 3593 1056 3652 retu·
