2517 4059
572 246 795 319 0&le&

207 390 283 445 sent.
308 378 363 439 Est
384 387 414 440 et
435 378 536 439 Canon
552 378 595 440 lll
617 376 857 455 Apostolorum,
882 391 918 434 ne
940 374 1027 434 liceat
1047 374 1161 451 aliquid

207 464 287 525 aliud
311 462 347 521 ad
365 460 469 521 Altare
490 460 602 521 ollorre
625 465 744 537 praeter
757 458 858 517 oleum
880 457 917 516 ad
941 456 1110 526 luminaria,
1127 463 1160 517 et

207 550 358 606 incensum
375 552 510 620 tempore
527 550 646 603 sauctae
660 540 831 601 oblationis.
847 538 1030 599 Athanasius
1044 538 1074 596 in
1089 535 1162 617 Epi·

208 629 285 689 stola
307 626 342 689 ad
365 624 558 687 Orthodoxos
580 625 617 685 de
638 622 819 683 Asianorum
841 620 1162 698 persecutioneetlrni-

208 728 259 773 cos
281 709 318 769 ab
340 709 398 767 illis
421 709 450 766 in
472 704 636 767 Ecclesiam
659 703 844 764 introductos
866 701 1081 778 conqueritur,
1105 704 1159 781 qul

196 791 390 854 Candelabra
412 790 637 867 deposuerunt,
659 792 691 847 et
710 802 814 845 cereos
842 783 927 844 idolis
949 783 1157 846 incenderunt.

207 871 356 934 Eumdem
379 874 531 933 luminum
554 888 642 933 usum
664 869 775 929 indicat
795 866 938 928 Paulinus
952 863 1050 925 Natali
1065 864 1109 926 lll
1123 865 1156 927 S.

207 956 315 1017 Felicis
328 975 334 1013 :

332 1118 427 1179 Claro
449 1108 630 1176 coronentur
652 1114 748 1174 drocis
769 1113 885 1173 alteria
906 1112 1010 1191 lystris,

330 1196 458 1259 lumino
478 1200 586 1259 ceretis
607 1196 766 1257 adolentur
783 1194 879 1255 odore
897 1194 1030 1274 papyris.

207 1361 246 1423 Et
266 1362 297 1421 S.
314 1361 516 1442 Hieronymus
538 1363 566 1420 in
589 1360 679 1420 Libro
700 1364 802 1419 contra
817 1356 1012 1436 vigilantium
1028 1360 1081 1418 ait:
1098 1357 1159 1419 Per

207 1453 283 1512 tetes
313 1442 444 1505 Orientis
466 1442 622 1514 Ecclesiae,
647 1440 766 1523 quando
785 1439 941 1516 dependam
963 1448 1003 1499 ecl
1024 1436 1159 1521 Eooope-

208 1527 294 1595 lium‚
314 1525 518 1587 accenduntur
540 1526 657 1585 lumino
678 1528 745 1605 jem
766 1524 825 1583 sole
845 1523 1002 1586 rutilante,
1026 1539 1087 1580 oen
1099 1528 1159 1585 uti-

208 1627 264 1685 que
286 1607 325 1667 od
346 1606 495 1686 sapandus
521 1607 665 1667 tenebras:
690 1604 739 1665 sed
764 1602 804 1664 ud
826 1606 942 1681 siparum
963 1605 1095 1666 laetitiae
1109 1604 1161 1666 de-

208 1690 446 1751 monstrandum.
471 1688 514 1749 lle
537 1688 682 1749 luminum
707 1705 762 1748 usu
785 1688 815 1744 in
839 1683 980 1747 Ecclesiis
996 1686 1158 1762 loquuntur

206 1770 420 1842 Tertullianus,
445 1770 475 1833 S.
500 1770 686 1841 Ambrosius,
710 1768 741 1827 S.
764 1768 891 1829 Ioannes
911 1767 1155 1847 ChrysostomuS,

207 1852 236 1913 S.
261 1853 467 1929 Augustinus,
492 1852 652 1913 Eusebius.
676 1849 715 1911 Et
736 1851 868 1911 Isidorus
890 1850 954 1910 Lib.
980 1850 1037 1911 Vll
1057 1851 1158 1931 Origi-

209 1954 279 1995 num
302 1934 376 2012 Cap.
394 1934 454 1995 Xll
477 1935 552 2013 hano
575 1936 721 1995 rationem
745 1934 826 1993 addit
848 1939 880 1993 ut
902 1933 957 1993 sub
980 1937 1052 2010 typo
1069 1936 1159 1995 lumi·

206 2018 251 2077 nis
273 2016 435 2094 corporalis
457 2016 507 2075 illa
530 2018 581 2077 lux
595 2016 780 2082 ostendatur,
804 2015 841 2075 de
862 2033 921 2091 qua
943 2016 972 2074 in
994 2012 1157 2092 Evangelio

207 2099 341 2175 legitur:
366 2108 431 2157 eret
456 2100 512 2158 lum
536 2117 619 2167 uere,
644 2117 720 2177 quae
744 2098 899 2158 illuminet
923 2115 1039 2157 omnem
1063 2100 1158 2159 tomi-

204 2198 283 2237 nem.
308 2179 462 2239 Praeclare
486 2182 558 2241 item
579 2182 760 2258 lllicrologus
774 2177 853 2255 Cap.
871 2177 911 2238 ll:
936 2178 1031 2239 lueto
1046 2178 1159 2241 liema-

205 2280 278 2321 eum
294 2259 435 2321 Ordinem
458 2279 611 2340 nunquam
635 2262 755 2321 Missam
776 2263 882 2339 absque
904 2261 1015 2319 lemine
1030 2263 1157 2322 eelebre-

205 2361 280 2409 mus‚
297 2362 357 2401 eoo
381 2344 482 2421 utrique
497 2343 537 2401 ed
561 2342 748 2423 depellendos
769 2344 913 2411 tenebras,
931 2361 998 2401 cum
1018 2344 1056 2405 sit
1069 2346 1156 2404 clere

207 2424 278 2494 dier,
307 2425 356 2485 red
373 2428 475 2503 potios
496 2426 529 2483 in
555 2436 656 2505 typum
681 2425 763 2484 illius
783 2424 917 2488 luminis,
942 2426 1026 2505 eujus
1048 2426 1157 2487 Sacra·

205 2518 303 2567 menta
321 2508 364 2568 ibi
388 2507 557 2587 conficimus
582 2508 716 2586 sineque
739 2507 822 2566 etin
837 2505 963 2565 meridie
982 2509 1155 2586 palpamus,

204 2589 281 2647 sieut
304 2590 337 2647 in
363 2598 459 2649 erecte.
485 2588 654 2667 Symbolica
682 2605 770 2648 causa
802 2607 838 2649 ex
861 2587 991 2656 Veteri,
1014 2594 1044 2649 et
1066 2589 1155 2651 Novo

204 2669 393 2731 Testamento
415 2671 610 2749 depromitur.
635 2669 728 2731 lussit
749 2670 819 2729 olim
841 2668 937 2741 Deus,
960 2668 1055 2731 Exodi
1076 2671 1150 2749 Cap.

206 2750 295 2812 XXV
316 2750 380 2813 fieri
396 2752 624 2819 Candelabrum,
643 2757 674 2812 et
695 2758 810 2830 septem
832 2754 861 2811 in
883 2772 919 2813 eo
942 2752 1033 2812 locari
1056 2754 1154 2815 lucer-

205 2853 267 2901 nas,
281 2832 353 2912 Cap.
371 2835 492 2896 XXVll
514 2835 617 2897 ollerri
638 2833 727 2913 jussit
748 2834 848 2894 oleum
869 2853 906 2895 ex
928 2836 1018 2904 oliva,
1035 2854 1093 2912 quo
1108 2835 1154 2897 lu-

204 2934 311 2977 cernae
333 2919 496 2979 alerentur.
518 2918 551 2977 ln
573 2916 697 2977 Psalmis
719 2926 735 2976 a
757 2915 820 2977 Deo
842 2920 984 2994 petimus,
1000 2922 1031 2981 ut
1054 2919 1152 2980 lucem

202 3016 288 3060 stram
311 3001 346 3057 arl
371 3019 422 3059 nos
445 3001 615 3059 trasmittat.
640 2999 765 3059 Lumina
787 3000 910 3077 insuper
938 2999 1007 3059 hino
1030 3001 1151 3061 atinde

203 3098 326 3141 accensa
350 3083 479 3141 iudicant
500 3082 695 3159 splendorem
714 3081 873 3142 Doctrinae
894 3082 1018 3148 Christi,
1035 3100 1095 3159 qua
1117 3082 1152 3141 il-

202 3163 335 3223 luminati
359 3164 459 3223 ludaei
482 3169 512 3222 et
533 3162 664 3223 Gentiles
686 3180 723 3223 ex
745 3163 870 3235 umbris,
894 3171 925 3224 et
946 3181 1084 3224 errorum
1101 3181 1149 3223 no·

201 3245 256 3304 ctis
280 3244 408 3304 tenebris
441 3247 469 3304 in
503 3245 677 3305 admirabile
709 3246 865 3321 Evangelii
888 3246 988 3305 lumen
1014 3247 1149 3307 conversi

199 3333 279 3385 suut.
304 3326 430 3386 Lumina
460 3325 543 3403 juxta
566 3326 772 3389 Innocentium
797 3326 838 3388 lll
861 3328 1028 3406 significant
1059 3329 1149 3388 etiam

200 3405 289 3546 fiderlp
305 3411 521 3485 populorum,
545 3410 591 3469 rel
616 3410 791 3470 charitatem
813 3408 922 3471 Christi
945 3412 974 3470 in
996 3408 1149 3471 Sacrificio

202 3505 238 3545 ex
286 3490 334 3547 iel.

242 3566 296 3628 lll.
314 3570 499 3642 linteorum,
514 3572 622 3649 quibus
638 3572 750 3633 Altaria
766 3573 953 3651 tegebantur,
971 3593 1058 3635 usum
1074 3574 1146 3635 luis·

200 3666 232 3707 se
256 3651 459 3728 antiquissimo
476 3671 559 3714 more
574 3661 743 3731 receptum,
756 3654 883 3735 Optatus
897 3654 1087 3718 Mileritanus
1104 3662 1146 3717 te-
