2517 4059
570 228 794 323 *nassae

204 360 347 428 trahens,
371 370 463 436 pauca
485 363 681 421 convertens.
704 365 735 418 et
756 359 895 418 nonnulla
917 358 1060 419 ndiiciens
1082 359 1158 421 Ora-

205 444 301 503 tiones
322 458 426 500 omnes
458 440 486 496 in
509 440 596 498 unius
619 437 698 497 Libri
721 440 875 499 volumine
897 444 1073 502 coarctavit.
1099 442 1159 501 Po·

203 526 365 585 storiarum
382 528 482 581 tamon
497 517 674 579 Pontificum
695 527 766 579 sunt
779 520 951 580 nonnullae.
970 522 1062 583 Leoni
1078 525 1158 587 enim
1256 572 1258 579 .

203 604 233 666 11
256 604 396 664 tribuitur
411 600 516 660 Oratio
533 599 613 659 Deus
634 602 721 679 cujus
736 600 864 661 deutero
885 600 924 660 B.
943 600 1079 673 Petrum,
1104 606 1157 681 qui

202 704 270 749 cam
293 685 496 759 composuisse
518 681 626 741 dicitur
643 678 846 756 Neapolitanis
866 683 1011 743 adversus
1034 686 1157 745 Sarace·
1256 687 1258 766 ζ

203 786 257 827 nos
281 783 333 842 pro
356 764 509 823 Ecclesiae
532 762 704 823 defensione
733 765 830 823 navali
858 765 973 839 praelio
999 769 1159 841 pugnanti-

203 851 269 910 bus.
295 847 483 905 Innocentius
504 862 577 903 vero
599 842 642 903 lll
663 851 769 903 auctor
790 844 849 904 luit
869 842 1021 907 Orationis
1042 846 1071 905 A
1086 867 1158 908 cun·
1256 873 1257 878 ¹

202 934 267 991 cris.
286 929 310 989 A
327 926 518 1001 Gregorianis
542 926 644 1000 paucis
664 926 809 1001 exceptis,
833 925 968 986 diversae
991 934 1063 987 sunt
1086 930 1159 989 Am·
1256 931 1257 934 ’

204 1011 359 1071 brosianae
382 1026 399 1067 a
421 1007 451 1067 S.
466 1007 647 1073 Ambrosio,
663 1014 692 1065 et
714 1005 750 1064 ab
766 1006 832 1065 aliis
853 1006 923 1084 ejus
940 1008 1092 1069 Ecclesiae
1107 1010 1159 1070 Pa·
1256 1049 1257 1094 4

202 1093 334 1154 sloribus
357 1089 549 1163 compositae.
573 1086 606 1146 ln
630 1085 742 1145 Missali
765 1093 867 1147 autem
884 1087 1076 1150 Mozarabum
1099 1110 1157 1151 nou
1256 1107 1257 1116 ¹

202 1174 300 1233 solum
317 1173 452 1230 diversae
474 1169 593 1228 omnino
607 1175 678 1227 strat
693 1165 864 1237 Orationes,
881 1169 932 1229 sed
948 1171 1065 1231 diversa
1088 1191 1158 1250 quo·
1256 1173 1257 1192 .

202 1271 262 1329 quo
285 1254 417 1325 ipsarum
454 1250 583 1309 formula
605 1257 671 1308 est:
697 1267 765 1308 nam
788 1256 820 1309 et
842 1251 990 1328 longiores
1012 1261 1103 1325 sunt,
1129 1261 1158 1314 et
1256 1279 1257 1326 ς

203 1336 262 1395 ritu
285 1332 419 1391 dissimili
436 1332 610 1390 recitantur.
635 1328 668 1388 ln
690 1330 834 1407 Liturgiis
854 1329 1040 1402 Graecorum
1056 1354 1158 1411 quam·
1256 1381 1257 1388 ,

203 1417 249 1473 vis
271 1416 383 1473 multae
406 1413 463 1471 siut
486 1412 691 1489 precationes,
716 1413 797 1471 nulla
820 1422 920 1472 tamen
943 1421 1025 1474 extat
1047 1418 1077 1474 in
1100 1436 1157 1493 qua

201 1495 325 1555 Latinae
341 1492 489 1555 Collectae
511 1493 617 1553 modus
640 1495 830 1555 observetur.
849 1494 958 1553 Multas
980 1497 1071 1556 etiam
1091 1498 1157 1560 Col-

202 1578 288 1637 lcctas
304 1580 534 1651 composuerunt
550 1574 707 1644 hiduinus,
724 1580 754 1633 et
769 1572 941 1634 Grimaldus
953 1577 1065 1648 Abbas,
1084 1598 1157 1655 quas

201 1658 349 1718 Pamelius
371 1656 491 1731 collegit
513 1654 599 1713 Tom.
617 1654 647 1714 ΙΙ
668 1654 911 1731 Litaryicorum:
934 1658 1072 1735 itemque¹
1090 1660 1158 1721 Mu·

201 1756 288 1799 saeua
305 1736 465 1813 Presbyter
482 1737 687 1805 Massiliensis,
702 1742 733 1797 et
745 1736 896 1796 Voconius
909 1736 1074 1817 Episcopus
1086 1742 1157 1803 Cas·

200 1820 374 1880 tellanensis
396 1820 425 1875 in
448 1816 642 1883 Mauritania,
667 1824 701 1876 ut
722 1818 815 1879 relert
836 1818 1006 1880 Gennadius
1030 1822 1096 1882 Lib.
1124 1822 1156 1881 dr
1256 1833 1257 1842 ¹

200 1903 275 1963 airis
297 1900 468 1960 illustribus
489 1898 561 1973 Gap.
577 1898 618 1957 78
641 1904 671 1958 et
692 1899 743 1957 79.
768 1899 844 1959 Sunt
864 1906 895 1959 et
915 1902 991 1961 aliae
1013 1920 1030 1961 a
1054 1922 1156 1963 recen·
1256 1905 1257 1962 l

202 1983 329 2055 tionibus
351 1981 461 2047 editae,
485 1997 562 2056 quae
583 1978 669 2039 facile
691 1981 916 2056 dignoscuntur,
940 1985 965 2041 si
989 2001 1058 2043 cnm
1081 1986 1155 2045 anti·
1256 2035 1257 2052 ,

201 2066 278 2140 quis,
301 2069 332 2123 et
346 2061 539 2136 Gregorianis
561 2062 764 2121 conterantur.
783 2062 900 2135 Duplex
923 2081 1013 2139 porro
1035 2073 1082 2126 est
1096 2064 1158 2126 Col·

201 2146 348 2205 lactarum
372 2143 478 2221 stylus,
502 2139 736 2217 deprecatorias,
760 2152 791 2203 et
812 2143 990 2204 historicus:
1014 2147 1157 2223 depreca.

201 2225 296 2285 toriae
319 2231 389 2285 sunt
410 2223 472 2283 lere
494 2240 600 2282 omnes
618 2224 772 2290 Gallesion,
796 2241 874 2299 quae
897 2226 1035 2301 leguntur
1060 2231 1087 2286 in
1102 2228 1158 2289 Fe-

200 2306 329 2376 stis‚-.et
351 2302 446 2364 Feriis
472 2304 509 2363 de
532 2311 695 2381 tempore3
724 2304 886 2365 historicae
907 2323 986 2383 quae
1009 2310 1039 2367 in
1062 2306 1157 2369 Festis
1256 2337 1257 2392 3

200 2385 252 2447 SS.
279 2389 460 2464 Martyrum,
484 2382 715 2453 Conlessorum,
739 2386 911 2461 Virginum,
937 2389 988 2448 ubi
1011 2390 1155 2461 breviter,

166 2514 167 2519 ,
200 2468 248 2527 vel
272 2466 372 2527 Sancti
393 2468 480 2535 vita,
508 2464 559 2527 aui
580 2464 647 2543 ejus
668 2466 767 2543 abana
789 2469 926 2542 specialis
947 2472 1026 2530 actio
1049 2490 1157 2532 conno-
1256 2485 1257 2528 ῖ

202 2554 296 2619 tatur,
323 2551 365 2609 uti
388 2549 492 2608 videre
515 2555 560 2607 est
581 2547 611 2605 in
629 2547 763 2608 Colicaria
784 2546 942 2609 Fastorum
964 2550 995 2611 S.
1013 2552 1156 2629 Stephani
1256 2595 1257 2618 .

200 2627 448 2708 Protomartyris,
468 2628 497 2688 S.
507 2628 625 2688 loannis
638 2626 857 2707 Evangelistae,
873 2629 1154 2703 SS.Innocentium,
1256 2631 1257 2654 ³

200 2707 229 2769 S.
247 2709 365 2770 Ioannis
387 2711 548 2788 baptistae,
574 2715 605 2769 et
625 2707 676 2769 SS.
694 2712 906 2788 Apostolorum
929 2713 1064 2784 Petriet
1078 2714 1156 2776 Pau·

200 2789 242 2858 li,
266 2790 366 2851 Sancti
389 2791 542 2852 Laurentii
565 2790 708 2869 Martyris
729 2797 762 2853 et
782 2790 937 2863 aliorum;
960 2798 1153 2875 reperiuntur
1256 2807 1257 2810 ’

199 2873 289 2932 etiarn
316 2872 485 2941 Collcctac,
509 2880 544 2933 ut
566 2874 606 2933 ita
628 2873 727 2933 dicam
750 2874 989 2944 intercessorias,
1013 2878 1152 2948 scilicet,

199 2954 308 3028 quibus
330 2954 478 3032 dirigatur
505 2952 620 3019 Oratio,
645 2960 678 3014 ut
699 2954 825 3015 Sanctus
847 2972 903 3031 pro
925 2959 1007 3018 nobis
1030 2962 1154 3021 interce·

199 3035 249 3093 dat
270 3034 306 3093 ad
330 3034 514 3101 Dominum,
540 3036 582 3095 uti
608 3034 740 3096 Coticcto
767 3034 799 3095 S.
823 3036 968 3100 Matthaei
991 3039 1151 3113 Apostoli,

197 3113 230 3173 S.
248 3113 347 3177 Lucae
363 3116 585 3191 Evangelistae,
603 3121 634 3177 et
648 3117 790 3177 aliorum.
807 3117 1007 3181 collectarum
1018 3123 1150 3201 insuper,

199 3200 231 3253 et
253 3197 390 3272 maxime,
404 3197 627 3272 antiquiorum,
655 3200 775 3268 series,
797 3216 832 3259 ac
858 3201 1037 3277 dispositio,
1061 3210 1095 3266 ut
1109 3222 1153 3266 sa·
1256 3247 1257 3252 κ

198 3275 387 3351 pientissimo
410 3280 553 3339 observat
574 3277 737 3356 Angelicus
763 3278 876 3341 Doctor
902 3284 997 3343 Divus
1018 3283 1151 3347 Thomas

198 3363 315 3432 quaest.
333 3356 374 3421 83
396 3356 511 3419 art.17
533 3364 664 3435 quatuor
686 3361 905 3438 utplurimum
928 3366 1075 3439 partibus,
1101 3386 1151 3429 seu

199 3440 349 3513 expressis
372 3442 401 3499 in
424 3440 549 3505 verbis,
574 3440 637 3500 sive
666 3444 695 3501 in
719 3443 754 3500 iis
774 3443 874 3520 aliquo
896 3446 985 3505 modo
1007 3450 1149 3509 contentis

198 3525 324 3586 constat,
351 3522 493 3581 nimirum
516 3517 672 3590 Oratione,
696 3520 871 3585 Gratiarum
893 3528 1027 3595 actione,
1049 3527 1150 3590 Postu·

127 3628 131 3637 ·
199 3596 319 3667 latione,
343 3605 374 3659 et
395 3598 621 3670 Obsecratione,
644 3600 731 3680 juxta
753 3605 889 3682 Apostoli
913 3610 1059 3674 monitum
1081 3610 1095 3672 1
1115 3610 1149 3671 ad
