2517 4059
195 194 199 201 ’
329 188 332 193 ’
450 194 655 284 seillac·
760 207 764 214 ’

83 338 201 401 Sanctus
224 339 324 413 Deua,
350 339 476 402 Sanctam
496 336 593 419 soriis,
622 339 752 401 Sanctus
765 324 953 404 ‘immortalis
975 344 1030 402 mi·

82 436 168 480 serere
185 420 270 480 nobis
291 412 370 497 qrro'd
393 428 530 483 cantatur
545 423 617 483 dum
634 422 716 484 Crux
726 424 886 504 adoratur.
910 432 941 485 et
963 425 1030 500 qui·

82 502 140 562 dem
162 500 294 573 Graece,
318 507 350 563 et
364 503 481 574 Latine,
505 502 572 581 ejus
593 503 739 583 originem
761 505 800 564 ita
821 506 964 566 describit
980 524 1028 565 ve·

83 590 121 643 lus
140 582 330 644 Graecorum
353 584 557 664 Menotogium
577 606 584 645 :
609 586 664 647 Die
685 584 793 646 XXlV
810 586 1000 665 Septembris
1017 631 1025 655 ,

82 666 240 743 imperante
263 664 450 736 Theodosio,
476 672 676 728 terraemotus
699 666 795 729 laetus
818 675 864 728 est
887 687 1024 749 magnus,

80 766 131 824 quo
153 748 270 807 lactum
293 751 349 815 est,
373 752 406 809 ut
428 752 509 810 totus
532 749 660 827 populus
681 768 739 810 una
768 767 836 808 cum
854 748 1028 811 Patriarcha

80 832 107 888 et
124 828 315 906 Imperatore
337 830 444 890 exierit
466 838 552 891 extra
575 830 682 890 urbem
707 832 735 890 in
758 832 854 890 locum
871 826 935 908 'qui
958 833 1031 891 dici·
1074 847 1078 853 ·

80 916 122 970 tur
136 930 276 988 campus,
301 917 459 989 propterea
481 912 559 989 quod
575 914 640 972 sine
656 914 819 973 cessatione
842 913 941 988 aliqua
962 920 1029 975 erat

80 991 121 1050 illa
143 999 299 1053 terrarum
323 996 495 1054 commotio.
529 992 603 1053 Cum
627 996 733 1071 igitur·
752 993 875 1054 Procius
900 991 1029 1055 Patriar·

80 1072 130 1133 cha
161 1073 334 1151 imperator
348 1075 423 1152 ipse,
448 1081 478 1136 et
506 1079 586 1135 totus
610 1077 736 1152 populos
761 1076 883 1136 litaniis
905 1079 936 1135 et
957 1092 1033 1154 supr

79 1154 283 1231 plicationibus
306 1154 436 1215 divinam
459 1164 545 1233 ope'm
572 1157 784 1233 implorarent,
811 1163 932 1234 repente
956 1175 1028 1233 pue-

78 1238 155 1297 mlus
170 1236 295 1313 quidam
318 1238 355 1297 de
371 1238 467 1297 media
484 1237 573 1297 turba
596 1239 624 1297 in
640 1256 742 1298 aerem
757 1242 858 1317 raptus
874 1244 929 1299 est.
953 1238 1028 1300 Oma

79 1319 157 1379 nibus
179 1324 286 1380 autem
304 1321 499 1394 praetimore
521 1320 721 1389 clamantibus
743 1318 836 1399 Kyrie
852 1321 959 1379 eleison
973 1322 1025 1381 de·

79 1402 183 1462 scendit
206 1418 295 1475 puer,
320 1407 351 1460 et
365 1420 440 1461 voce
460 1418 566 1479 magna
590 1402 735 1479 populum
757 1403 951 1479 compellans,
976 1421 1029 1479 pe·

79 1482 122 1547 rit,
145 1480 367 1559 utTrisagium
389 1485 418 1543 in
436 1482 516 1543 hunc
541 1484 665 1544 modum
680 1484 872 1545 decantaret:
898 1480 1027 1546 Sonetm

79 1563 160 1628 Eros,
187 1560 435 1641 seminatores,
460 1564 587 1626 Sanctru
611 1565 792 1626 immortalis
814 1566 953 1625 mirerere
975 1586 1029 1626 no·

78 1642 121 1705 iis.
132 1643 217 1719 Quae
240 1662 312 1705 cnm
328 1646 450 1707 dixisset
471 1646 602 1706 animam
624 1645 764 1715 reddidit,
789 1655 820 1707 et
841 1653 940 1707 terrac
963 1664 1028 1706 mo·

79 1732 120 1786 tus
133 1729 260 1803 quierit.
286 1724 329 1787 Ea
344 1745 417 1787 vero
433 1728 489 1787 hac
511 1728 558 1788 die
582 1729 756 1804 praesertim
773 1730 868 1790 utitur
883 1724 1028 1787 Occiden-

80 1808 136 1876 talis
151 1806 301 1877 Ecclesia,
325 1808 425 1877 latine,
449 1814 483 1869 ut
505 1810 659 1887 propriam
679 1827 764 1868 suam
788 1810 919 1885 linguam
941 1808 1026 1867 adhi-

81 1888 160 1961 beat,·
181 1909 292 1969 graece
314 1890 518 1961 versellam,
543 1896 577 1951 ut
599 1891 713 1951 alludat
728 1889 774 1961 ,itti
797 1890 915 1949 dirime
937 1890 1024 1956 roci,

80 1988 159 2044 ouem
182 1990 318 2053 puerum
341 1972 425 2047 illum
449 1971 578 2032 diximus
599 1970 862 2049 Constantinopoli·
885 1970 1024 2043 edidisse.

81 2048 160 2113 Hunc
182 2054 329 2115 eumdem
352 2052 499 2133 hymnum
523 2052 611 2112 nobili
634 2054 800 2130 scriptione¹
816 2052 952 2129 pluribus
977 2070 1027 2130 er·

82 2132 192 2206 plicavit
214 2136 248 2197 S.
272 2134 399 2195 loannes
422 2136 622 2212 damascenus
644 2135 674 2194 in
697 2135 840 2212 peculiari¹
858 2132 965 2195 Libro:
979 2136 1027 2205 ,de

85 2211 220 2295 Trircpio,
246 2218 352 2292 inquo
369 2212 506 2277 eamdem
531 2216 687 2276 historiam
711 2218 1029 2294 memoratrepetiit-
1079 2237 1082 2242 ·
1124 2202 1132 2217 ⁹

82 2309 133 2372 que
151 2296 242 2361 Libro
264 2296 366 2358 ill-de
389 2295 462 2357 Fido
489 2295 673 2367 Orthodooeo,
696 2296 768 2374 Cap.
793 2296 838 2369 X,
864 2295 914 2357 dbi
936 2300 1027 2360 etiam

81 2380 190 2452 prodit,
215 2382 246 2441 in
270 2377 313 2438 Vl
335 2376 452 2459 Synodo
475 2379 673 2439 Oecumenica
697 2380 886 2439 decantatum
910 2380 1025 2447 luisse,

84 2460 107 2516 in
121 2457 175 2519 line
197 2462 316 2523 scilicet
340 2462 453 2537 primae
469 2462 602 2529 aetionis,
627 2461 746 2537 quando
763 2460 923 2520 lliosco'rus
945 2462 1030 2519 dnm-

84 2548 159 2601 natus
180 2550 237 2605 est.
263 2538 405 2619 Hymnus
427 2542 513 2619 ipse,
539 2542 670 2617 precatio
692 2549 738 2602 est
760 2541 879 2620 saepius
906 2544 935 2601 in
957 2540 1035 2601 om·

86 2623 123 2680 cio
137 2622 327 2685 Graecorum
350 2624 467 2691 iterata,
493 2624 683 2699 habeturque
706 2624 733 2681 in
756 2622 898 2700 liturgiis
919 2622 951 2683 S.
974 2623 1034 2684 Ba·

84 2704 150 2773 sitii,
173 2715 204 2767 et
225 2706 325 2767 Sancti
349 2702 467 2769 loannis
489 2704 707 2785 Chrysostomi.
732 2703 839 2764 Petrus
861 2705 973 2774 Fullo,
996 2711 1032 2768 ut

25 2814 26 2819 κ
85 2782 232 2848 inveheret
253 2785 545 2861 Theopaschilarum
564 2786 725 2854 haeresim,
750 2788 804 2861 qui
825 2794 962 2848 naturam
985 2787 1030 2845 di·

85 2866 174 2928 rinam
192 2886 311 2946 passam
334 2868 361 2925 in
377 2864 474 2927 Cruce
498 2866 573 2927 lalso
588 2866 784 2932 affirmabant,
807 2884 843 2926 ea
857 2869 948 2927 verba
961 2865 1029 2925 Tri·

87 2950 157 3025 sagio
178 2948 313 3009 addidit:
342 2946 405 3023 Qui
422 2947 595 3030 Crocifiaccr
612 2966 640 3008 cs
650 2967 707 3027 pro
723 2950 804 3006 notis
826 2949 963 3007 miserere
979 2964 1031 3004 no·

88 3027 138 3097 liar
158 3032 236 3107 quod
259 3028 514 3091 aCatbolicorum
532 3036 617 3090 coetu
634 3029 829 3107 reprobatum
845 3026 912 3089 tuit,
929 3024 1031 3088 Hanc·

89 3126 138 3185 que
157 3112 340 3173 additionem
363 3111 420 3170 sub
443 3107 532 3170 finem
557 3110 675 3171 saeculi
698 3109 754 3170 Vll
777 3109 876 3171 adhuc
904 3126 1032 3184 usurpa·
1102 3182 1104 3186 ι

89 3197 147 3252 rent
165 3190 352 3254 Graecorum
375 3188 529 3253 Ecclesiae
553 3192 723 3259 nonnullae,
746 3209 814 3251 eam
829 3192 885 3252 sub
907 3190 1033 3251 anathe-

90 3275 165 3334 matis
186 3274 430 3335 interminatione
462 3274 602 3351 deinceps
628 3273 779 3333 decaoteri
801 3274 896 3333 vetuit
925 3269 1033 3332 Conci·

90 3350 150 3413 lium
172 3357 263 3430 Quini
286 3355 408 3416 Sextum
432 3356 505 3416 Can.
523 3352 576 3415 81.
600 3352 640 3415 Et
660 3360 760 3413 tamen
784 3354 910 3414 Saeculo
932 3354 1033 3415 adhuc

91 3429 129 3492 xl
148 3455 211 3497 eam
236 3437 421 3513 usurpabant
441 3436 592 3505 Armeni,
627 3455 702 3512 quos
724 3443 880 3512 propterca
904 3434 1032 3494 Sanctus

93 3510 241 3595 Gregorius
264 3517 320 3577 vlt
335 3517 403 3576 lib·
418 3516 489 3577 Vlll
505 3516 635 3594 Epistola
650 3516 664 3576 l
678 3516 714 3576 nd
737 3517 960 3596 Synnadensem
977 3514 1031 3575 hr-

25 3624 26 3627 ¹
94 3594 305 3677 chlepiscopum
328 3601 368 3659 ita
385 3598 581 3658 adhortatur:
610 3597 786 3661 thrrsotam
809 3618 897 3677 quom
922 3598 1034 3661 inille
