2517 4059
567 169 792 241 willo&-

203 295 435 377 praesidebant,
460 316 516 358 non
531 298 735 376 quicumque,
752 299 804 359 sed
819 314 895 375 quos
908 308 1089 377 «perraras
1104 316 1156 357 ro

204 384 252 440 cat
273 378 404 459 lustinus
425 380 565 457 Martyrr
589 379 729 459 Episcopi
760 381 874 441 scilicet
895 383 942 441 ret
964 379 1153 441 Sacerdotes.

205 462 286 525 vasa
308 478 414 530 sacra,
438 462 529 522 ctiam
551 462 623 523 dnm
641 464 865 539 persecutiones
879 461 1039 530 saevirent,
1055 463 1095 523 ad
1112 481 1157 523 sa·

204 542 512 623 erum-ministerium
546 544 677 605 adhibita
711 545 803 607 tuisse
829 560 919 604 astrea
940 550 971 604 et
991 551 1154 621 argentea,

205 624 403 687 nouissimum
427 630 473 686 cst
493 642 530 686 ex
554 624 653 687 Gestis
670 627 860 704 purgationis
880 623 1059 696 Caeciliani,
1084 624 1159 687 Prn-

204 709 307 783 dentio
328 712 359 768 et
379 706 457 767 aliis.
474 704 588 769 Altaria
609 726 731 789 quoque
753 713 786 768 ut
805 708 957 768 Thronum
979 705 1105 774 Christi,
1130 710 1158 769 in

121 794 124 801 ’
205 807 315 870 magna
338 790 533 853 veneratione
557 790 671 853 inisse.
696 808 792 866 neque
814 789 852 850 ab
873 788 940 851 aliis
958 806 1051 866 quam
1068 808 1087 849 a
1104 790 1160 851 llo·

204 872 322 947 realistis
344 875 397 931 aut
418 870 554 944 brionis,
577 873 625 933 rel
648 870 785 932 Ethnicis
806 889 911 934 eversa
939 876 980 931 et·
1001 871 1159 949 profanata

204 954 323 1025 inisse,
347 966 384 1013 ex
406 952 537 1032 Optato,
560 952 747 1016 btlranasio,
770 958 802 1015 et
822 954 888 1014 aliis
910 970 1004 1030 aequo
1025 960 1158 1015 eertum.

203 1035 316 1111 'Vestes
337 1035 432 1095 saeris
452 1036 625 1097 ministeriis
648 1035 785 1114 proprias
805 1041 943 1114 gestare,
966 1034 1038 1095 dunr
1059 1033 1161 1098 Litur-

204 1120 255 1197 gia
275 1116 500 1187 celebraretur,
524 1118 720 1195 antiquissimi
742 1119 833 1179 etiam
862 1118 954 1178 moris
974 1124 1037 1184 cst,
1060 1123 1096 1178 et
1116 1123 1161 1178 to·
1249 1187 1250 1196 ἵ

205 1210 255 1262 tus
276 1198 385 1261 Oriens
407 1198 628 1277 religiosissime
650 1200 800 1260 observat.
817 1199 1065 1277 praeparatoriae
1088 1216 1159 1277 pre·
1250 1241 1251 1258 r

203 1298 255 1347 nes
277 1281 389 1354 multae
410 1286 479 1342 suart
499 1286 531 1340 et
551 1280 690 1343 diversae
711 1283 742 1341 iu
764 1282 893 1359 antiquis
913 1280 1074 1358 Liturgiisa
1093 1298 1159 1344 sen·

204 1364 296 1433 tentia
318 1378 438 1439 semper
458 1362 587 1434 eadem,
604 1380 659 1437 nec
681 1364 718 1424 de
740 1363 798 1423 iltis
812 1363 1015 1426 controversia
1035 1365 1159 1427 moveri
1252 1433 1253 1444 χ

204 1446 265 1505 nlla
282 1451 407 1587 potesta
431 1462 501 1506 cum
523 1463 560 1505 er
583 1446 641 1507 illis
656 1445 814 1509 nonnullae
829 1446 958 1508 selectae
978 1452 1058 1514 sunt,
1075 1464 1158 1525 qnae

203 1527 290 1606 singu
301 1528 328 1589 is
341 1526 452 1587 officiis
473 1525 740 1605 conjungerentur.
757 1527 860 1589 lectio
880 1526 1109 1605 Scripturarum
1125 1535 1160 1589 ut
1253 1529 1254 1570 l

203 1608 233 1670 in
255 1610 423 1691 synaxibus
444 1606 618 1670 Christianis
633 1609 710 1671 lacta
727 1610 783 1672 init
796 1611 972 1688 antiquitus.
989 1609 1029 1670 ita
1046 1610 1075 1669 in
1091 1628 1159 1671 om*
1254 1627 1255 1658 1

179 1689 455 1769 ¹nibus-liturqiis
478 1692 695 1769 praescribitur
725 1709 763 1751 ex
798 1697 927 1769 utroque
948 1689 1155 1756 Testamento.
1255 1723 1256 1742 κ

202 1772 364 1835 Sermones
375 1773 413 1835 ab
424 1771 580 1852 Episcopis
596 1780 650 1834 ant
664 1774 850 1853 Presbyteris
865 1774 983 1835 trabitos
997 1772 1035 1833 de
1049 1772 1160 1835 iisdem

202 1854 431 1934 Script'urarum
465 1856 538 1917 locis
570 1855 685 1925 luisse,
707 1857 846 1933 quamvis
877 1857 907 1916 in
935 1854 1076 1933 liturgiis
1100 1874 1161 1916 non

203 1939 448 2011 praescribatur,
473 1938 601 2015 probant
622 1943 667 2000 tot
687 1954 765 2013 quae
797 1937 834 1998 ad
867 1956 921 1998 nos
952 1944 1161 2015 pervenerunt

191 2018 384 2081 ¹Sanctorum
406 2016 529 2081 Petrum
552 2018 713 2081 Homiliae.
739 2018 925 2082 Psalnrorum
954 2018 1060 2081 cantus
1079 2022 1160 2082 anti-

202 2098 367 2243 guissimus
389 2105 456 2169 est,
480 2105 512 2161 et
533 2101 646 2179 ubique
666 2106 872 2163 conservatus.
890 2101 1026 2178 integros
1040 2101 1160 2179 aliquot

233 2184 313 2244 raeci
334 2189 367 2243 et
387 2180 555 2244 Orientales
577 2202 686 2246 canere
712 2184 831 2246 solent:
856 2184 884 2243 id
906 2182 997 2251 etiam
1020 2181 1049 2243 in
1072 2189 1161 2244 retu-

201 2264 257 2327 stis
278 2264 383 2325 otliciis
405 2262 517 2326 Latinis
539 2267 774 2345 praescribitur..
998 2288 1009 2295 -

142 2353 145 2358 ⁴
216 2344 284 2427 sll.
307 2345 464 2413 Orationes
485 2346 522 2408 de
543 2349 695 2420 omnibus,
720 2352 751 2407 et
765 2364 821 2426 pro
835 2347 984 2417 omnibns,
1000 2344 1158 2408 utGraeci

199 2430 233 2488 et
252 2427 424 2508 orientales
446 2429 630 2507 loquuntur,
655 2430 810 2492 extantia
832 2429 975 2507 Liturgiis
999 2429 1153 2494 omnibus,

200 2516 234 2569 et
254 2508 373 2584 illarum
397 2517 530 2572 retrrstas
551 2511 748 2574 confirmatur
771 2528 828 2571 nou
843 2512 979 2571 omnium
996 2509 1085 2571 modo
1097 2509 1157 2571 Co-

200 2590 325 2663 dicum,
348 2592 400 2653 sed
428 2592 604 2656 Sanctorum
637 2593 760 2656 Patrum
794 2592 985 2655 testimoniis.
1008 2590 1156 2654 Osculum

200 2672 302 2749 pacis,
324 2681 356 2737 et
376 2676 526 2737 orationes
546 2678 660 2754 aliquot
674 2682 834 2754 antequam
850 2676 961 2744 detur,
979 2690 1158 2750 repraesen-

122 2762 127 2823 ζ
200 2759 265 2834 tant
284 2774 388 2817 omnes
403 2755 572 2821 Orientales
594 2759 766 2836 Litnrgiaer
786 2763 817 2819 et
832 2756 903 2819 illud
925 2755 1090 2817 secundum
1105 2772 1154 2816 ea-

201 2854 270 2898 rum
293 2838 499 2916 disciplinam,
524 2841 647 2914 Actionl
665 2858 769 2901 sacrae
790 2839 944 2918 praemitti
958 2837 1047 2899 solet.
1064 2837 1155 2897 Prae

200 2918 373 3001 latio-quas
395 2921 514 2983 initium
537 2922 718 3000 amphorae
740 2924 881 2999 propriae
901 2921 1002 2981 dictae
1023 2921 1087 2980 sire
1100 2918 1157 2981 Ca·

134 3056 135 3061 ,
202 3002 372 3079 nonisestr
397 3003 425 3063 in
447 3006 583 3065 omnibus
604 3003 823 3083 cujuscumque
844 3005 920 3064 ritus
953 3007 1006 3065 aut
1036 3003 1155 3079 linguae

201 3080 345 3161 Liturgiis
372 3090 480 3145 exstat.
505 3086 579 3149 llam
598 3094 717 3163 ‚aperta
747 3086 843 3146 innrrit
864 3086 997 3146 lustinus
1025 3084 1155 3162 biartyr.

201 3159 298 3235 Obvia
320 3171 390 3227 sunt
410 3167 578 3229 testimonia
593 3168 769 3229 Sanctorum
785 3163 908 3227 Patrum
930 3166 981 3244 qui
997 3164 1073 3227 trano
1089 3182 1158 3224 ora-

200 3246 312 3326 tionem
345 3247 519 3329 designaut3
544 3255 577 3311 ut
598 3250 676 3311 inter
707 3249 782 3309 alios
803 3247 992 3327 Cyprianus,
1017 3246 1157 3323 n'ngnstt·
1199 3242 1205 3253 '

192 3344 279 3400 nus,
303 3327 546 3409 Chrysostomus.
571 3330 647 3393 Sunt
677 3348 768 3409 porro
795 3331 824 3390 in
848 3329 961 3391 Latinis
982 3326 1156 3402 Missalibus

202 3408 404 3487 praelationes
426 3410 558 3485 maritae,
582 3431 652 3474 eum
667 3414 697 3473 in
712 3403 885 3482 Gallicano,
908 3409 1083 3481 Gelasiano,
1100 3407 1159 3471 Go-

201 3489 306 3577 tbieo,
329 3492 527 3563 blozarabioo,
552 3494 773 3559 llnrbrosiano,
796 3496 866 3573 quin
887 3495 979 3556 etiarn
994 3493 1158 3570 Gregoriu-

202 3589 261 3646 no,
286 3592 343 3639 non
367 3576 456 3638 modo
479 3576 507 3638 in
530 3576 613 3639 lestis
641 3578 847 3650 solemnibus,
867 3576 918 3639 sed
942 3576 971 3636 in
993 3574 1156 3646 omnibus,
