2517 4059
460 185 601 258 wint
623 194 684 256 istr-

108 314 170 380 rias,
186 317 217 371 et
232 315 308 373 inter
323 331 355 372 se
370 314 575 389 discrepantes
587 314 771 389 Scriptorum
786 316 944 375 sententia.
962 314 1051 386 Nam,

107 401 137 455 ut
155 400 199 455 est
229 396 261 453 in
282 394 445 454 Annalibus
468 394 585 455 baronii
613 397 649 455 ad
673 413 784 456 anuum
809 394 849 455 lr8
870 404 889 469 p
910 398 940 458 5.
967 396 1053 459 Nice·

108 475 274 552 pbo'rusex
296 473 411 535 Evodio
434 476 543 553 prodit,
566 496 634 537 eam
658 478 768 537 risisse
795 496 888 539 annos
909 480 1054 555 qrrinqua-

107 558 180 633 ginta
196 575 318 617 norem.
331 558 468 617 Andreas
482 556 634 619 Cretensis
655 556 800 619 Oratione
807 560 912 637 prima
927 562 961 619 in
975 558 1055 621 Dor·

105 641 250 698 mitionem
276 639 484 703 Sanctissimae
511 640 663 720 Deiparae
679 685 684 705 ,
699 640 781 721 'nibil
805 639 969 710 definiens,
994 641 1052 702 boc

104 720 293 785 rolumdicit,
310 721 391 779 illam
407 722 550 797 miprasse
566 724 601 781 ab
617 723 757 781 inmanis
772 723 824 781 ubi
838 722 877 781 ad
888 733 1053 783 ectromate

104 800 257 863 devenisset
282 810 469 863 coarctatam.
494 800 679 880 Epiphanius
711 803 872 882 Presbyter
899 800 1052 865 Ecclesiae

101 881 437 959 Constantinopolitanae
460 901 554 943 annos
576 884 655 944 duos·
673 890 704 944 et
732 886 919 961 septuaginta
942 885 969 945 ei
1002 884 1052 945 tri-

102 963 171 1025 buit.
194 964 285 1038 Quod
307 966 398 1027 etiam
420 965 575 1027 Cedrenus
597 965 669 1025 lacit
691 968 720 1024 ln
743 963 925 1043 Compendio
947 963 1050 1025 Histo-

102 1047 221 1107 riarum.
235 1047 342 1123 Itaque
354 1048 508 1108 dubitatur
519 1047 624 1116 etiam,
642 1066 701 1125 quo
717 1066 793 1108 anno
805 1046 916 1113 Christi
929 1046 1050 1109 obierit.

466 1203 680 1273 ‚CAPUT-iil.
783 1250 785 1255 -
835 1208 876 1234 ”
974 1209 977 1216 ’

97 1419 101 1423 .
156 1388 205 1458 'ne
221 1380 324 1433 rasso
338 1388 541 1433 narrvrrtrrs
555 1382 681 1433 osanna
695 1388 818 1433 usuras
834 1386 986 1454 vraouus.

136 1534 162 1595 1.
182 1531 563 1597 Azorirrs·1astitatiantrm
588 1534 750 1595 Moralium
776 1542 861 1611 part.
879 1533 912 1593 Δ2
939 1532 1003 1599 tra.
1035 1532 1055 1593 1

104 1614 172 1693 Cap.
192 1615 233 1675 19
250 1615 398 1693 pressei
421 1622 503 1691 putat
518 1616 706 1691 temporibus
728 1612 885 1693 Ephesini,
909 1622 940 1675 et
962 1614 1051 1675 Cbal-

101 1697 270 1769 cedoncnsis
291 1697 415 1756 Consilii
438 1698 621 1757 nativitatem
646 1696 777 1772 Virginis
802 1697 945 1773 peculiari
968 1696 1051 1756 iesti-

100 1778 186 1841 ritate
208 1777 359 1839 celebrari
381 1778 526 1852 coepisse.
541 1777 611 1854 >Nec
632 1779 727 1838 detuit
748 1780 798 1855 qui
823 1778 858 1838 ad
882 1778 980 1845 banc,
1012 1776 1049 1837 de

14 1873 15 1884 ¹
100 1876 152 1934 qua
172 1860 317 1937 agimus,
348 1858 518 1921 festivitatis
541 1860 748 1935 antiquitatem
771 1860 1048 1936 comprobandam,

100 1956 266 2001 sermonem
288 1939 449 2017 Augustini
472 1941 656 2010 adduceret,
681 1940 764 2001 illum
789 1941 885 2017 ipsum
909 1941 1046 2011 scilicet,

99 2037 181 2096 quem
205 2024 236 2082 in
253 2022 301 2082 die
324 2021 491 2083 Natiuitatis
509 2022 639 2101 Virginis
661 2024 795 2083 Romana
812 2023 883 2100 legit
897 2020 1045 2083 Ecclesia:

90 2109 126 2162 et
145 2105 186 2163 sic
207 2122 241 2165 se
266 2104 356 2164 babet
370 2124 385 2162 ε.
401 2102 490 2164 Adest
511 2107 605 2172 nobis,
636 2104 827 2172 dilectissimi,
855 2106 973 2183 optatas
989 2104 1050 2165 dies

97 2181 201 2263 Eratos
217 2194 247 2257 et
264 2185 447 2246 Venerabilis
464 2178 597 2263 Vispinis
611 2188 744 2245 Mariae:
768 2184 834 2244 idco
850 2184 917 2245 crim
933 2191 1050 2245 summa
1073 2192 1076 2197 '
1159 2198 1162 2203 '

100 2262 277 2329 adultatione
299 2266 430 2344 pendeat
456 2275 540 2326 terro
565 2276 668 2335 nostra
693 2275 794 2325 tantae
819 2268 952 2345 Virpiais
977 2268 1048 2327 illa·

99 2356 189 2409 strata
212 2350 323 2409 natali.
347 2347 427 2408 Huic
450 2348 699 2423 opiniouiallinis
721 2367 755 2407 ea
779 2354 848 2427 est,
867 2365 957 2425 quarn
982 2366 1052 2425 pro·

100 2432 177 2500 ponit
199 2430 334 2507 saussay
357 2432 386 2488 in
403 2430 618 2507 blartyrologio
641 2427 806 2499 Gallicano,
831 2436 861 2489 et
882 2434 1049 2505 sequuntur

99 2509 199 2571 Sarius
222 2514 253 2569 in
277 2512 491 2577 Dissertatioae
517 2510 552 2570 de
577 2512 672 2571 sacris
691 2512 867 2589 ‘corporibus
895 2508 1048 2579 Gereasii,

14 2625 15 2666 p
99 2602 123 2650 et
142 2591 278 2653 Pratasii
294 2630 314 2662 ,ι
329 2595 448 2666 aliique·
461 2593 565 2652 etiam.-
589 2589 718 2652 Censent
740 2593 792 2660 bi,
817 2590 847 2650 S.
872 2590 1048 2651 Maurillum

14 2683 15 2694 ¹
97 2671 360 2743 Mediolanensem,
383 2672 482 2732 Sancti
498 2674 620 2734 Martini
636 2674 825 2749 discipulum,
850 2690 884 2731 ac
906 2674 1048 2749 deinceps

14 2753 15 2760 ’
98 2753 340 2834 Andegavensem
365 2754 558 2831 Episcopum,
583 2755 776 2817 testivitatem
801 2753 875 2819 banc
892 2756 926 2813 in
943 2752 1049 2814 Galliis

14 2889 15 2914 ,
99 2834 269 2897 instituisse.
293 2837 512 2901 Thomassiuus
533 2837 578 2897 De
592 2834 684 2896 Fertis
705 2836 771 2896 Lib.
788 2833 821 2893 ll·
832 2832 903 2912 Cap.
921 2833 961 2896 20
978 2854 1006 2894 n.
1017 2834 1048 2902 2,

99 2914 126 2983 3,
146 2926 177 2979 et
198 2915 585 2980 t·‚1·'utbeniCarn0tensts
608 2924 744 2994 tempore
762 2916 925 2977 institutam
949 2919 1048 2993 putat.

99 2995 177 3074 Apud
201 2999 334 3081 Graecos
356 2999 442 3061 valde
464 2999 663 3080 antiqua-luit
696 2998 770 3059 baec
794 2994 942 3072 lleiparae
967 2994 1048 3057 iesti-

14 3093 15 3118 ³
99 3080 179 3159 ritas,
201 3083 256 3143 sed
279 3101 339 3159 quo
353 3082 701 3157 determinatotempore
724 3098 757 3140 ea
781 3080 827 3155 agi
850 3079 982 3155 coeperit
997 3079 1048 3161 in·

45 3224 47 3228 ,
99 3168 222 3225 certum.
246 3159 351 3237 Quoad
373 3163 492 3224 latinos
506 3162 656 3238 prioribus
678 3160 826 3221 Ecclesiae
848 3160 974 3219 saeculis
990 3177 1046 3219 non

100 3239 152 3303 init
167 3242 174 3323 l
189 3246 218 3305 in·
236 3247 297 3306 tota
312 3246 417 3305 saltem
434 3240 587 3323 Ecclesia)
604 3242 747 3319 peculiari
764 3242 951 3301 solemnitate
967 3236 1058 3301 culla'
1083 3268 1087 3275 -

14 3370 15 3375 η
98 3321 288 3394 Beatissimae
310 3326 425 3387 Mariae
447 3321 577 3401 Virginis
598 3322 757 3387 Nativitas'.
781 3318 821 3381 -ld
845 3323 1050 3399 scilicetper·

101 3407 196 3481 spicue
217 3410 337 3469 ridetur
359 3408 424 3467 erui
446 3424 483 3467 ex
504 3408 540 3465 iis
562 3402 810 3471 PetriCellensis
835 3404 957 3464 Abbatis
978 3420 1047 3464 rer·

101 3481 142 3548 bi's
161 3488 226 3551 Lib.
239 3489 283 3550 Vl
299 3489 395 3563 Epist.
413 3487 464 3549 23:
490 3485 557 3547 Non
573 3496 638 3548 erat
652 3486 688 3545 ab
704 3488 792 3545 initio
808 3479 961 3547 Natiuitor
977 3482 1046 3545 Vir·

101 3569 172 3647 pia‘is
186 3572 219 3634 io
233 3570 363 3633 Ecclesia
377 3570 531 3638 solemnis,
552 3567 603 3628 sed
625 3568 768 3629 crescente
782 3562 939 3629 'Fidelium
962 3564 1045 3628 dcco
