2517 4059
591 195 775 267 suaptim.

205 331 276 392 ham
299 328 367 389 titiis
388 328 550 405 imposuit,
574 332 609 388 ut
628 345 646 387 a
666 325 813 388 Gentibus
834 334 1083 395 secernerentur,
1098 328 1157 395 tie

203 415 332 487 rentquc
363 416 454 487 atque
486 416 720 486 agnoscerentur
746 408 800 470 Dei
828 410 982 487 populus,
1017 418 1108 489 atque
1140 432 1160 474 a

201 492 349 556 Gentibus
371 492 542 571 segregati?
563 490 695 571 vulgata
719 489 869 551 Pictorum
891 493 1077 568 consuetudo
1098 500 1157 563 est,

202 584 237 638 ut
257 576 329 636 dum
353 575 422 637 lesu
436 574 547 637 Christi
562 572 833 635 Circumcisionem
849 574 1002 646 exhibent,
1027 594 1157 652 puerum

202 658 359 721 Christum
392 658 420 717 in
449 656 619 718 Sacerdotis
652 655 791 715 manibus
818 655 962 716 reserant.
990 657 1047 718 Sed
1076 660 1158 735 quod

201 742 239 801 ad
261 738 454 801 Sacerdotem
476 738 718 800 circumcisionis
741 737 912 801 ministrum
933 740 1050 808 attinet,
1073 740 1103 799 id
1119 759 1159 801 ex

201 822 351 882 arbitratu
374 828 465 899 atquc
480 822 598 899 ingenio
613 819 928 896 Pictorum-provenit.
941 817 1031 883 Nuita
1045 815 1160 885 scilicet

202 904 307 965 afferri
330 910 429 980 potest
444 903 480 962 ad
493 920 563 963 eum
581 904 674 962 ritum
697 901 951 979 comprobandum
967 902 1040 981 legis
1052 903 1157 982 jussio.

202 988 285 1047 nnita
306 984 469 1063 probabitis
491 984 689 1054 consuctud03
705 984 796 1042 immo
807 1000 845 1042 ex
857 984 1005 1044 contrario
1020 989 1160 1066 exempta

202 1083 258 1127 non
270 1084 362 1146 pauca
374 1068 469 1126 multo
482 1066 569 1127 aliter
579 1084 611 1141 se
624 1064 988 1139 habuissedcctarantAb
999 1067 1157 1130 Abbramo

200 1146 297 1208 fitium
319 1166 408 1209 suum
429 1146 520 1207 tuisse
541 1148 763 1217 circumcisum,
788 1151 851 1206 tum
868 1149 940 1207 aiios
953 1151 1035 1208 viros
1049 1150 1158 1212 domus

198 1248 283 1301 suae,
308 1229 466 1308 perspicue
488 1231 686 1314 assequimur,
709 1227 840 1298 abfuisse
862 1248 934 1289 vero
956 1231 1074 1291 abhoc
1096 1234 1159 1294 ritu

200 1310 406 1391 Sacerdotem,
420 1310 505 1389 cujus
518 1312 599 1372 nnita
612 1310 724 1371 mentio
736 1305 873 1388 deinceps
884 1310 930 1372 fit
943 1311 1099 1390 Sephora
1091 1332 1157 1393 ipsa

199 1391 293 1455 filium
317 1411 406 1455 suum
439 1411 534 1470 acque
555 1395 755 1454 circumcidit
785 1388 893 1454 losue
899 1398 1074 1455 universum
1101 1414 1157 1473 po·

199 1476 304 1554 putum
328 1476 525 1536 circumcidit.
550 1467 683 1536 Iudaeas
698 1474 853 1536 mutieres
862 1474 938 1535 titios
959 1495 1030 1537 suos
1053 1478 1157 1539 Antio

199 1556 249 1616 chi
272 1563 407 1639 tempore
431 1558 653 1617 circumcidisse
675 1576 730 1617 nos
751 1558 858 1616 docent
880 1557 964 1634 Libri
979 1556 1158 1619 Machabeo

200 1657 279 1700 rum.
305 1638 344 1700 Et
358 1657 398 1699 ne
410 1639 449 1699 ab
464 1639 656 1717 Evangelio
649 1657 730 1717 ipso
727 1636 924 1699 discedamus
938 1658 977 1700 ex
991 1639 1094 1720 Capite
1108 1640 1184 1703 lx

198 1720 299 1783 Lucae
321 1741 353 1781 ι
377 1720 417 1780 60
450 1724 609 1789 novimus,
643 1721 752 1780 nonin
774 1720 923 1797 Templo
958 1722 987 1779 in
1009 1740 1069 1799 quo
1092 1722 1164 1786 suis

198 1806 374 1866 muneribus
395 1802 573 1865 Sacerdotes
594 1802 680 1879 iungi
702 1808 936 1872 consueverant,
960 1804 1065 1864 sedin
1082 1805 1169 1883 ipsis

198 1888 361 1948 Zachariae
384 1887 529 1953 aedibus.
553 1890 711 1963 praesente
731 1891 849 1956 matre,
874 1891 1159 1964 quaeeotempore

198 1970 227 2028 in
249 1969 393 2049 sanquine
413 1966 635 2049 purifactionis
655 1986 726 2029 succ
740 1966 822 2036 domi
836 1968 987 2036 manebat,
1012 1968 1156 2031 loannem

198 2051 289 2118 fuisse
312 2053 533 2111 circumcisum
557 2048 663 2125 Neque
684 2067 757 2111 vero
776 2052 805 2109 in
821 2068 858 2110 eo
873 2052 934 2110 ritu
957 2050 1163 2113 describendo

197 2134 259 2193 uita
282 2133 394 2193 mentio
416 2132 614 2208 Sacerdotum
636 2129 694 2199 fit.
718 2132 772 2192 sed
795 2137 923 2194 tantum
932 2132 1101 2196 vicinorum
1124 2140 1158 2195 et

196 2220 406 2294 cognatorum.
430 2210 486 2273 His
502 2212 607 2291 positis
621 2216 806 2289 quaeritur,
814 2211 883 2289 quis
897 2232 1023 2291 puerum
1048 2215 1150 2276 lesum

196 2296 412 2358 circumcidit?
434 2294 522 2360 Nuba
545 2296 858 2372 cognatornm‚snuua·
879 2297 1046 2357 amicorum
1068 2313 1155 2357 men·

196 2380 238 2439 tio
260 2376 315 2450 fit,
341 2382 411 2440 dum
435 2378 519 2456 pueri
543 2375 612 2437 lesu
635 2373 826 2436 circumcisid
845 2376 1036 2439 describitur.
1058 2380 1156 2454 Supe-

194 2468 256 2521 rest
278 2464 380 2557 itaque
403 2464 438 2521 ut
458 2459 506 2519 vet
529 2456 646 2528 Maria,
679 2458 862 2553 vetlosepb
883 2460 1012 2520 ministri
1040 2460 1156 2523 suerint

194 2545 429 2606 circumcisionis
451 2541 531 2602 lesu.
554 2540 701 2614 AMaria
722 2534 814 2616 tuisse
837 2541 1049 2602 circumcisum
1079 2546 1154 2603 scri·

193 2626 290 2689 bunt,
325 2626 441 2698 Auctor
463 2622 545 2683 Libri
573 2622 608 2682 dc
630 2642 701 2692 cero
722 2622 949 2685 circumcisione
980 2626 1058 2685 inter
1080 2644 1154 2707 apo·

194 2708 325 2785 crypha
344 2704 582 2784 HieronymiT.
607 2704 635 2763 V
668 2704 740 2763 edit
764 2694 951 2776 Mauricae,
983 2711 1015 2767 et
1045 2713 1153 2769 auctor

192 2788 298 2851 Libetli
333 2786 615 2860 dehonestatione
641 2787 773 2865 Virqinis
805 2787 883 2864 inter
910 2789 1086 2868 apocrypha
1110 2787 1149 2848 Ι).

193 2870 348 2932 Bernardi.
384 2872 425 2931 At
458 2870 531 2929 haec
565 2868 666 2949 spuria
693 2876 764 2942 sunt
795 2870 937 2945 omnique
969 2873 1152 2932 auctoritate

192 2970 299 3014 vacua.
326 2952 350 3032 A
374 2952 502 3029 losepho
524 2952 737 3012 circumcisum
758 2950 851 3009 fuisse
873 2950 1054 3022 Christum,
1077 2969 1149 3033 prc-

192 3035 319 3095 babitius
342 3043 444 3095 censet
459 3034 565 3112 Serry
567 3050 636 3093 cum
652 3032 718 3093 aliis
734 3034 963 3093 recentioribus
988 3038 1153 3116 Moventur

191 3117 283 3178 exS.
308 3117 461 3194 Ephraem
484 3115 560 3195 Syro
585 3113 688 3174 Serm.
705 3114 754 3172 dc
765 3110 1074 3197 Τιαιιιῇφιιιαιὶοιιι,
1098 3116 1151 3177 ubi

169 3195 320 3259 'trahens
341 3202 579 3281 argumentum,
610 3195 765 3284 Christum
787 3198 930 3258 babuisse
953 3216 1056 3259 veram
1080 3211 1151 3257 car·

192 3300 262 3341 nem
285 3299 401 3347 exeo,
425 3274 516 3357 quod
537 3278 594 3342 tuit
616 3273 832 3348 circumcisus,
854 3280 919 3339 ait:
940 3279 977 3342 Si
998 3300 1059 3340 non
1080 3288 1152 3341 crat·

191 3382 274 3433 coro,
293 3362 394 3441 Ioseph
417 3380 513 3443 quem
527 3360 735 3421 circumcidit?
756 3324 907 3457 Quidquid
922 3370 1041 3423 censeat
1056 3364 1163 3439 picto·

190 3462 257 3511 rum
281 3446 412 3523 vuigus,
435 3442 617 3504 Christum
609 3459 644 3503 m
643 3442 779 3540 'Templo
802 3441 1011 3505 circumcisum
1034 3444 1146 3504 descri-

190 3528 349 3597 bantium,
374 3528 403 3586 in
425 3526 601 3587 Bethleeme
623 3526 836 3587 circumcisum
859 3542 929 3585 eum
951 3531 1035 3602 pute.
1059 3524 1148 3589 Nuiia

191 3610 305 3672 scilicet
327 3612 375 3672 lex
398 3598 601 3689 praecipiebat
623 3610 715 3670 ritum
736 3606 849 3668 huuc
841 3624 871 3665 ιιι
889 3606 1015 3686 Templo
1029 3606 1145 3688 peragi.
