2517 4059
475 211 699 284 omittite·

110 352 174 402 ceet
197 341 252 403 tibi
265 385 272 408 ,
297 340 424 402 Domine
446 342 537 401 Deus.
562 339 688 400 Precem
713 341 788 400 lianc
804 340 927 399 cullibet
943 337 1066 398 Missaie

109 422 363 493 Mozarabicum,
395 421 671 482 sacramentarium
702 423 843 482 Albiones
870 421 988 480 Saeculi
1017 419 1063 479 xt

110 505 231 566 Missale
258 503 337 563 1020
359 506 502 582 scriptum
525 505 560 564 ad
584 522 670 564 usum
695 503 840 565 Dominae
862 502 1011 570 Nostrae,
1034 508 1065 562 et

109 585 140 646 S.
165 585 298 646 Servasti
321 584 517 663 Aquisgrani.
548 586 760 646 Sacerdotibus
783 585 906 660 proinde
928 581 1063 642 Ecclesia

109 667 265 728 recitanda
288 669 427 746 proponit
450 669 539 728 trium
563 685 726 744 puerorum
750 665 904 745 Babylone
929 668 1064 742 captivo·
1135 721 1140 730 ,

110 767 178 810 nem
195 751 299 814 rerba,
318 749 369 824 qui
386 750 542 810 ardentem
560 747 713 810 fornacem
730 754 900 824 spectantes
915 749 944 804 in
959 763 1062 822 quarn,

110 831 193 908 quod
216 830 331 892 ldolum
349 830 475 891 adorare
492 829 667 902 noluissent,
693 830 843 909 injiciendi
865 834 961 890 erant.
986 843 1064 886 sum·

109 931 160 972 ma
185 914 276 972 animi
299 912 454 972 alacritate
477 929 509 972 se
526 911 590 971 Deo
611 930 701 988 quem
724 912 901 980 adorabant,
928 911 955 967 in
979 909 1066 968 holo·

108 1000 248 1054 caustum
262 993 461 1070 obtulerunt3
478 994 519 1053 ita
536 995 646 1071 quippe
662 995 771 1054 laetitia
789 995 950 1069 gestientes
964 989 1062 1050 Deum

107 1076 284 1136 exorabant.
309 1075 342 1136 ln
365 1075 465 1133 animo
487 1077 616 1134 contrito
639 1074 715 1134 llan.
737 1073 813 1151 Cap.
837 1073 877 1132 39
892 1071 932 1132 to
955 1077 986 1130 et
1006 1072 1063 1149 spi·

107 1157 168 1217 ritu
190 1157 369 1217 hamilitatis
393 1157 614 1234 occuparemur,
643 1167 670 1217 et
690 1158 767 1216 sicut
788 1157 822 1216 io
842 1157 1010 1213 holocausto
1030 1171 1065 1211 o-

107 1239 231 1309 rietom,
259 1249 285 1300 et
300 1246 471 1309 taurorum,
497 1249 522 1297 ct
538 1237 614 1299 siem
632 1239 666 1296 in
681 1238 811 1298 millibus
833 1254 981 1316 apportem
993 1237 1068 1312 pio«

109 1323 243 1398 quionr;
272 1321 313 1379 sic
334 1319 388 1399 fiet
411 1319 594 1401 sacrificium
622 1332 759 1380 nostram
780 1323 815 1381 in
835 1329 990 1396 conspecto
1011 1327 1065 1377 tuo

108 1400 221 1467 nodie,
243 1410 276 1462 nt
293 1401 412 1476 placeat
434 1400 508 1468 tibi,
533 1402 674 1479 quoniam
696 1419 757 1460 non
780 1410 819 1460 est
841 1401 976 1477 confusio
996 1418 1064 1458 con·

105 1481 269 1562 fidentibus
290 1484 325 1540 ire
339 1493 386 1548 te,
412 1493 439 1540 et
463 1499 543 1541 nunc
565 1484 718 1562 sequimur
738 1492 765 1542 te
780 1483 813 1539 in
828 1491 889 1540 toto
912 1479 1008 1550 corde,
1034 1493 1062 1540 et

106 1565 248 1624 timemus
270 1573 318 1629 te,
343 1573 369 1622 et
393 1565 565 1640 quaerimus
585 1565 693 1642 faeiem
718 1576 811 1623 tuum.
836 1560 904 1621 Hoc
918 1578 988 1620 sane
1003 1563 1064 1638 spi·

106 1647 169 1705 ritu
193 1647 229 1705 ad
254 1644 452 1704 humilitatem
477 1647 651 1721 composito,
676 1653 707 1705 et
728 1644 856 1705 contrito
872 1643 975 1710 corde,
1000 1660 1061 1720 quo

106 1727 194 1806 pueri
217 1727 314 1786 Deum
338 1725 557 1794 obsecrabant,
593 1733 752 1787 uteorum
775 1727 855 1783 vitae
877 1723 1060 1784 sacrificium

105 1809 285 1887 susciperet,
310 1808 389 1884 quod
413 1808 439 1866 ei
464 1810 491 1866 in
514 1808 644 1868 fornacis
666 1810 734 1882 igne
755 1806 933 1869 offerebant,
959 1823 1060 1867 mono·

105 1907 199 1954 mur,
225 1894 258 1948 ut
279 1897 309 1949 et
331 1891 385 1966 ipsi
410 1889 514 1948 eadem
538 1889 659 1966 spiritus
681 1889 875 1956 bumilitate,
910 1893 941 1946 et
960 1889 1060 1948 cordis

105 1970 285 2031 contritione
309 1969 571 2038 incenderemus,
600 1971 678 2046 quod
701 1973 815 2030 scilicet
836 1987 908 2028 rere
930 1985 965 2026 ac
991 1987 1065 2047 pro··

106 2053 173 2131 prie
201 2051 314 2113 dictum
343 2049 521 2112 sacrificium
550 2059 616 2119 est,
645 2053 725 2127 qrrod
752 2049 1057 2126 attenuarentur,

106 2138 196 2210 prout
219 2133 350 2210 loquitur
373 2131 490 2192 David:
516 2132 708 2212 Sacrificium
723 2132 785 2192 Deo
800 2133 927 2212 spiritus
948 2137 1060 2194 contri-

107 2215 252 2283 bulatus;
275 2234 326 2274 car
348 2216 523 2283 contritum,
548 2225 576 2273 et
598 2216 802 2278 humitiatum,
828 2213 918 2282 Deus,
942 2232 1000 2274 non
1014 2215 1060 2274 de·
1122 2252 1125 2256 ⁴

106 2297 225 2376 spicios.
249 2295 394 2356 Sacerdos
417 2302 537 2356 erectus
559 2297 724 2356 consistens
745 2295 879 2355 extendit
896 2305 926 2356 et
941 2297 1059 2356 extollit

104 2395 232 2442 manus,
256 2383 286 2438 et
308 2395 359 2438 eas
382 2377 487 2436 deinde
509 2375 606 2454 jungit
627 2378 663 2436 ad
688 2385 816 2452 peetus;
838 2379 941 2436 oculos
956 2378 1057 2452 erigit,

106 2462 269 2535 statimque
291 2458 440 2527 demittit,
475 2459 596 2518 dicens:
630 2459 704 2518 Veni
728 2456 948 2538 Sanctificutor.
979 2457 1057 2516 Dum

107 2541 180 2600 dicit
202 2539 322 2600 benedic
351 2557 438 2599 marm
462 2540 585 2599 dextera
607 2537 711 2598 Crucis
738 2540 855 2616 signum
879 2540 941 2598 edit
967 2556 1059 2613 super

105 2621 205 2683 Calice
220 2629 251 2682 et
265 2619 389 2690 Hostia,
413 2621 563 2680 sinistram
587 2638 678 2698 super
693 2621 789 2679 Alteri
811 2628 926 2680 teneus.
951 2618 1057 2680 Manus

108 2701 263 2772 extendit,
289 2702 325 2762 ad
349 2702 465 2761 coelum
489 2701 617 2771 attollit,
642 2707 673 2761 et
695 2702 805 2776 iungit,
830 2707 863 2760 ut
886 2703 926 2761 ita
949 2699 1057 2776 signifi·

105 2789 207 2847 cet'se
230 2785 395 2846 subsidium
425 2801 462 2842 ex
485 2784 544 2842 alto
568 2783 718 2841 invocare.
748 2782 861 2843 Oculos
886 2783 975 2859 erigit
1003 2787 1055 2857 qui

106 2868 170 2930 lere
194 2882 299 2926 manus
315 2872 429 2924 motum
446 2869 626 2940 seqrrnntur3
650 2879 708 2940 qua
731 2865 761 2922 in
778 2880 812 2922 rc
826 2863 981 2924 Christum
996 2863 1056 2922 Do-

105 2951 220 3010 minum
244 2949 397 3014 imitatur,
422 2943 591 3022 qui'Patris
612 2943 868 3020 omnipotentiam
893 2947 1054 3013 invocans,

104 3031 207 3090 oculos
228 3029 263 3088 ad
286 3029 410 3090 Coelum
433 3027 551 3086 extulit.
581 3024 848 3087 Demittitdcinde
869 3026 992 3096 oculos,
1023 3037 1056 3088 et

71 3133 75 3138 ·
104 3129 211 3172 manns
234 3129 324 3186 super
338 3109 528 3170 Oblationem
552 3125 629 3189 quac
646 3107 848 3168 benedicenda
864 3112 920 3178 est,
944 3113 976 3166 et
991 3125 1055 3168 ma·

104 3212 145 3254 nu
167 3193 288 3252 dextera
311 3189 415 3250 Crucis
437 3191 555 3266 signum
578 3188 660 3259 edit,
690 3189 813 3251 dicens:
842 3188 995 3256 Remedio,
1022 3197 1056 3250 ot

106 3273 244 3335 ostendat
265 3291 298 3332 se
319 3271 425 3334 Crucis
446 3272 476 3332 ri
499 3271 735 3330 benedictionem
758 3289 883 3348 sperare
900 3288 989 3347 qnam
1004 3289 1056 3348 pe·

104 3351 150 3416 ttt.
175 3353 328 3414 invocatio
350 3353 435 3421 baec,
461 3357 601 3412 monente
617 3351 792 3431 Micrologo,
815 3371 853 3414 ex
867 3355 964 3411 reteri
986 3351 1054 3412 Gal-

104 3439 200 3497 licano
222 3434 333 3496 Missali
349 3432 527 3512 deprompta
550 3440 611 3501 ests
635 3440 718 3494 extat
737 3435 801 3511 ipsa
818 3436 846 3493 in
863 3431 1055 3494 lli-Romano

102 3519 216 3592 Ordine
232 3539 239 3589 ;
265 3522 295 3578 et
308 3517 441 3576 occurrit
462 3517 491 3574 in
508 3513 699 3574 ltlozarabico
719 3513 933 3592 Hispaniarum
950 3516 1055 3578 Eccle-

102 3601 217 3662 siarum
239 3598 364 3670 blissati.
383 3595 467 3658 llaec
489 3593 594 3656 Oratio
610 3596 748 3675 dirigitur
770 3598 806 3656 ad
822 3597 968 3674 Spiritum
982 3597 1054 3658 San-
