2517 4059
577 200 801 272 ⁶25in

213 328 419 396 commodum‚
445 344 497 387 ecs
517 330 661 405 paulatim
684 348 702 388 a
725 328 870 389 lateribus
892 324 1042 393 scindere,
1066 328 1098 383 et
1118 322 1172 383 de·

213 416 333 469 curtare
355 416 540 485 coeperunt,
564 412 657 472 donec
680 412 716 470 ad
739 411 895 478 sormam,
918 425 975 484 qua
999 406 1088 465 hodic
1110 404 1169 465 uti·

212 508 293 559 mur,
319 492 457 549 redactae
480 498 560 552 sunt.

254 570 308 631 ΙΙΙ.
332 570 452 640 Caspia,
475 590 552 647 quae
567 592 661 651 super
682 590 787 633 omnes
803 576 903 631 vestes
926 569 1067 635 induitur,
1091 565 1171 627 Cha-

211 654 310 713 ritatis
331 654 502 733 symboium
526 663 584 723 est,
608 660 644 713 ut
665 658 733 733 post
755 654 939 721 timinam,
964 668 1069 711 omnes
1092 648 1168 717 iere,

212 736 263 810 qui
284 752 356 795 eum
372 736 469 807 secuti
484 742 555 794 sunt
575 736 742 813 Scriptores
764 736 801 796 de
817 734 932 801 Divinis
947 732 1061 793 Officiis
1083 746 1172 805 agen·

212 823 257 875 tes
272 816 391 875 docent.
415 816 502 875 Atiae
516 820 716 895 tropotogicae
739 817 942 892 expositiones
958 815 1021 873 erui
1044 814 1173 888 possunt

212 915 249 957 ex
273 898 364 956 variis
385 898 515 972 antiquis
537 902 744 976 precationum
768 898 920 965 formulis,
945 914 1022 972 quac
1044 892 1082 953 ab
1097 888 1172 967 Epi-

212 980 321 1053 scopis,
346 978 393 1041 vet
415 997 432 1037 a
455 979 668 1042 Sacerdotibus
690 980 810 1041 recitari
827 978 971 1045 sotebant,
997 976 1069 1034 dum
1087 974 1170 1033 iilam

211 1062 383 1121 sumebant.
408 1058 441 1118 ln
463 1067 585 1137 antiqua
608 1062 699 1122 Missa
721 1062 834 1139 lllyrici
857 1061 934 1119 duae
967 1058 1004 1117 ad
1026 1054 1168 1115 Casuiam

211 1148 385 1201 statuuntur
394 1144 598 1217 precationum
607 1142 769 1207 formulae.
784 1159 911 1218 quarum
921 1137 1165 1216 primabaeoest:

210 1220 308 1281 indos
324 1242 374 1281 mo
396 1223 522 1283 Domine
544 1224 731 1285 sacerdotati
748 1224 920 1305 justitiarii
942 1220 1031 1279 indui
1051 1234 1171 1277 merear

210 1302 246 1359 in
267 1303 460 1363 tabernacula
481 1308 674 1384 sempiterno:
690 1307 792 1366 Attene
809 1323 883 1364 vero
899 1308 945 1361 est
966 1300 1167 1379 hujusmodi:

210 1382 308 1445 Indue
323 1403 367 1443 nrc
383 1386 520 1449 Domine.
544 1398 718 1447 ornamento
740 1386 921 1446 humititatis
944 1395 971 1444 ct
994 1382 1168 1449 charitatis,

212 1477 239 1526 ct
255 1465 380 1525 concedo
395 1467 469 1524 mitt
480 1470 687 1545 protectionem
704 1480 808 1529 contro
823 1468 932 1526 bostem
949 1462 1168 1531 insidiatorem,

209 1556 244 1607 ot
267 1548 382 1608 valeam
401 1566 479 1626 poro
502 1549 601 1620 corde,
625 1560 652 1613 ct
674 1561 752 1611 casto
773 1567 894 1627 corpore
915 1545 1041 1607 laudare
1063 1562 1172 1603 nomen

207 1638 294 1689 tuum
305 1639 441 1688 sunctum
453 1632 487 1690 in
500 1635 618 1693 soeculo
628 1633 828 1693 soeculorum.
843 1629 1025 1689 Missaedita
1036 1644 1071 1686 ex
1083 1624 1169 1687 Codi-

210 1728 245 1768 ce
266 1710 407 1771 Cbisiano
430 1710 623 1773 aCardinaie
647 1714 726 1772 Bona
751 1713 875 1772 brevem
899 1712 976 1769 banc
999 1708 1168 1767 orationem

209 1794 355 1851 continet:
379 1791 554 1862 ludariae,
578 1796 706 1854 Domine
728 1804 902 1853 ornamento
924 1790 1114 1857 humititatis,
1140 1797 1169 1847 ct

211 1872 378 1936 chariratis,
403 1882 429 1931 ct
446 1876 541 1952 pacis·¹
566 1886 600 1935 ut
615 1876 751 1953 undique
774 1875 908 1934 munitus
924 1872 1092 1936 virtutibus,
1102 1886 1169 1948 pos·

210 1956 267 2013 rim
283 1954 416 2013 resistere
437 1957 529 2022 vitiis,
555 1967 582 2016 ot
605 1958 735 2017 hortibus
758 1959 875 2023 mentis,
901 1964 927 2013 ct
950 1956 1091 2029 corporis.
1109 1950 1171 2009 Do·

211 2034 417 2094 necPianctae
438 2044 526 2096 vetus
549 2037 646 2098 forma
662 2040 836 2114 permansit,
861 2035 1049 2113 b'ianiputum
1073 2052 1090 2091 a
1113 2032 1166 2093 Sa·

210 2118 330 2175 cerdote
352 2123 419 2192 post
437 2118 589 2197 Confiteor
603 2122 703 2196 accipi
716 2120 920 2179 consuevisse:
934 2124 1005 2176 tuno
1021 2116 1099 2173 enim
1117 2132 1169 2193 su-

208 2214 265 2274 per
279 2196 449 2258 Sacerdotis
472 2200 593 2259 brachia
616 2203 822 2261 sustentbatur
845 2198 981 2258 Pinneta.
1005 2197 1089 2257 Nunc
1113 2213 1169 2254 ue·

209 2297 264 2344 ro,
287 2281 342 2338 etsi
365 2279 504 2340 Pinnetae
536 2283 631 2341 torma
657 2288 771 2341 mutata
793 2287 859 2348 est,
883 2279 1022 2339 eumdem
1048 2289 1168 2337 morem

209 2358 349 2437 Episcopi
372 2362 510 2422 retinent.
534 2362 578 2421 Dc
593 2365 723 2423 Pinnetis
746 2366 857 2439 optime
879 2362 1066 2437 seripserunt
1087 2356 1167 2417 Ruc-

209 2460 256 2511 ca,
280 2448 354 2501 tom.
373 2440 403 2500 2.
429 2443 608 2504 novissimae
623 2446 693 2504 edit.
713 2464 779 2523 pag.
798 2441 890 2511 568.;
916 2442 1062 2503 Meratns.
1089 2446 1164 2499 tom.

208 2524 233 2585 Ι.
259 2531 337 2597 part.
361 2524 375 2583 l
397 2541 464 2598 pag.
483 2523 541 2583 321
567 2545 650 2585 nom.
674 2526 739 2593 323
765 2527 855 2589 Santi,
880 2526 917 2585 de
939 2526 1031 2584 ceteri
1055 2520 1169 2581 Curato

181 2604 369 2683 'Diptycbm
390 2611 422 2664 et
442 2605 609 2674 Postritius
634 2609 662 2667 in
680 2608 897 2667 Dissertatione
920 2604 954 2664 dc
979 2604 1094 2663 Peteon
1116 2622 1167 2662 or·

208 2696 313 2764 penten
336 2684 367 2745 S.
392 2684 478 2745 Petri
503 2686 678 2767 Chrysotopr'
700 2708 767 2766 pag.
794 2688 864 2757 1t1;
888 2686 997 2755 Macri,
1021 2687 1049 2743 in
1072 2680 1170 2765 {itero

208 2768 305 2829 toxico
326 2769 419 2827 verbo
439 2766 559 2828 Casula.

432 2898 451 2934 Ι

595 2930 722 2992 ennon
741 2894 784 2991 u.

425 3110 468 3153 DE
489 3111 665 3154 Tuutcuuut
687 3111 728 3155 ET
750 3110 944 3155 uetustius.

248 3254 273 3313 1.
296 3252 474 3314 subdiaconi
497 3261 612 3315 restem
635 3257 681 3316 sui
703 3257 816 3317 ordinis
841 3256 993 3332 propriam
1027 3254 1166 3321 babent,

205 3353 285 3411 quae
308 3335 397 3393 modo
420 3338 536 3401 tunica,
561 3339 650 3397 modo
665 3357 775 3405 roccos,
798 3340 887 3397 modo
903 3336 1019 3403 subtile,
1042 3342 1089 3395 est
1110 3352 1164 3411 ap·

206 3414 327 3491 peitate,
350 3416 401 3474 sed
419 3414 576 3493 cujusnam
593 3420 749 3485 materiae.
773 3424 805 3479 et
826 3418 940 3481 iornrae
964 3425 1034 3478 tunc
1051 3416 1168 3483 tuerit,

206 3513 264 3555 uon
286 3496 359 3553 satis
372 3503 419 3556 est
432 3498 637 3574 exploratum.
663 3498 706 3559 Ex
724 3500 756 3563 S.
773 3500 911 3578 Gregorii
928 3501 1025 3560 verbis
1050 3499 1077 3557 in
1090 3494 1168 3573 Epi·-

103 3637 105 3642 ,
202 3576 279 3634 stota
303 3575 401 3635 inV
424 3578 489 3638 Lib.
515 3579 573 3640 vll
602 3581 639 3640 ad
669 3581 834 3641 lobannem
862 3580 1086 3659 Syracusanum
1111 3578 1166 3639 eii·
