2517 4059
511 163 734 234 satorem

140 297 250 362 critas,
281 290 413 370 Epistola
436 291 463 351 V
491 293 526 352 ad
549 293 713 352 Damasum
737 291 849 369 Papam
875 291 1021 352 scribens.
1053 289 1095 350 dt

141 374 173 435 S.
193 374 357 452 Gregorius
379 375 505 452 Magnas
528 375 726 434 multitudinis
749 392 875 433 numera
898 392 966 434 cnm
986 375 1020 432 iis
1037 373 1094 432 uti·

141 462 214 523 tur,
239 475 314 533 quos
336 457 450 516 honore
472 457 615 532 prosequi
640 457 715 514 vult.
739 453 806 514 Hac
829 463 928 516 mente
944 456 980 514 ad
999 453 1092 532 maja·

138 553 191 596 res
215 537 379 614 Episcopus
402 538 521 598 scribit:
547 536 726 598 Reverentia
750 548 859 605 castra,
885 534 1037 598 Sanctitas
1052 555 1095 598 aa·

139 629 217 679 stra.
987 656 990 662 ,

182 700 223 762 ll.
249 699 394 762 Sacerdos
417 719 485 760 cum
503 701 573 760 tbus
588 701 672 777 ponit
687 699 714 757 in
730 697 900 760 Thuribulo
916 704 1093 776 sequentem

140 779 316 843 Orationem
332 783 414 844 dicit:
432 779 489 842 Par
503 777 740 842 intercessionem
756 779 846 841 Beati
862 779 1020 842 Michaelis
1035 777 1095 839 Ar·

138 863 277 941 alranqch‘
298 865 407 925 stantis
430 882 448 921 a
471 863 587 923 dextris
609 860 722 922 Altaria
744 864 881 926 incensi,
908 873 935 922 at
958 863 1094 921 omniurn

139 942 311 1005 Etesiarum
339 963 461 1004 suorum
488 948 643 1007 incensum
669 943 751 1003 istud
781 945 923 1022 dignatur
947 945 1095 1003 Dominus

133 1025 363 1095 benedicerent
385 1029 420 1086 in
440 1025 557 1084 odorem
571 1027 733 1086 suavitatis
754 1027 901 1105 accipere.
926 1024 986 1085 Per
1007 1024 1095 1087 Chri·

138 1117 232 1168 stum.
250 1109 459 1184 archangelus
474 1104 561 1184 cnjus
578 1109 750 1167 intercessio
768 1110 936 1174 invocatur,
961 1107 1094 1167 Micbacl

137 1189 273 1262 dicitur3
298 1193 326 1248 in
349 1189 461 1268 lllyrici
483 1196 584 1250 tanrcn
608 1187 699 1248 Missa
722 1190 779 1250 sub
800 1208 878 1248 anno
899 1187 960 1248 900
984 1191 1011 1249 in
1031 1188 1092 1248 Til-

138 1273 248 1332 letiana
272 1289 413 1348 quoque,
438 1277 469 1331 et
490 1268 622 1346 Sagieasi
646 1270 762 1330 Saeculi
784 1269 831 1331 IX
854 1270 976 1331 Gabriel
999 1271 1094 1330 nomi·

133 1361 239 1414 natur.
257 1349 351 1412 Extra
366 1370 486 1414 omnem
503 1352 696 1412 dubitationis
707 1352 804 1413 aleam
823 1354 953 1428 positum
970 1359 1015 1412 est
1030 1353 1092 1412 An·
1167 1357 1170 1362 '

137 1436 241 1513 gelum
264 1437 316 1510 qni
339 1434 503 1494 Zachariae
525 1452 673 1512 apparens
695 1435 732 1494 ad
756 1435 866 1494 littaris
889 1434 1001 1494 incensi
1025 1452 1093 1510 par·

138 1525 201 1578 tem
225 1517 380 1576 dexteram
408 1517 437 1574 in
460 1514 559 1576 Sacris
583 1514 701 1576 Litteris
729 1515 913 1584 exhibetur,
943 1516 1092 1592 Angelum

136 1598 312 1662 Gabrielem
340 1616 429 1666 esser
459 1595 525 1674 ejus
547 1599 627 1656 enim
657 1597 731 1658 haec
760 1603 829 1659 sunt
855 1597 892 1656 ad
915 1599 1090 1657 Zachariam

134 1683 238 1758 ipsum
260 1680 352 1740 verba
376 1677 438 1757 Epo
459 1697 523 1739 snm
549 1675 692 1747 Gabriel,
716 1679 769 1758 qai
789 1679 853 1740 bn
874 1697 988 1759 semper
1009 1678 1092 1740 adsta

135 1762 183 1822 nti
207 1762 315 1838 legitur
343 1761 422 1835 apud
450 1761 560 1820 Divum
586 1761 697 1820 ercam
726 1759 799 1838 Cap.
824 1759 879 1820 ΙΧ.
905 1759 1022 1821 Verum
1045 1761 1092 1820 bis

138 1861 197 1902 non
227 1843 434 1913 obstantibus,
465 1860 533 1900 cum
555 1840 649 1902 Diras
677 1841 805 1902 Miclracl
830 1842 1091 1920 Archangelorum

137 1925 256 2002 primns
278 1924 333 1990 sit,
357 1941 409 1983 sen
434 1922 597 1998 Angelicae
620 1923 745 1984 Militiae
767 1923 976 2003 Coryphaeus.
999 1922 1091 1984 Prae·

136 2007 252 2083 positus
274 2004 418 2070 Paradisi,
442 2005 494 2081 qui
517 2011 548 2066 et
562 2001 716 2067 Ecclesiae
737 2006 891 2083 Princeps;
915 2025 985 2067 eum
1003 2007 1090 2086 quip-

136 2105 197 2163 pe,
222 2093 254 2148 ut
275 2086 345 2146 olim
368 2086 523 2166 synagoga
547 2085 747 2162 ludaeorum,
769 2089 811 2148 sia
835 2107 911 2150 nnnc
934 2088 1089 2161 custodem

131 2175 169 2229 et
189 2175 357 2245 patronum
369 2167 420 2228 Dei
443 2175 605 2228 veneratur
628 2169 773 2235 Ecclesia,
798 2176 830 2229 nt
845 2171 908 2246 ipsa
928 2172 957 2228 in
974 2170 1091 2230 Lectio·

137 2248 226 2310 nibus
249 2250 285 2309 de
302 2247 381 2310 illius
403 2248 597 2328 Apparitione
620 2251 751 2312 addiem
769 2251 842 2315 Vlll
855 2253 927 2313 Maii
947 2270 1089 2329 expresse

135 2333 272 2402 latetur,
302 2347 336 2388 ac
363 2329 446 2390 Deus
470 2330 610 2406 Optimus
640 2331 789 2403 Maximus
818 2335 916 2396 eidam
945 2333 1089 2396 Caelestis

132 2415 288 2474 exercitas
302 2411 425 2472 Primati
448 2415 537 2472 totius
554 2412 705 2474 Ecclesiae
721 2433 823 2475 curam
845 2417 1085 2481 demandaverit,

2 2507 20 2519 ’
136 2493 239 2570 illique
264 2499 420 2570 propterea
437 2495 486 2554 nbi
505 2495 647 2570 primario
662 2514 810 2574 supernae
825 2495 933 2558 Curiae
949 2495 1088 2556 Ministro

134 2592 191 2636 sua
212 2574 340 2635 Decreta
370 2574 559 2642 manifestet,
590 2583 623 2636 ut
650 2579 717 2637 aliis
742 2580 918 2653 exequenda
947 2579 1086 2644 intimet,

136 2657 214 2728 unde
238 2657 333 2732 inquit
359 2655 522 2734 Gregorius
547 2653 704 2719 Ferrarius
732 2660 762 2720 in
785 2658 908 2734 hpocal
932 2660 1004 2737 Cap.
1031 2658 1089 2720 Vll

132 2737 226 2798 Tam.
250 2736 278 2797 ll
303 2756 369 2815 pag.
397 2737 466 2798 138:
491 2735 526 2795 da
549 2735 695 2798 Michaelc
723 2741 775 2800 hoc
798 2741 935 2802 dicitnr:
959 2742 1089 2820 quinia

134 2819 218 2880 amni
233 2817 382 2880 Ecclesiae
403 2821 558 2902 spirituali
580 2830 675 2891 nocte,
698 2821 868 2900 indigentia
889 2824 1010 2891 scilicet,
1035 2831 1089 2883 ant

135 2900 315 2966 necessitato,
339 2901 400 2980 ipsa
423 2912 587 2981 apportans
609 2905 730 2979 exurgit
755 2905 842 2982 quasi
863 2908 924 2974 sol,
947 2905 1088 2968 adhihent

134 2982 307 3060 esquillam
323 2983 477 3058 speciatam
493 3001 608 3050 curam,
633 2987 780 3053 excitans,
797 2985 1004 3067 adjuvansqna
1020 3005 1088 3047 cae·

70 3091 75 3103 ·
133 3072 212 3122 toros
235 3059 383 3140 Angelos,
409 3073 436 3123 ct
460 3061 657 3141 Archanqslos
678 3085 766 3126 curas
789 3067 943 3128 hominnm
962 3087 1089 3150 praepo-

129 3145 202 3206 sitos
216 3143 257 3204 ad
273 3163 318 3211 ca,
342 3145 510 3223 quaefacta
525 3163 597 3226 opas
612 3155 692 3207 sant.
717 3146 796 3208 Hinc
813 3150 910 3210 bonus
934 3153 996 3227 ipse
1012 3152 1086 3211 ordo

134 3227 277 3302 postulat,
300 3226 497 3304 dignumque,
520 3233 552 3287 et
571 3224 685 3304 justum
707 3236 765 3300 est,
790 3237 823 3292 ut
844 3232 881 3291 ad
904 3233 1084 3294 Michaelem

134 3324 208 3384 prae
230 3311 357 3368 caeteris
381 3307 604 3385 principaliter,
631 3316 792 3387 tamquam
808 3314 1004 3391 praecipuum
1026 3312 1086 3377 Cu·

133 3393 264 3449 retorem
287 3407 376 3448 snum
399 3388 428 3447 in
445 3389 585 3450 omnibns
606 3392 751 3468 angustiis
767 3401 799 3454 et
813 3393 1023 3461 afflictionibus
1039 3414 1086 3458 re-

130 3474 239 3530 currat
250 3467 625 3534 Ecclesia.Corrlirmantur
642 3473 718 3534 haec
733 3493 770 3536 cx
787 3475 835 3547 iis,
848 3496 925 3553 quae
937 3478 1015 3556 apud
1030 3478 1086 3542 Da·

132 3551 242 3612 ntalem
265 3549 412 3614 babemus
427 3549 501 3633 Cap.
514 3549 576 3614 Xll
591 3553 633 3616 ibi
653 3556 734 3618 enim
755 3557 799 3620 sic
821 3557 941 3623 dicitnrz
959 3557 1000 3623 In
1014 3572 1088 3624 tam-
