2517 4059
603 200 829 270 amitti&

237 337 294 394 art.
311 333 331 393 5
354 349 412 390 non
427 332 485 392 erit
506 331 560 392 abs
576 349 608 389 re
632 331 680 390 hic
695 328 831 407 ejusdem
847 331 940 390 verba
963 347 1017 406 per
1033 337 1189 390 extensum

236 414 355 474 afferre.
377 411 414 473 Ut
429 421 508 481 unte,
532 413 640 488 inquit,
660 410 921 473 consecrationem
938 415 1057 491 petitur
1079 421 1114 471 ut
1130 432 1190 471 ma·

235 498 312 557 teria
334 495 388 575 fiat
403 493 564 562 benedicto,
582 492 747 572 adscripta,
765 506 793 554 et
808 504 890 561 rato,
905 493 959 564 sic,
970 503 998 553 et
1017 506 1192 554 consecrato

234 574 351 644 Hostia,
373 595 475 654 nempe
494 577 642 640 Christus.
665 574 791 655 offertur
812 586 966 654 tamquam
981 572 1092 634 Hostia
1109 594 1191 654 pura

236 658 277 719 ad
300 657 500 739 differentiam
524 657 751 736 Sacrificiorum
777 658 934 734 pontium,
963 674 1040 735 quae
1067 659 1191 736 impura

235 751 332 808 erunt,
357 749 384 798 et
406 749 559 818 corrupta.
584 739 697 800 &ncta
719 737 759 797 ad
780 738 983 819 differentiam
1004 739 1191 799 oblationum

234 823 340 885 ueteris
364 819 466 898 Cepis,
490 839 565 900 quae
587 838 647 878 non
668 830 755 879 erant
776 831 897 880 eatenus
918 832 1042 888 sancta,
1065 831 1104 881 ut
1126 823 1193 880 aui-

234 923 315 964 mem
336 903 571 982 sanctificarent.
588 902 678 962 sicuti
699 904 771 962 haec
793 913 907 970 nostra,
926 921 1001 980 quae
1025 903 1104 961 toltit
1121 922 1192 980 pee-

235 995 303 1046 cata
319 984 444 1053 mundi;
466 996 493 1044 ct
506 984 572 1044 ideo
591 983 742 1052 subditur,
760 985 996 1051 immaculatam,
1014 985 1049 1042 ob
1063 984 1100 1044 id
1114 987 1190 1044 enim

236 1066 314 1147 quod
338 1066 474 1129 Christus
496 1083 591 1144 aquus
611 1065 682 1141 fuit,
704 1069 853 1134 innocens,
878 1067 931 1144 qui
949 1075 1109 1144 peccatum
1132 1084 1188 1124 non

198 1218 202 1226 ¹
233 1151 316 1227 fecit,
339 1151 413 1209 tellit
432 1157 556 1227 peccata
571 1147 690 1215 mundi,
714 1145 793 1226 pued
808 1160 848 1208 est
868 1149 998 1208 homines
1018 1147 1191 1227 sanetifica-

234 1249 279 1289 rs.
298 1227 352 1290 Is'st
374 1248 442 1307 erpo
457 1228 563 1289 Hostia
581 1248 670 1308 pura,
695 1239 722 1288 et
741 1228 917 1307 purificans,
933 1238 1049 1294 saneta,
1074 1238 1104 1287 et
1125 1248 1191 1290 san

235 1311 391 1391 etifieaus,
414 1312 627 1380 immaculata,
652 1321 679 1371 et
700 1314 835 1371 mocutm
854 1319 980 1390 torpens.
1008 1308 1101 1385 Quod
1122 1330 1188 1371 uero

235 1390 352 1453 demum
373 1391 556 1474 adjunpr'tur
581 1391 690 1451 Panem
713 1394 790 1453 uitae
819 1404 982 1460 aeternas,
1006 1402 1034 1451 et
1059 1391 1188 1454 Calicem

234 1475 337 1536 saluus
354 1486 524 1553 perpetuae,
542 1473 688 1554 defluitis,
706 1484 732 1533 et
747 1476 906 1552 replicatio
930 1473 1060 1555 ejusdem
1076 1484 1120 1534 est
1134 1473 1190 1534 Ho-

234 1559 331 1626 stiae,·
359 1566 394 1615 ut
421 1557 500 1616 cuim
521 1555 694 1618 Sacerdotes
725 1557 831 1616 ueteris
852 1553 936 1635 Lepis
968 1555 1004 1616 de
1026 1556 1189 1636 Secmfieiis
1243 1592 1244 1597 κ

235 1637 368 1706 edebant,
387 1639 491 1716 quibus
506 1640 598 1698 uitam
613 1639 803 1717 temporalem
818 1639 1036 1698 sustentabant.
1051 1639 1095 1697 sio
1110 1639 1189 1702 Cin·
1243 1652 1244 1659 ¹

234 1723 328 1782 sliani
349 1737 420 1790 esu,
445 1730 472 1779 et
488 1731 563 1797 potu
585 1720 779 1782 Sacrosancti
800 1719 953 1801 Sacrificat
974 1721 1185 1796 spiritualem.

233 1813 324 1882 etque
347 1799 418 1862 adeo
440 1812 592 1862 aeternam
613 1803 743 1862 satutem
763 1801 819 1861 sibi
841 1811 1029 1880 comparent.
1045 1799 1186 1864 Hostiam

234 1902 340 1964 puram
363 1891 422 1944 etc.
447 1885 587 1945 nimirum
612 1885 656 1944 uti
672 1885 811 1945 observat
826 1881 1068 1960 PougetCorpus
1094 1885 1187 1960 ipsum

236 1974 266 2027 et
292 1969 464 2046 sanguinem
487 1963 611 2026 Christi.
636 1964 694 2024 His
717 1965 862 2026 Sacerdos
891 1971 974 2025 notat
995 1964 1187 2042 Prophetiam

235 2047 415 2117 Malachiae,
441 2048 473 2105 in.
492 2067 550 2124 qua
574 2049 761 2125 praedictum
777 2053 844 2107 erat
865 2047 1047 2109 offerendam
1070 2067 1138 2110 esse
1161 2051 1186 2107 in
1244 2046 1245 2109 3

234 2133 315 2192 omni
338 2131 403 2189 loco
426 2147 532 2206 puram
555 2136 586 2190 et
609 2129 751 2190 mundam
773 2129 966 2190 oblationem.
983 2129 1029 2189 hd
1053 2132 1184 2212 quinque

233 2212 519 2288 Crucesignationes,
544 2210 624 2288 quod
639 2212 769 2279 attinet,
792 2211 1009 2272 advertendum
1031 2228 1099 2271 esse
1121 2230 1184 2272 cen-

234 2312 295 2356 seo.
320 2294 399 2369 quod
423 2294 512 2354 tradit
535 2291 627 2354 Divus
643 2292 774 2352 Thomas
796 2294 815 2352 3
839 2302 915 2370 part.
941 2298 1057 2370 quaest.
1074 2292 1116 2353 83
1131 2301 1184 2354 art.

234 2376 253 2438 5
274 2374 346 2436 adh
368 2375 532 2452 praedictas
554 2377 686 2451 quinque
702 2373 816 2435 Cruces
837 2377 887 2435 hin
908 2374 975 2436 heri
998 2391 1058 2433 non
1079 2377 1117 2434 ad
1134 2378 1179 2437 be·

233 2458 426 2520 nedieendam
443 2457 598 2518 materiam
614 2456 856 2521 consecrandam.
874 2458 925 2517 sed
942 2457 1036 2516 selum
1052 2459 1090 2516 ad
1107 2476 1181 2518 eom-

233 2541 460 2601 memorandum
478 2541 619 2598 virtutem
635 2537 751 2606 Crucis,
768 2545 799 2598 et
814 2539 936 2599 modum
952 2539 1102 2600 Passionis
1116 2539 1180 2601 lesu

233 2619 355 2684 Christi.
373 2617 449 2681 Fere
471 2622 575 2682 cariem
591 2621 738 2695 expositio
760 2620 891 2680 habetur
913 2621 1004 2682 eliam
1027 2622 1110 2707 apud¹
1122 2620 1182 2682 Ste-

232 2703 367 2779 phanum
384 2703 554 2764 Eduensem
569 2701 606 2761 de
621 2701 815 2762 Sacramenta
830 2703 942 2762 hilaris
956 2700 1030 2778 Cap.
1048 2701 1098 2762 17.
1117 2705 1184 2765 Esto

233 2783 337 2846 Crucis
360 2787 476 2860 signum
500 2803 553 2858 per
572 2802 617 2851 se,
640 2790 672 2844 et
692 2783 866 2844 immediate
888 2785 1056 2846 institutum
1078 2787 1125 2854 sit,
1148 2783 1181 2844 ad

233 2867 455 2944 significandam
479 2865 589 2927 Christi
613 2867 792 2944 passionem,
816 2883 875 2942 qua
889 2866 978 2929 Cruci
1000 2865 1117 2933 affixus,
1141 2875 1180 2926 to-

234 2955 297 3011 tum
321 2967 375 3028 pro
399 2949 482 3009 nobis
504 2966 592 3008 suum
616 2948 773 3023 profundit
795 2949 1044 3023 pretiosissimum
1061 2947 1180 3025 Sangui-

234 3049 314 3092 nem.
340 3028 417 3089 Hinc
440 3030 653 3090 animadvertit
675 3023 876 3106 ldicrologus,
899 3027 972 3107 Cap.
998 3027 1036 3088 tt
1058 3032 1135 3106 quod
1157 3031 1182 3088 in

234 3113 290 3172 hoo
313 3109 465 3173 Sacrificio
486 3118 539 3170 aut
562 3130 619 3172 una
643 3116 778 3181 tantum,
802 3119 856 3172 aut
878 3117 961 3181 tres,
985 3114 1184 3188 autquinque

234 3193 309 3255 fiunt
330 3193 620 3273 Crucesignationes‚
647 3199 680 3254 ut
701 3211 756 3271 per
778 3211 868 3252 unam
889 3195 1037 3254 essentiae
1060 3194 1178 3254 Divinae

233 3278 332 3338 unitas
354 3275 441 3337 detur
469 3274 618 3354 intelligi,
650 3292 705 3352 per
727 3275 837 3337 trinam
860 3274 1038 3336 Divinarum
1058 3274 1180 3336 Trinitas

235 3355 435 3421 Personarum
458 3359 652 3434 designetur,
686 3362 718 3416 et
745 3373 798 3433 per
819 3357 1035 3435 quintuplieem
1057 3359 1181 3434 quinque

233 3437 343 3499 Christi
367 3440 493 3500 vulnera
515 3441 732 3516 exprimantur.
749 3437 813 3498 Non
828 3438 948 3511 desunt,
973 3441 1024 3515 qui
1046 3440 1180 3516 mysticas

232 3517 304 3578 alias
326 3520 424 3578 varias
447 3520 675 3596 ponderationes
706 3537 798 3596 super
821 3517 926 3582 Crucis
957 3522 1074 3598 signum
1100 3520 1179 3581 exhi-

232 3598 302 3658 bent
323 3599 359 3657 ad
382 3601 572 3662 excitandum
594 3619 630 3661 eo
653 3603 748 3682 magis
762 3601 926 3674 terrorem,
950 3603 1177 3672 venerationem,
