2517 4059
454 197 678 270 widm-

98 329 173 406 plius
195 328 317 388 umbras
339 335 370 389 et
384 325 494 405 figuras
517 327 657 407 Legales,
682 330 732 390 sed
751 330 779 388 in
795 329 831 389 iis
845 325 1044 408 significatum

97 409 261 488 pretiosum
277 411 452 487 sanguinem
468 413 610 472 continet.
634 409 711 472 Eum
727 408 878 488 discipulis
894 410 1044 484 praebuit,

96 492 254 567 dixitque:
279 491 436 570 Accipite,
461 511 624 569 omnesque
646 511 684 554 ex
705 511 742 553 eo
764 493 857 553 bibite
878 490 938 552 Hic
954 501 996 552 est
1018 510 1047 550 e·

96 575 160 634 nim
178 574 270 636 cotie
284 581 342 634 etc.
368 571 421 634 Est
436 573 484 634 bic
500 572 576 634 Novi
591 573 788 646 Testamenti,
812 592 866 635 seu
881 572 956 633 Novi
972 571 1044 633 Foc-

96 655 175 716 desis
198 653 342 733 Sanguis,
365 655 444 732 quod
467 661 621 718 aeternum
646 655 782 717 iuturum
804 663 862 718 cst.
887 654 1046 716 Praeterea

96 740 187 814 primi
208 735 349 798 Foederis
371 738 490 814 sanguis
513 755 602 815 super
623 735 749 798 ludaeos
770 738 947 816 quibuscum
963 735 1046 797 Deus

97 818 171 880 iliud
194 817 305 888 inibat,
330 821 461 880 exterius
484 825 598 881 tantum
622 821 736 881 effusus
757 820 832 890 [uit;
855 820 979 881 atterius
994 835 1048 878 au-

96 909 157 962 tem
175 900 333 979 Sanguinis
350 900 494 962 bibendus
509 908 565 970 cst,
583 907 617 963 ut
633 903 757 963 interius
772 903 964 979 suscipiatur.
981 898 1046 960 Hac

94 983 240 1048 nimirum
262 982 299 1044 de
321 1000 412 1044 causa
432 980 569 1044 Christus
585 983 731 1044 Dominus
754 984 889 1062 prodigio
911 987 1043 1043 caetero·

96 1083 164 1126 rum
179 1065 309 1127 maximo
324 1063 504 1144 Sanguinem
519 1083 606 1124 suum
620 1065 781 1143 Apostoiis.
794 1071 954 1143 autequam
971 1081 1048 1123 mor·

95 1151 159 1206 tem
182 1147 307 1215 subiret,
333 1146 477 1223 praebere
492 1146 596 1207 voluit.
613 1146 718 1223 itaque
733 1146 870 1209 Christus
886 1145 1045 1222 Discipuiis

97 1227 194 1290 dixit:
218 1226 317 1290 Bibite
339 1247 377 1290 ccc
398 1247 429 1288 co
449 1245 568 1299 emnes;
590 1245 674 1289 meus
696 1229 776 1289 euim
799 1228 849 1292 bic
871 1227 949 1292 Novi
969 1225 1046 1288 Foe-

95 1310 179 1370 deris
200 1309 325 1388 Sanguis
346 1317 413 1382 est3
441 1309 520 1388 quod
543 1309 664 1384 quidem
691 1308 809 1370 Foedus
830 1317 895 1373 tum
923 1312 1047 1371 demum

97 1393 175 1462 iniit,
199 1409 269 1452 cum
289 1391 419 1471 figuras,
443 1396 563 1470 peracta
586 1389 739 1458 Pascbaiis
754 1390 832 1470 Agui
854 1395 1055 1461 comestiones

96 1481 315 1542 consumasset.
339 1474 416 1536 iliud
438 1473 503 1534 iniit
524 1492 577 1534 sue
600 1475 707 1535 mortis
729 1471 934 1544 Testamento,
958 1493 1051 1550 quan-

96 1555 258 1634 doquidem
275 1556 389 1616 nonnisi
411 1573 465 1633 per
485 1555 551 1633 ejus
568 1563 696 1617 mortem
719 1555 831 1617 eiectus
853 1556 981 1634 populus
1002 1572 1049 1615 ae·

98 1647 218 1700 ternam
241 1637 456 1700 haereditatem
479 1642 698 1699 consecuturus
720 1644 797 1708 erat,
812 1655 890 1712 quae
913 1653 966 1714 per
991 1636 1050 1696 boc

100 1721 209 1782 foedus
233 1719 331 1780 eidem
354 1719 547 1797 promittitur.
574 1719 643 1780 Duo
664 1719 738 1780 baec
759 1719 850 1780 verba
872 1718 1050 1799 tinctorium

98 1800 189 1862 Fidei
211 1801 240 1861 in
258 1801 420 1879 Evangelio
443 1820 499 1863 non
522 1799 631 1860 adsunt
653 1801 682 1861 id
701 1818 773 1880 ergo
794 1803 976 1863 credendum
992 1804 1049 1867 est,

99 1883 194 1944 verba
217 1881 314 1950 haec,
339 1883 456 1944 eleuatis
479 1881 573 1942 oculis
593 1882 628 1942 in
650 1884 779 1951 coetum,
802 1883 928 1951 aeterni,
952 1891 1051 1961 cimg-

100 1966 228 2027 sterium
249 1961 346 2036 Fidei,
371 1963 537 2026 Ecclesiam
568 1981 602 2025 ea
624 1967 723 2026 omnia
746 1983 783 2028 ex
806 1964 977 2026 'traditione
1002 1979 1051 2024 ac·

96 2049 230 2126 cepisse.
254 2045 374 2125 Singula
402 2052 501 2109 tamen
533 2046 606 2108 baec
628 2047 658 2106 in
681 2047 899 2126 antiquioribus
927 2045 1053 2107 Senem

98 2128 254 2189 Romanae
270 2127 422 2192 Ecclesiae
438 2127 684 2190 sacramentariis
697 2132 839 2190 existunt.
862 2127 938 2189 item
955 2130 984 2188 in
998 2124 1050 2188 Ca·

101 2227 180 2274 noue
202 2209 433 2272 Sacramentarii
456 2209 601 2272 Gallicani
624 2209 778 2273 Bobiensis
797 2228 814 2270 a
830 2211 1004 2272 biabitionio
1020 2227 1053 2270 e·

99 2293 156 2354 diti
179 2290 277 2354 Musei
298 2291 402 2354 Italici
422 2290 508 2352 Tnm.
532 2292 546 2353 1
569 2311 637 2370 pag.
660 2291 743 2363 280,
767 2294 845 2370 quod
874 2294 978 2369 utique
999 2309 1052 2351 au-

101 2373 270 2450 tiquitatem
293 2391 384 2451 supra
405 2391 496 2436 annos
519 2373 599 2436 1000
622 2375 798 2452 praesefert.
822 2372 982 2435 Praeterea
1001 2374 1054 2434 iila
1140 2390 1145 2398 ·

101 2455 196 2516 verba
219 2457 247 2516 in
271 2457 491 2517 consecratione
513 2455 618 2518 Calicis
646 2459 684 2521 sb
706 2456 840 2518 Ecclesia
863 2455 1006 2520 adhibita
1023 2455 1052 2513 in

101 2537 245 2616 Liturgiis
269 2536 455 2600 Graecorum
483 2556 541 2599 nou
563 2544 677 2601 exunt.
707 2539 807 2619 Major
828 2538 1052 2614 Tbeotogorum

100 2621 251 2682 sententia
272 2620 400 2682 termam
424 2621 654 2682 consecrationis
675 2621 826 2681 concludit
847 2619 968 2680 verbis:
994 2614 1052 2678 Hic

103 2710 144 2761 est
163 2699 258 2763 Catio
271 2701 420 2782 Sanquinii
434 2702 512 2770 mei,
536 2719 719 2778 quamquam
741 2700 834 2762 Divus
855 2700 987 2761 Tbomas
1008 2700 1054 2759 vi-

102 2784 210 2846 deatur
233 2800 300 2844 eam
323 2785 488 2860 producere
510 2801 605 2860 usqne
627 2783 672 2842 ad-
686 2802 721 2844 ea
744 2784 857 2846 verba:
880 2780 962 2844 Horo
978 2801 1049 2863 quo-

103 2865 282 2944 tiescumque
296 2871 353 2926 etc.
378 2874 409 2928 et
423 2867 463 2928 ita
478 2882 546 2926 cum
564 2864 638 2924 Divo
653 2864 767 2926 Tboma
782 2865 970 2925 sentiendum
986 2881 1053 2924 esse

104 2946 238 3008 nonnulii
260 2945 433 3008 Themistae
460 2946 539 3023 apud
561 2946 750 3008 Cardinatem
771 2947 991 3022 Capisuccum,
1021 2952 1053 3007 et

102 3027 331 3090 Salmaticenses
352 3029 512 3090 affirmant.
537 3029 577 3090 At
598 3029 690 3100 Soto,
715 3029 877 3090 Cardinatis
897 3026 999 3093 Geso,
1022 3033 1054 3089 ct

104 3110 154 3170 aiii
176 3109 303 3181 volunt,
331 3128 401 3172 eum
429 3129 487 3171 non
510 3110 547 3170 dc
569 3111 719 3182 essentia,
750 3111 802 3172 sed
824 3110 861 3170 de
883 3109 1054 3186 integritate

103 3191 219 3252 formae
235 3192 366 3254 locutum
381 3209 467 3262 esse3
484 3209 626 3270 magnum
644 3211 716 3253 sero
731 3193 876 3254 interesse
890 3191 1051 3252 discrimen

103 3274 183 3334 inter
198 3276 381 3344 essentiam,
403 3281 433 3336 et
447 3276 660 3351 integritatem.
685 3273 742 3336 Sed
758 3276 835 3338 inter
850 3279 985 3335 caeteros
999 3292 1054 3335 au-

103 3355 230 3417 diendus
251 3353 413 3416 Cardinatis
427 3357 625 3418 liettarminus
644 3353 921 3418 Conrroeereiornm
939 3355 1055 3416 Tomus

105 3436 146 3499 111
170 3436 205 3497 dr
226 3437 421 3500 &cremento
444 3437 652 3500 Eucharistiae
678 3439 745 3500 Lib.
767 3438 810 3498 IV
836 3434 909 3516 Cap.
935 3436 975 3498 12
1001 3436 1053 3499 ubi

104 3519 180 3580 baec
200 3520 263 3580 ait:
287 3516 355 3580 Etsi
378 3523 457 3584 enim
480 3517 621 3598 Theotopi
646 3519 816 3598 deputent,
843 3537 896 3579 noc
919 3522 1000 3581 inter
1024 3536 1054 3579 rr

99 3601 225 3661 omnino
238 3603 434 3669 conueniant,
458 3610 565 3664 utrum
577 3603 713 3682 unguine
732 3619 834 3673 socer,
859 3593 934 3682 quire
947 3599 1053 3663 buben
