2517 4059
466 203 672 279 *ssiat-

93 329 152 393 dies
174 331 265 406 primi
288 337 355 410 post
374 330 575 411 Epiphaniam
599 333 698 397 feriati
720 342 824 408 erant,
848 355 947 415 aeque
967 356 1002 401 ac
1023 340 1047 400 ii

93 418 156 487 post
176 413 319 486 Pascha,
344 421 375 475 et
396 416 453 477 hoc
474 418 635 478 adnotatur
670 419 700 477 in
721 420 852 497 antiquis
874 420 1045 485 Ritualibus

91 494 268 565 Thomasii,
293 498 342 559 ubi
364 496 457 559 Statio
473 499 583 575 prioris
605 499 664 560 diei
686 498 778 563 fiebat
804 503 840 561 ad
862 501 894 563 S.
918 503 1045 565 Petrum

91 576 124 638 ad
142 577 282 648 Vincula,
305 579 398 641 Statio
419 582 568 642 secundae
590 582 626 641 ad
650 580 682 642 S.
706 582 907 653 Anastasiam,
930 591 962 647 et
982 592 1045 647 ter·

90 661 144 719 tiae
166 662 204 721 ad
229 660 282 722 SS.
305 661 447 723 loannem
470 666 501 723 et
523 660 663 724 Paulum.
758 696 761 701 ·

127 741 184 805 lV.
208 740 447 820 Antiquissimus
467 750 515 805 est
546 742 700 807 Ecclesiae
721 764 806 814 mos,
839 753 875 808 ut
893 748 945 811 die
968 747 1046 811 lesto

89 822 276 903 Epiphaniae
290 826 612 903 quotannisPaschatis
624 828 687 889 dies
702 829 732 887 in
747 828 890 891 Ecclesiis
911 836 972 896 tam
988 830 1045 891 Oc·

89 906 223 973 sidentis,
248 926 339 985 quam
361 907 494 979 Orientis
516 910 725 971 denuncietur.
749 908 872 971 Constat
892 913 921 971 id
944 913 1043 990 primo

88 987 210 1060 quidem
234 1006 272 1049 ex
292 990 420 1051 Concilio
434 991 642 1053 Aurelianeusi
665 991 707 1051 lV
728 990 803 1053 Can.
827 992 857 1053 l.
881 992 994 1054 Extant
1014 1000 1047 1055 et

87 1067 122 1127 de
143 1073 252 1133 eadem
275 1072 429 1149 disciplina
449 1073 648 1135 denunciandi
670 1072 857 1151 Epiphaniae
879 1073 969 1138 Festo
990 1073 1045 1137 Pa·

87 1153 200 1214 schatis
222 1155 303 1215 diem
325 1155 374 1213 alii
396 1154 530 1216 Canoue‘s
552 1157 581 1216 in
603 1158 695 1217 variis
708 1154 849 1218 Conciliis
870 1157 955 1219 editi.
977 1157 1043 1219 Ser·
1146 1202 1148 1206 .

86 1240 187 1297 vatum
204 1236 346 1315 religiose
368 1236 446 1297 hunc
460 1239 551 1298 ritlrm
567 1237 671 1308 tuisse,
695 1242 730 1297 ut
745 1235 893 1301 Diaconos
914 1246 981 1318 post
994 1258 1044 1300 so·

87 1316 215 1381 lemnem
233 1318 390 1395 Evangelii
405 1320 613 1381 recitationem
636 1322 666 1379 in
682 1320 783 1391 Missa,
806 1320 895 1382 Festa
913 1323 1042 1383 mobilia

86 1402 196 1476 populo
227 1401 445 1470 denunciaret‚
475 1401 582 1463 docent
604 1402 805 1478 nos-antiqua
837 1406 1044 1481 manuscripta

85 1477 282 1543 Pontificalia.
299 1481 332 1541 ln
344 1481 462 1543 hllssale
476 1482 677 1545 Ambrosiaoo
699 1485 824 1561 legitur:
840 1482 928 1545 Iacto
944 1484 1044 1557 Euan·

87 1562 169 1637 aelio,
183 1564 336 1625 Diaconos
350 1567 518 1625 annunciat
533 1565 644 1627 Pascha
654 1564 903 1627 Resurrectionis.
921 1565 961 1627 at
970 1584 1043 1628 vero

87 1651 231 1717 quantum
255 1647 291 1707 ad
315 1645 405 1724 hujus
427 1648 619 1709 institutionis
641 1649 808 1724 originem,
833 1655 879 1709 est
901 1648 950 1708 illa
980 1648 1045 1726 pla-

88 1742 123 1784 ne
138 1725 181 1787 Vl
204 1730 326 1789 saeculo
341 1729 502 1805 antiquior,
525 1736 629 1807 utpote
651 1748 737 1791 suam
759 1731 873 1789 ducens
893 1731 1042 1807 originem

87 1805 253 1870 aconcilio
268 1808 428 1871 Nicaeae-l
451 1811 479 1869 in
502 1830 561 1887 quo
583 1830 653 1873 oum
677 1812 830 1873 decretum
853 1813 960 1872 luisset
973 1829 1044 1872 con-

90 1892 133 1948 tra
153 1890 444 1965 Quartodecimanos
465 1892 590 1953 Festum
614 1893 767 1953 Paschatis
794 1912 854 1953 uno
876 1894 1043 1975 eodemque

88 1968 144 2042 die,
170 1990 269 2051 eoque
292 1974 448 2037 llominico
471 1974 685 2037 celebrandum
702 1992 779 2042 esso,
802 1976 937 2051 quaestio
960 1976 1046 2035 dein·

89 2068 154 2129 ceps
176 2058 284 2133 agitari
306 2060 406 2137 coepit
427 2057 463 2117 de
480 2058 595 2116 ratione
610 2056 669 2115 diei
684 2055 836 2117 Paschatis
858 2056 1041 2119 inveniendi.

89 2130 161 2195 Cum
177 2141 271 2203 enim.
285 2141 327 2201 uti
342 2142 378 2201 ed
395 2156 506 2199 annum
521 2136 687 2200 CCCXXV
702 2139 790 2199 docet
804 2139 969 2201 Cardinalis
984 2140 1041 2202 Ba·
1099 2187 1102 2189 ψ

90 2220 202 2289 ronius,
227 2240 285 2281 non
309 2240 414 2283 omnes
434 2220 571 2283 camdem
593 2221 704 2283 inirent
727 2222 862 2298 computi
883 2224 1042 2292 rationem,
1102 2290 1105 2296 ,

14 2312 15 2315 ’
91 2313 122 2355 uo
144 2302 212 2381 inde
245 2306 415 2380 periculum
438 2304 630 2372 immineret,
667 2304 790 2366 utlicet
811 2300 914 2365 fideles
937 2306 1042 2365 omnes

91 2378 135 2441 die
156 2381 315 2447 Dominico
338 2386 516 2453 celebraturi
538 2384 654 2446 Pascha
668 2386 778 2453 lorent,
802 2390 903 2445 tamen
925 2387 1037 2446 diversi

92 2460 116 2519 id
137 2464 252 2529 lecturi*
268 2469 493 2529 essent'diebus
515 2467 703 2533 Dominicis,
736 2484 830 2544 quum
855 2467 1042 2528 'Alexandria

90 2546 144 2607 suh
164 2546 344 2612 Ptolomaeis
365 2549 567 2627 Principibus,
590 2566 624 2608 ac
647 2550 703 2609 suh
724 2549 868 2610 Romanis
890 2550 1041 2627 deinceps,

90 2626 160 2687 viris
181 2634 376 2693 scientiarum
400 2631 596 2708 peritissimis
625 2631 812 2701 abundaret,
846 2632 1043 2712 inprimisque

91 2706 312 2775 Mathematicis
334 2720 366 2775 ct
380 2712 581 2787 detronomis‚
605 2712 802 2774 indalecium
818 2719 873 2781 est,
897 2720 932 2788 ul
952 2711 1044 2791 hujus

91 2794 171 2854 urbis
192 2792 481 2874 Antistiti'injuncta
503 2795 574 2853 olim
597 2797 750 2871 provincia
773 2794 872 2864 luerit,
888 2794 1043 2872 *cariusque

93 2876 157 2935 anni
179 2880 352 2953 paschalem
375 2880 455 2939 diem
479 2876 697 2953 investigandi,-
729 2878 767 2937 de
789 2894 852 2951 quo
871 2877 1041 2935 homanum

97 2948 267 3020 Pontificem
284 2960 444 3022 certiorem
469 2959 592 3025 laceret,
617 2964 651 3017 ut
672 2976 727 3034 per
749 2976 819 3019 eum
843 2959 977 3033 reliquae
992 2956 1045 3017 Or·

94 3032 135 3097 bis
154 3037 309 3105 Ecclesiae
332 3042 416 3103 illum
440 3040 597 3101 discerent.
622 3036 709 3112 Quod
733 3039 854 3116 quidem
877 3039 956 3099 illius
974 3056 1044 3099 mu0

95 3132 146 3181 nus
166 3122 293 3186 Sanctus
315 3124 376 3184 Leo
397 3124 523 3200 Magnus
553 3118 686 3199 Epistola
707 3120 748 3182 et
770 3120 922 3181 lllarciaoo
943 3119 1043 3198 Impe-

95 3205 181 3265 ratori
196 3208 340 3274 scribens,
365 3206 413 3267 his
429 3205 529 3267 verbis
544 3205 678 3281 exponit:
694 3204 832 3264 Pascltalc
850 3202 969 3279 festum,
987 3221 1045 3284 quo

98 3276 323 3349 Sacramentum
347 3289 453 3356 salutis
478 3288 627 3347 hnmanae
652 3288 786 3347 manime
811 3286 1041 3347 continetur...

98 3358 269 3431 statuerant
289 3370 391 3449 itaque
405 3368 510 3431 Sancti
524 3368 623 3429 Patres
644 3371 822 3429 occasionem
847 3367 936 3447 liujus
959 3385 1042 3429 erro

96 3443 136 3503 rt't
158 3454 291 3531 anferre,
318 3470 432 3514 ornnem
458 3451 535 3510 lianc
550 3468 655 3509 caram
670 3448 880 3530 Alexandrino
896 3450 1042 3529 Episcopo
1112 3496 1116 3505 .

96 3521 260 3607 dalopantes,
287 3536 432 3611 quoniam
446 3530 528 3612 apud
543 3530 699 3609 AEpyptios
714 3532 804 3612 hujus
819 3532 1043 3610 supputationis

100 3614 260 3693 antiquitas
274 3615 391 3677 tradita
413 3609 469 3677 asae
489 3610 648 3675 uidebatur
657 3613 785 3695 paritio,
809 3630 970 3692 perquam
989 3613 1043 3691 qni
