2517 4059
572 153 800 228 aspaltrru·
878 180 880 185 ·

208 286 289 347 mnia
309 281 473 363 Evangelia
494 282 583 345 tidem
606 282 748 353 iaciunt3
780 286 941 381 praecipue
963 290 1064 357 autem
1086 286 1160 348 Mat·

208 363 404 442 thaeusCap.
418 363 483 425 XX
503 385 534 425 ι
555 364 606 437 18;
631 366 681 426 ubi
704 368 873 428 convocatis
895 367 1053 429 duodecim
1073 367 1163 429 Disci·
1253 410 1254 441 y

208 450 287 528 pulis
302 448 376 507 dixit
390 448 452 506 eis.
470 445 544 506 Eece
559 447 745 507 ascendimus
760 444 1007 529 Hierosolymam
1025 458 1052 507 et
1066 446 1161 513 Filius

207 529 347 591 Hominis
368 528 507 588 tradetur
522 528 711 619 Principibus
736 526 933 589 &cardetum
947 541 972 589 et
987 525 1110 602 Scribis,
1133 541 1160 591 et

208 611 444 673 condemnabunt
467 628 534 670 eum
554 621 662 679 morte,
688 612 714 670 el
729 610 850 671 trudent
866 632 931 671 cum
959 611 1100 674 Gentibus
1122 613 1161 673 ad

206 691 395 754 illudendum
411 702 437 751 et
466 691 679 771 stapellandum
705 702 731 752 et
756 692 999 773 crucifipcudum,
1027 703 1054 753 et
1070 697 1160 755 tertio

208 774 256 833 die
268 783 412 851 resurpet.
427 772 505 833 Suae
520 774 758 834 Resurrectionis
774 773 857 833 iesus
869 772 1005 835 Christus
1021 773 1163 851 frequen·

128 860 130 865 ’
209 857 290 917 tibus
311 855 549 932 apparitionibus
570 853 642 914 lecit
664 852 768 914 iidem.
797 852 898 915 Primo
921 858 1000 915 enim
1023 860 1163 933 apparuit

207 937 323 998 Mariae
346 936 551 1011 Magdalenae
575 936 714 996 Secundo
736 937 791 1013 piis
812 935 1000 1003 Mulieribus,
1024 956 1103 1014 quae
1126 940 1163 999 ad
1257 1000 1258 1005 ,

207 1026 438 1079 monumentum
458 1023 614 1078 uenerant.
649 1017 751 1078 Tertio
775 1015 875 1077 Petro.
909 1018 1023 1091 Quarto
1045 1018 1164 1081 duobus
1257 1018 1258 1035 ²

208 1099 396 1181 Discipulis
386 1100 555 1159 euntibus
548 1118 577 1157 ιιι
594 1100 751 1159 castellum
774 1098 930 1160 Emmaus.
954 1100 1065 1173 Quinto
1085 1102 1132 1179 Ap
1134 1120 1164 1159 o·

207 1181 290 1243 stolis
306 1164 428 1239 absente
443 1180 572 1240 Thomu
596 1180 688 1239 Sexto
711 1178 851 1255 postdies
863 1188 931 1241 octo
952 1182 1064 1241 eisdem
1082 1181 1163 1259 Apo·

207 1263 302 1330 stolis,
316 1261 433 1320 Thomu
456 1268 625 1339 praesente,
642 1258 708 1337 ejus
724 1261 960 1323 incredulitatem
984 1264 1161 1339 corrigendo
1257 1270 1258 1280 ³

207 1345 245 1405 de
262 1343 390 1403 veritate
405 1360 477 1403 suae
493 1342 744 1412 Resurrectionis,
762 1344 985 1404 ostendendo
960 1364 986 1403 cr
1002 1346 1160 1403 cicatrices

207 1443 354 1486 manuum
371 1429 402 1483 et
417 1423 530 1484 lateris.
555 1424 690 1501 Septimo
705 1442 769 1483 sese
792 1424 828 1481 ad
846 1443 927 1485 snare
943 1424 1140 1486 Tiberiadis
1133 1445 1161 1484 ιιι

197 1514 331 1601 captura
355 1505 493 1580 piscium,
519 1505 568 1566 ubi
591 1508 682 1566 etiam
706 1522 775 1563 cnm
799 1506 841 1565 eis
865 1508 1075 1574 manducavit,
1091 1525 1163 1567 con
1257 1582 1258 1589 ἵ

247 1590 345 1647 ionum
357 1586 538 1647 exhibendo.
563 1586 701 1647 Octavo
694 1586 836 1645 initiante
850 1585 1000 1649 Galilaeae
1022 1590 1164 1667 apparuit

207 1608 367 1749 {bissonum
384 1661 552 1745 quingentis
567 1668 738 1728 Fratribus
762 1666 888 1727 Nono
861 1688 942 1731 visus
958 1671 1065 1731 Iacobo
1082 1668 1163 1747 Apo-

207 1753 306 1821 stolo,
331 1768 366 1809 ac
388 1752 507 1826 saepius
530 1768 582 1825 per
604 1750 800 1826 quadraginta
822 1744 884 1809 dies
906 1770 976 1811 cum
1000 1751 1163 1829 Discipulis

207 1834 271 1893 suis
293 1849 476 1894 convescens
498 1837 529 1891 et
551 1832 674 1907 loquens
697 1831 733 1890 de
755 1830 858 1909 Regno
882 1831 948 1904 Dei,
972 1852 1003 1893 se
1020 1852 1092 1893 vere
1116 1850 1163 1891 re-

207 1915 376 1975 surrexisse
398 1914 626 1973 demonstravit.
661 1910 746 1973 Haec
771 1913 908 1974 releruut
939 1912 1042 1993 Evang
1044 1916 1160 1975 elistae

206 1992 290 2055 lesus
305 1994 440 2055 Christus
462 1996 579 2069 saepius
594 1996 791 2091 praedixerat
812 1994 973 2072 Apostuiis,
997 1935 1042 2056 etg
1050 1996 1163 2073 promi-

207 2083 309 2144 serat,
335 2092 367 2133 se
391 2076 478 2135 tertio
501 2083 567 2168 post
588 2076 758 2151 passionem
781 2076 828 2135 die
851 2082 1072 2137 surrecturum.
1105 2074 1160 2135 Vel

208 2173 282 2233 ergo
298 2118 435 2230 implevit
450 2156 688 2249 promissionem,
712 2166 743 2217 et
759 2158 801 2216 sic
816 2175 889 2217 vare
905 2161 1088 2227 resurrexit,
1114 2157 1163 2217 vel

207 2255 265 2297 non
290 2236 435 2312 implevit,
459 2243 489 2297 et
511 2236 553 2295 sic
575 2254 628 2297 eos
650 2239 779 2313 decepit.
809 2237 911 2313 Quare
934 2257 1005 2315 ergo
1027 2238 1164 2317 Apostoli

206 2317 315 2377 aiesu
336 2315 454 2379 Christo
476 2318 615 2395 decepti,
643 2318 701 2406 lide
724 2325 824 2388 tanta,
848 2320 1022 2397 fortitudine
1044 2327 1074 2381 et
1096 2338 1163 2379 cou-
1257 2316 1258 2361 ἕ

158 2403 162 2406 ’
208 2400 314 2460 stantia
331 2398 636 2460 Resurrectionem
608 2418 673 2477 ejus
686 2408 748 2463 toto
763 2399 835 2460 orbe
850 2402 1072 2477 praedicarunt,
1087 2389 1167 2463 adeo

206 2485 240 2541 ut
262 2487 389 2541 mortem
414 2482 511 2557 potius
532 2481 662 2552 obirent,
686 2501 776 2559 quam
800 2486 961 2543 tacerent‘l
982 2484 1072 2545 Plura
1094 2487 1163 2544 sunt

206 2564 236 2621 in
252 2561 445 2623 Testamento
460 2562 563 2622 Veteri
587 2563 623 2624 de
646 2561 876 2625 Resurrectiune
891 2564 1001 2626 Christi
1017 2564 1161 2625 Oracula.

206 2641 238 2701 in
254 2641 375 2702 Psalmo
389 2643 479 2703 Lxx
500 2663 531 2702 v
548 2643 588 2703 20
611 2645 733 2723 legitur:
762 2642 899 2719 Quantas
912 2646 1066 2707 ostendisti
1087 2647 1163 2711 mibi

206 2724 407 2785 tribulationes
428 2713 560 2794 multas,
596 2736 623 2786 et
645 2726 740 2787 malas
766 2736 793 2785 et
823 2746 978 2788 conuersus
1003 2728 1164 2821 uiuificasti

208 2824 266 2876 me,
294 2816 321 2866 et
349 2806 384 2866 de
409 2808 520 2886 abyssis
549 2816 649 2867 terrae
677 2808 788 2867 iterant
812 2806 966 2869 reduxisti
989 2828 1045 2869 rue.
1069 2808 1139 2870 Et
1129 2827 1162 2867 m

117 2910 122 2917 ·
204 2884 323 2948 Psalmo
345 2887 453 2949 xcv
478 2888 518 2948 5:
547 2885 589 2947 Tu
611 2900 711 2951 autem
731 2887 857 2948 Domine
882 2892 1108 2959 misereremei,
1134 2899 1163 2949 et

206 2972 420 3034 resuscitatus,
445 2971 652 3030 etretribuara
669 2972 720 3030 eis
744 2967 813 3030 Et
805 2990 835 3029 ιιι
857 2968 975 3032 Psalmo
996 2970 1068 3033 XV:
1092 2932 1164 3033 iton

205 3050 354 3133 relinques
368 3051 504 3111 animam
517 3069 614 3111 meam
639 3053 673 3111 iu
688 3050 821 3128 inferno,
848 3070 900 3111 uec
916 3051 1000 3113 dabis
1024 3063 1163 3113 sanetum

204 3139 291 3191 tuum
317 3132 419 3193 uidere
445 3122 677 3212 corruptionem.
702 3132 791 3207 Apud
816 3132 998 3229 Sophoniam
1021 3133 1093 3212 Cap.
1119 3132 1164 3194 111

203 3211 331 3289 legitur:
355 3212 559 3293 Eapeetame,
577 3214 826 3283 dirimentibus,
851 3216 885 3273 in
900 3212 946 3274 die
963 3218 1164 3277 remreetio·

205 3295 573 3372 nismeaeinsuturum5
594 3294 854 3373 etinOseaCap
873 3294 1164 3358 iil.1udicterua

205 3375 361 3436 suscitabit
384 3394 447 3435 nos.
469 3376 596 3449 Quod
579 3376 611 3437 ἲ.
635 3377 822 3455 Augustinus
844 3374 908 3437 Lib
924 3375 1040 3445 XVIII
1059 3378 1094 3439 de
1113 3377 1165 3439 Ci-

202 3459 296 3516 oitate
318 3455 376 3515 Dei
397 3455 470 3531 Cap.
494 3456 557 3529 283
581 3458 613 3520 S
637 3457 819 3529 bernardus,
847 3454 990 3519 Sermone
1009 3460 1024 3514 i
1044 3458 1080 3517 de
1103 3457 1164 3521 Re·

204 3537 412 3605 surrectioae,·
443 3536 665 3611 Tertullianus,
690 3545 792 3599 contra
811 3500 942 3601 iudaeos
964 3532 1163 3619 interpretan-
