2517 4059
475 210 700 283 andam·

99 346 152 407 bat
173 340 342 403 Ecclesiam
365 342 395 401 in
411 340 464 403 illo
485 339 651 402 Offartorio
674 357 784 417 poenas
806 341 972 421 intelligere
987 340 1062 404 Pur·

99 425 221 505 gatorii,
247 430 277 484 et
299 423 357 483 hoc
379 422 533 501 appellare
555 420 723 494 infernum,
747 440 817 483 cum
839 430 967 500 uterque
988 441 1062 503 poe·

101 524 211 568 narum
235 507 317 566 locus
339 505 398 565 sit:
427 506 531 580 sicque
553 519 664 570 orare,
695 509 728 563 ut
750 503 915 566 liberentur
937 504 972 563 de
992 525 1062 585 pro·

99 587 197 666 fundo
219 592 293 657 ete,
317 586 375 645 hoc
398 593 444 647 ast
465 586 502 645 de
523 602 646 645 carcere
669 583 730 651 illo,
754 587 805 647 ubi
821 588 1001 663 expiantur:
1025 603 1061 648 ao

97 676 216 748 petere,
240 686 276 727 ne
292 668 447 728 absorbeat
470 684 518 727 eor
539 662 682 726 Tartarus
703 674 762 727 etc.
788 668 873 737 idest,
898 686 934 727 ne
949 669 1062 730 diutius

98 755 128 811 in
152 751 204 812 illo
228 766 349 811 careere
372 747 576 810 detineantur.
598 746 644 807 De
665 748 771 810 eodem
789 748 952 811 Ollertorio
976 751 1063 827 plura

99 834 222 894 disserit
243 829 430 898 Sarnellius,
456 835 487 891 ct
508 828 630 905 quidam
653 828 825 907 'theologus
846 830 967 891 Ordinis
990 830 1062 893 Ser·

99 932 211 975 rorum
234 914 269 973 B.
287 912 402 974 Mariae
416 910 548 988 Virginis
571 910 600 968 in
622 908 777 983 Tractatu,
802 910 1060 989 quassatione

97 999 206 1057 aoniae
228 995 332 1056 edidit.

139 1076 179 1140 ll.
205 1074 271 1135 Mos
293 1075 349 1136 luit
366 1075 394 1134 in
418 1073 514 1134 veteri
536 1068 682 1142 Ecclesia,
706 1079 742 1135 ut
756 1076 806 1151 qui
821 1076 858 1136 ad
874 1093 990 1135 sacram
1007 1074 1061 1153 Sy·

97 1160 199 1221 naxinr
230 1156 450 1217 conveniebant
482 1172 616 1237 panem,
641 1161 673 1216 et
693 1156 795 1216 vinum
822 1161 1001 1233 portarent,
1029 1161 1061 1216 et

95 1242 253 1302 olierrent.
278 1236 433 1303 lustinus,
459 1234 602 1313 Apotopia
624 1233 677 1303 11;
699 1237 730 1297 S.
755 1237 910 1306 Iraeneus,
934 1237 1000 1298 Lib.
1017 1235 1061 1297 lV

95 1322 242 1383 adversata
264 1316 408 1379 Haereses
429 1316 502 1393 Cap.
526 1314 589 1388 at;
614 1315 646 1376 S.
671 1317 859 1396 Cyprianus,
884 1321 921 1379 dc
947 1316 1060 1396 Opere,

96 1411 128 1465 et
151 1400 347 1479 Eleemosynae
371 1415 424 1458 nos
445 1398 555 1458 docent
576 1416 755 1475 persuasum
778 1419 899 1477 semper
922 1401 1013 1461 luisse
1027 1397 1064 1459 fi·

95 1484 215 1547 delibus
235 1480 391 1543 ollercnda
413 1496 477 1539 esse
494 1480 523 1537 in
540 1474 688 1545 Ecclesia.
711 1500 789 1559 quae
805 1481 959 1543 Sacrificio
979 1485 1065 1541 erant

97 1564 289 1629 necessaria,
320 1560 497 1640 praesertim
528 1577 601 1620 vero
624 1581 756 1637 panem,
783 1571 814 1622 et
835 1564 951 1625 virium.
976 1560 1064 1623 llitus

96 1652 202 1711 erstem
225 1645 340 1721 priscos
363 1642 418 1703 luit
433 1658 468 1703 ea
484 1640 643 1702 dumtaxat
664 1644 788 1712 olierre,
812 1662 889 1719 quaa
910 1642 1063 1704 Sacrificio

98 1728 167 1791 usui
190 1731 287 1789 erant,
307 1738 420 1801 panem
443 1723 558 1783 scilicet
581 1730 619 1801 es,
634 1726 749 1794 vinum,
774 1725 888 1801 reliqua
911 1743 1002 1801 super
1017 1725 1066 1786 ΑΙ-

96 1818 165 1870 tare
195 1806 294 1873 ollerri
324 1805 464 1883 probibet
491 1801 565 1863 Can.
589 1801 633 1865 lll
655 1806 882 1883 Apostolorum.
913 1807 1065 1867 Permittit

95 1898 200 1953 autam
225 1886 347 1955 ollerri,
371 1891 403 1946 et
426 1884 561 1945 benedici
583 1888 685 1947 oleum
708 1887 743 1946 ad
760 1887 940 1954 luminaria,
965 1894 995 1948 et
1017 1888 1061 1947 in·

96 1990 238 2039 censum,
264 1985 414 2045 novasque
434 1969 546 2042 spicas,
569 1972 601 2028 et
624 1985 708 2034 uvas,
733 1970 896 2044 exquibus
920 1969 995 2030 liunt
1010 1987 1062 2046 pa-

97 2056 164 2120 nis,
190 2056 220 2111 et
243 2052 368 2116 vinum,
393 2065 470 2125 quae
492 2055 563 2109 sunt
586 2051 706 2125 propria
730 2049 820 2126 hujus
842 2049 986 2112 Sacrificii
1003 2052 1060 2111 ele·

97 2140 210 2197 menta.
226 2131 348 2192 Solebat
359 2132 439 2191 enirn
456 2129 583 2206 populus
596 2132 624 2191 iu
639 2132 686 2191 die
697 2130 815 2205 Coenae
829 2132 946 2193 llomiui
959 2135 1061 2194 oleum

97 2216 199 2278 ollarri
221 2216 249 2271 in
273 2210 411 2290 ampullis
434 2212 495 2287 ipsa
517 2210 566 2271 dic
589 2213 626 2270 ab
643 2210 791 2290 Episcopo
813 2216 1063 2279 consecrandum.

99 2305 133 2359 ut
154 2315 193 2359 ex
215 2295 305 2354 Libro
327 2293 593 2355 sacramentorum
617 2292 649 2354 S.
666 2295 826 2371 Gregorii,
851 2304 933 2358 etex
951 2295 1064 2357 Ordine

98 2378 236 2440 Romano
259 2380 396 2456 consur„
409 2373 503 2454 Cujus
526 2384 628 2437 alitem
652 2377 761 2437 coloris
783 2379 887 2442 viuum
915 2382 943 2439 in
965 2378 1063 2437 Sacri·

99 2458 168 2521 licio
191 2457 395 2519 adhibendum
419 2458 490 2516 olim
513 2473 579 2517 esse
602 2459 749 2529 deberet,
777 2461 841 2519 sive
863 2460 987 2525 album,
1012 2465 1063 2517 aut

100 2544 243 2621 nigrum,
267 2541 331 2599 sive
354 2539 501 2603 rubeum,
526 2538 555 2595 id
579 2554 634 2617 pm
656 2546 741 2599 certo
762 2540 914 2601 affirmare
938 2558 995 2598 non
1013 2558 1062 2614 po·

99 2630 176 2693 test,
200 2638 270 2683 cum
294 2620 472 2680 alterutrum
495 2634 592 2693 aeque
616 2628 686 2698 apla
698 2622 826 2701 ,ararem
842 2639 897 2698 pro
909 2620 1063 2680 Sacrificio

100 2705 214 2771 luerit,
241 2709 272 2761 ot
293 2702 355 2770 sit3
383 2702 580 2775 nequeenim
604 2702 683 2777 apud
706 2701 831 2761 Sanctus
854 2700 978 2769 Patres,
1010 2707 1062 2762 aut
1115 2717 1122 2727 ·

99 2785 230 2863 alicujus
252 2784 392 2857 antiquae
416 2782 525 2860 Synodi
543 2782 619 2842 Acta
642 2781 698 2841 boc
722 2784 880 2860 perspicue
903 2781 1059 2843 definitum

5 2900 15 2919 ·
98 2875 155 2928 est.
182 2866 274 2926 Porro
295 2861 436 2927 Oblatio,
460 2880 537 2939 qnae
559 2866 629 2922 olim
654 2865 682 2921 in
706 2864 797 2923 Missa
819 2864 922 2932 fiebat,
947 2864 1058 2942 duplex

99 2953 177 3015 erat,
202 2964 272 3007 narn
294 2946 351 3003 alia
374 2946 402 3003 iu
425 2962 512 3005 nsrrrn
535 2942 693 3014 sacrificii,
716 2946 774 3004 alia
789 2946 818 3004 in
835 2965 992 3008 sacrorum
1009 2944 1063 3005 Mi·

100 3033 267 3091 nistrorum
290 3026 482 3086 commodum
499 3026 719 3098 offerebantur,
744 3029 940 3104 quibuscum
959 3027 1063 3105 primis

100 3110 253 3175 Ecclesiae
277 3106 408 3169 Sacculis
432 3110 504 3169 nulli
527 3116 628 3169 essent
653 3107 704 3167 srxi
729 3109 863 3176 reditus,
894 3108 934 3187 pii
958 3109 1063 3169 srdeles

101 3193 201 3255 omnia
223 3190 279 3250 illis
302 3190 339 3249 ad
357 3190 466 3249 victum
491 3192 659 3251 necessaria
683 3191 945 3268 supppeditabant,
969 3192 1062 3250 irnnro

100 3274 229 3352 posteris
250 3270 437 3348 temporibus
464 3289 670 3348 quaecumque
699 3272 865 3343 Ecclesiis,
895 3290 1063 3349 earumque

100 3355 268 3421 Minimus,
293 3360 346 3413 aut
368 3351 556 3413 Monasteriis
579 3353 788 3421 donabantur,
815 3353 989 3434 hujusmodi
1012 3355 1061 3413 do·

102 3439 236 3498 nationes
257 3452 311 3511 per
334 3434 471 3493 chartam
493 3434 655 3495 additare
679 3436 883 3512 ponebantur,
907 3433 994 3514 cujus
1017 3438 1060 3495 rei

101 3522 258 3586 innumera
283 3514 498 3593 propemodum
522 3522 625 3577 extant
647 3517 725 3593 apud
751 3515 878 3579 Veteres
901 3516 1059 3597 exempla,

101 3616 179 3678 (puae
202 3598 310 3677 passim
333 3597 477 3657 exhibent
505 3599 625 3678 antiqua
653 3596 858 3662 Ecclesiaruur
882 3597 1055 3664 Tabulatis.
