2517 4059
566 174 837 251 mistim.

164 374 168 379 ,
202 311 268 365 tum
292 302 425 365 ordinem
442 303 580 374 restitui,
606 306 683 381 quod
700 304 818 381 quidem
833 304 993 366 Decretum
1018 304 1160 366 reiciunt

203 384 372 456 Gratianus,
397 386 432 445 de
451 386 678 448 Consecrationo
695 386 763 447 dist.
781 386 800 447 5
816 384 848 446 C.
868 386 917 456 153
936 393 966 445 ct
980 385 1164 463 lladulphus

201 466 395 545 tungrensis,
420 467 562 545 Proposit.
579 470 630 528 tl).
655 467 899 529 Praedicatoru'm
916 468 997 528 Ordo
1014 474 1075 528 ties
1096 475 1165 528 tau-

203 555 267 608 tum
283 548 415 610 Psalmos
430 555 460 610 et
482 556 543 610 ties
559 550 716 610 Lectiones
737 551 845 611 recitat
866 568 882 608 a
899 548 1044 609 Paschatc
1060 568 1164 626 usque

202 631 241 691 'ad
263 630 466 701 'l'iinitatem3
501 630 810 691 Praemoustiatenses
831 649 903 692 vero
928 640 986 691 tres
1009 632 1081 691 istas
1104 631 1163 691 Le-

203 714 317 772 ctiones
339 731 409 774 cuin
424 714 522 773 tribus
535 713 656 790 psalmis
678 714 781 773 dicunt
802 714 831 772 in
856 713 1017 773 Dominicis
1040 717 1162 773 tantum

203 795 242 854 ab
255 793 369 855 Octava
391 793 544 855 Paschatis
566 812 661 871 usque
684 796 720 854 ad
737 794 961 855 ascensionem,
985 794 1106 854 Parisiis
1130 799 1165 855 et

203 878 233 936 iu
257 877 408 953 plerisque
429 873 706 936 Galliae-Ecclesiis
729 882 790 937 ties'
813 882 928 936 tantum
951 876 1058 952 psalmi
1084 882 1164 937 ties-

203 976 262 1036 que
278 957 418 1019 lectiones
433 959 574 1017 dicuntur
596 956 774 1018 aPaschate
798 975 891 1034 usque
913 958 949 1017 ad
966 957 1159 1026 Trinitatem}

204 1039 284 1116 quod
306 1041 418 1099 Rornae
440 1057 560 1116 quoquo
584 1040 612 1097 in
636 1058 693 1100 usu
715 1046 805 1105 ciat,
840 1040 945 1100 saitem
970 1041 997 1098 iu
1022 1035 1163 1097 Ecclesia

202 1121 235 1181 S.
251 1120 369 1179 loannis
387 1121 604 1193 [alciacensis.
629 1126 662 1181 ut
678 1125 780 1179 uariat
796 1119 961 1181 (laconicus
978 1121 1161 1181 Benedictus

202 1204 233 1263 ln
248 1199 361 1261 Ordine
376 1200 522 1262 Romano.
537 1201 698 1262 Durandus
719 1220 736 1261 a
759 1202 894 1279 pluribus
917 1200 1060 1261 Ecclesiis
1085 1220 1162 1261 aevo

202 1300 259 1344 suo
284 1283 438 1344 observari
464 1284 505 1343 ait
527 1289 588 1343 toto
608 1288 746 1361 tempore
769 1281 915 1343 Pascliali.
949 1283 1003 1343 Cui
1029 1282 1162 1361 tempori

202 1364 262 1424 lioc
285 1366 382 1423 lucrat
403 1365 575 1441 proprium.
599 1371 633 1425 ut
654 1369 807 1440 tamquam
832 1362 991 1442 peculiaris
1012 1362 1161 1423 Christia-

133 1452 137 1464 '
203 1458 311 1505 norum
328 1445 471 1505 festivitas
486 1447 661 1513 haberetur,
685 1444 770 1523 cujus
786 1444 968 1514 solemnitas,
994 1451 1070 1505 teste
1086 1444 1161 1504 Tei-

203 1526 328 1589 tulliano
350 1524 439 1585 Lilro
466 1527 501 1585 de
527 1526 679 1589 idolatria
700 1528 912 1604 quinquaginta
934 1524 1059 1587 duiaie't
1082 1528 1159 1589 dies.

203 1608 290 1684 Apud
313 1607 487 1678 Cassianum
509 1608 618 1685 legitur
645 1608 810 1670 Collationo
839 1607 968 1669 secondo
992 1609 1161 1679 traditionis

201 1688 295 1751 luisse
317 1688 528 1765 Apostolicae,
544 1690 739 1749 celebrandos
760 1706 825 1769 esse
848 1690 1018 1753 solemniter
1035 1695 1066 1749 et
1089 1708 1161 1749 cum

202 1772 313 1849 gaudio
337 1788 394 1829 non
411 1772 500 1832 modo
522 1770 717 1848 quadraginta
740 1771 815 1844 dies,
840 1770 1053 1848 quibuslesus
1076 1770 1162 1831 Chii-

199 1859 268 1915 stus
283 1859 349 1931 post
364 1855 613 1913 resurrectionem
629 1854 777 1930 apparuit,
802 1854 852 1915 sed
869 1854 959 1913 etiarn
975 1854 1079 1913 decem
1093 1852 1162 1925 ,dies

193 1934 315 2010 -quibus
337 1932 480 2009 Discipuli
504 1935 532 1993 in
555 1935 713 1994 concilium
737 1951 904 1995 convenere
927 1953 1020 2010 usque
1047 1934 1084 1994 ad
1108 1934 1162 1995 de·

193 2019 344 2075 'sconsum
368 2010 496 2089 Spiritus
511 2015 623 2076 Sancti.
648 2015 763 2091 Auctor
777 2016 1016 2092 Sermonis-joui
1039 2014 1069 2075 S.
1089 2014 1162 2075 Am·

204 2094 306 2154 hiosio
321 2095 512 2169 adscribitur,
537 2096 652 2171 inquit,
667 2096 746 2172 quod
770 2117 821 2176 pei
837 2098 1049 2174 quinquaginta
1065 2096 1160 2158 hosce

185 2176 266 2235 *dies
282 2172 316 2234 fii
337 2192 353 2233 a
371 2175 454 2234 nobis
476 2174 683 2240 continuatum
699 2175 822 2240 Festum
845 2180 924 2256 tuuis
939 2189 966 2238 et
982 2180 1159 2239 continuata

154 2319 157 2323 ,
200 2258 358 2335 festivitas.
370 2256 435 2315 Non
451 2258 530 2333 quod
542 2256 703 2330 Christiani
722 2274 775 2335 pei
791 2259 883 2339 hosce
896 2258 989 2319 dies'a
1006 2262 1159 2327 consuetis

202 2342 356 2399 cessarent
371 2339 523 2415 operibus,
548 2339 599 2399 sed
623 2358 730 2399 eorum
754 2342 897 2403 festivitas
912 2349 978 2401 erat
993 2344 1158 2403 convenire

202 2419 239 2479 ad
262 2418 446 2488 Ecclesiam,
470 2417 624 2480 Sacrificio
647 2423 803 2492 interesse,
826 2431 857 2484 et
879 2424 915 2482 de
937 2442 973 2484 eo
998 2426 1160 2501 participes

202 2500 279 2562 lieri.
304 2498 414 2560 Totum
431 2501 574 2562 Paseliale
590 2509 708 2577 tenipus
729 2504 874 2565 Octavam
898 2506 1158 2572 hebdomadarum

199 2580 332 2666 ‘appellat
355 2580 386 2640 S.
404 2581 582 2644 Ambrosius
598 2584 626 2641 in
643 2582 741 2661 Caput
756 2586 845 2645 XVll
860 2586 971 2648 lucae.
989 2585 1065 2646 Toto
1082 2589 1161 2654 tcm-

200 2676 274 2742 pore
298 2660 432 2721 l'ascliali
456 2662 573 2726 laudes
589 2666 731 2726 dicuntur
752 2668 789 2727 de
810 2668 977 2738 Dominiea,
1003 2674 1157 2744 tamquam

121 2756 128 2767 ⁴
200 2745 225 2824 ei
248 2743 312 2802 dies
335 2744 442 2822 singuli
465 2747 533 2807 testi
556 2753 674 2814 esseut:
698 2750 733 2807 ad
756 2748 954 2819 Benedictus,
979 2749 1065 2810 etad
1091 2748 1160 2811 Mu-

200 2824 323 2906 ynificut
345 2825 494 2888 habentui
516 2829 706 2908 Antiphonae
728 2832 879 2910 propriae.

577 2989 705 3053 cnidi
726 2991 784 3053 Xl.

196 3155 200 3241 J
281 3166 324 3210 ns
350 3168 580 3213 noeiiiorirnos
605 3170 646 3213 si
671 3135 836 3217 dieresin
862 3171 1070 3217 ascensionis.

240 3310 266 3375 l.
293 3310 337 3375 De
352 3321 474 3376 auctore
493 3311 711 3393 *Rogationum
735 3330 811 3395 quae
836 3316 934 3379 triduo
957 3324 1024 3379 aute
1047 3317 1156 3378 'Ascen-

198 3392 314 3455 siouem
338 3394 457 3455 Domini
480 3396 579 3469 liunt,
604 3397 692 3478 longe
713 3400 824 3461 certior
846 3401 1088 3477 constantiorque
1111 3396 1156 3459 est

193 3476 331 3553 traditio,
357 3496 407 3538 eas
423 3480 566 3541 nimirum
589 3499 606 3539 a
623 3480 654 3541 S.
672 3481 821 3544 Mamerto
838 3482 1000 3542 Viennensi
1015 3482 1044 3539 in
1059 3480 1155 3555 Gallia

193 3553 342 3620 ‘Praesule
358 3560 528 3623 institutas:
554 3579 624 3623 uam
646 3570 769 3641 praeter
790 3564 871 3625 Aviti
893 3564 1071 3627 Viennensis
1094 3553 1155 3621 An-
