2517 4059
357 169 364 184 '
486 194 548 256 sm
568 182 629 246 trs
649 189 711 254 err·

156 313 196 374 ll.
221 313 345 374 Detecto
367 313 450 390 prius
471 313 581 384 Calice‚
606 313 730 374 silacia
745 311 964 390 genuflexione,
989 314 1070 394 trag·

118 403 216 458 menta
238 395 350 456 Patene
371 396 493 474 colligit,
518 399 543 456 si
557 414 617 474 qua
634 394 712 456 torte
725 413 819 470 super
839 394 994 474 Corporali
1010 398 1071 460 iue-

117 479 196 550 rint‚
222 484 312 538 ntea
334 479 363 537 in
385 475 515 538 Calicem
540 479 692 538 immittat.
716 475 848 537 Sollicite
869 496 989 554 semper
1014 481 1071 542 Ec·

116 561 206 622 clesia
228 561 395 621 cavendum
418 561 556 629 monuit,
580 577 617 620 ne
638 576 699 636 qua
721 557 848 620 Sanctae
862 557 1070 624 Eucharistiae

116 643 261 722 porticula
283 641 519 721 disperderetur.
544 639 749 704 Eucharistiae
771 640 938 718 fragmenta
961 641 1070 707 Graeci

115 725 204 805 vulgo
225 725 411 803 marpuritus
433 729 651 800 nuncuparunt.
676 720 844 783 Simonis
864 721 1070 802 chrysostomi

115 806 250 884 liturgia
273 810 367 872 notat,
390 806 636 884 praescribitque,
661 809 696 865 ut
716 804 753 864 ad
776 806 885 866 Missae
906 802 997 866 linem
1014 809 1070 871 Su·

114 887 238 958 cardos,
266 906 321 950 seu
342 885 496 948 Diccomu
517 896 629 950 cttcuts
643 904 685 946 uc
707 885 806 948 deuote
828 886 964 948 adsumet
984 888 1069 968 frop·

115 980 215 1032 memo
238 971 560 1050 omntucrrsutque,
583 988 620 1030 us
642 986 702 1047 pou
720 970 877 1047 porticula
898 975 1069 1048 munemita

18 1101 20 1112 ,
114 1051 195 1114 dictu
220 1062 397 1119 remanent,
425 1051 468 1112 uti
495 1051 602 1129 legitur
629 1052 660 1110 in
682 1047 860 1128 Eucholopio
886 1047 1070 1114 marcorum

114 1153 182 1214 pag.
206 1131 259 1194 86.
282 1131 325 1192 Ea
347 1131 443 1194 latini
465 1132 608 1210 colligunt
627 1132 810 1193 absumenda
832 1132 861 1191 in
881 1129 1000 1204 Calice,
1024 1135 1068 1196 di·

112 1223 272 1292 euntque:
309 1211 391 1289 Quid
411 1214 578 1276 retribuum
600 1211 728 1274 Domino
749 1233 807 1292 pro
830 1214 968 1286 ,auritus
989 1235 1067 1294 quae

112 1298 262 1360 retribuit*
277 1294 383 1359 mihi?
406 1297 536 1360 Calicem
551 1296 693 1357 soluturis
714 1295 885 1372 accipiam,
909 1305 937 1355 ct
960 1315 1068 1358 comm

111 1380 240 1442 Domini
261 1378 427 1439 inuocato?
448 1373 590 1440 Laudem
605 1377 746 1438 inuocato
770 1374 954 1447 Dominum,
978 1389 1006 1440 ct
1028 1381 1066 1440 oh

112 1463 246 1524 inimicis
274 1461 346 1520 meis
372 1460 470 1520 sulcus
499 1455 560 1519 cro'.
584 1456 688 1520 Verba
717 1458 815 1534 prima
837 1467 905 1519 suot
933 1460 1068 1536 deprom-

112 1550 164 1621 pta
186 1561 224 1604 ex
246 1539 365 1602 Psalmo
388 1540 468 1609 115,
491 1541 621 1602 secunda
642 1559 681 1600 ex
702 1537 821 1600 Psalmo
837 1539 887 1600 17.
916 1538 999 1616 Quid
1021 1560 1068 1602 rc·

114 1617 249 1686 tribuam
265 1620 420 1684 Domino?
442 1623 586 1684 Sacerdos
607 1622 646 1684 oh
661 1627 723 1682 tam
744 1623 889 1682 eximium
912 1631 1068 1700 praestan·

113 1722 189 1784 sque
211 1706 322 1766 donum
344 1722 397 1766 sua
412 1706 487 1784 grati
502 1707 593 1764 aninri
616 1721 702 1764 seusa
717 1703 860 1764 cohihere
882 1720 939 1764 non
955 1711 1063 1782 potest.

11 1835 13 1854 .
113 1786 173 1850 Pro
194 1789 327 1850 omnihus
350 1804 426 1867 quus
449 1787 589 1848 retribuit
610 1785 697 1848 milri.
723 1784 766 1847 De
788 1786 990 1863 singularibus
1012 1787 1065 1848 be·

115 1867 231 1931 neficiis
252 1869 405 1947 loquitur,
435 1887 514 1947 quae
537 1868 618 1930 Deus
640 1867 739 1929 eidem
761 1867 898 1930 contulit.
922 1867 1072 1947 Episcopi

114 1957 145 2012 et
158 1948 330 2031 Presbyteri
353 1954 465 2014 stantes
488 1951 714 2012 communicant
733 1952 804 2014 dum
821 1967 942 2017 sacrorn
956 1958 1062 2030 agunt.

113 2030 173 2095 Sed
187 2051 324 2096 summus
333 2030 470 2094 Pontifex
482 2050 552 2096 cum
567 2032 743 2094 solemniter
757 2034 900 2106 celebrat,
914 2036 943 2096 in
955 2035 1064 2096 throno

9 2107 11 2158 i
113 2117 333 2176 communicat:
356 2117 409 2191 qui
432 2117 506 2178 ritus
527 2115 751 2191 antiquissimus
764 2120 820 2176 est.
837 2113 977 2176 Nonnulli
988 2115 1065 2180 olim

113 2194 241 2258 Romani
263 2193 422 2258 Pontifices
443 2197 473 2256 in
496 2195 620 2258 solemni
643 2193 734 2254 Mirm
760 2193 789 2252 lu
811 2191 892 2253 Solio
913 2195 1061 2266 sedentes,

111 2277 190 2338 lacie
212 2279 250 2338 ad
273 2276 416 2355 populum
437 2291 596 2343 conversa,
614 2271 835 2337 Eucharistiam
858 2293 978 2340 sumere
993 2294 1065 2338 con·

112 2362 289 2426 sueverunt,
314 2364 346 2418 ut
367 2357 437 2420 lesu
459 2356 571 2420 Christi
590 2353 783 2434 Passionem,
807 2364 839 2418 et
859 2366 989 2420 mortem
1011 2378 1065 2421 ex·

111 2442 305 2518 primerent,
330 2441 382 2516 qui
404 2439 503 2518 palam
525 2455 656 2516 passus,
681 2446 714 2504 et
737 2446 873 2502 mortuus
893 2446 951 2501 est.
976 2439 1063 2503 Nunc

111 2540 186 2584 vero
207 2540 344 2586 summus
359 2519 505 2589 Pontifex,
530 2518 608 2581 facie
623 2520 660 2582 ad
676 2522 822 2600 populum
837 2539 993 2589 conversa,
1010 2524 1062 2585 sed

116 2603 243 2668 inSolio
265 2610 357 2674 stans,
382 2623 424 2672 se,
447 2603 580 2678 aliosque
602 2604 816 2664 communicat.
829 2600 908 2665 Olim
924 2601 1065 2682 Episcopi

113 2686 293 2764 perticulam
309 2684 432 2748 Hostiae
455 2687 484 2744 in
499 2684 597 2746 Calice
619 2687 764 2762 positam;
782 2681 925 2756 Discedo,
942 2693 974 2747 et
988 2686 1063 2750 Sub·

114 2766 241 2830 discono
263 2785 333 2831 cum
348 2767 508 2846 Sanguine,
525 2768 576 2843 qui
591 2773 774 2842 superesset,
792 2767 1000 2844 relinquebant
1013 2787 1063 2838 su.-

114 2845 276 2919 meudurir3
300 2848 351 2908 hic
374 2856 472 2910 tamen
495 2866 558 2909 mos
579 2849 618 2909 ah
634 2848 780 2910 hodierno
802 2850 859 2910 usu
875 2851 1008 2921 recessit,
1031 2856 1062 2914 et

112 2931 211 2992 solum
233 2949 250 2992 a
272 2929 406 2991 Romano
428 2927 570 2998 Pontifice
593 2931 621 2990 in
643 2929 880 2992 Missasolemui
902 2933 1060 2993 retinetur.

113 3012 238 3074 Peracta
261 3013 304 3073 sic
324 3010 567 3094 communione,
595 3011 742 3073 Sacerdos
765 3012 836 3072 dicit
857 3010 1059 3074 Orationem:

114 3092 202 3171 Quod
222 3111 273 3155 ore
292 3096 472 3175 sumpsimus
491 3099 549 3155 etc.
573 3100 605 3154 et
620 3099 744 3171 accepto
765 3112 782 3153 e
805 3094 940 3156 ministro
960 3096 990 3156 in
1005 3094 1063 3158 Ca·

112 3177 200 3240 licem
225 3177 305 3248 vino,
329 3194 361 3236 se
384 3174 533 3256 purificat.
556 3175 601 3236 De
623 3176 680 3238 hac
702 3173 906 3253 purificatione
929 3167 1063 3255 loquitur

109 3256 303 3320 innocentius
324 3257 369 3322 lll
392 3259 421 3318 iu
444 3257 540 3336 Caput
561 3276 599 3320 ru
618 3267 704 3338 portu
727 3255 763 3318 dc
784 3258 972 3320 cclchrutiouc
986 3257 1061 3321 Mu·

113 3357 240 3409 surum,
264 3357 355 3416 quem
378 3346 493 3402 textum
515 3357 687 3401 memorans
708 3337 739 3400 S.
763 3339 913 3413 Thomas,
940 3342 1059 3411 Vicum,

112 3419 219 3498 inquit,
244 3421 361 3482 ratione
382 3422 571 3483 humiditatis
592 3439 662 3484 suus
684 3430 726 3481 cst
746 3423 921 3490 uolucrum,
944 3434 972 3484 st
992 3420 1060 3483 idco

111 3502 243 3566 sumitur
259 3513 326 3581 post
339 3506 551 3582 susceptionem
571 3503 663 3584 liujus
676 3501 865 3566 Sacromruti
885 3503 926 3565 ud
939 3503 1060 3565 elluru-

109 3581 182 3646 dum
204 3601 256 3656 os,
280 3603 317 3646 ne
339 3585 457 3666 aliquos
479 3584 626 3665 reliquiae
647 3593 848 3657 remorsuut‚·
869 3585 947 3667 quod
961 3586 1060 3665 purt-
