2517 4059
592 191 800 263 will*

210 320 338 381 ellectus
361 320 468 381 mortis
491 320 622 389 Christi,
647 327 712 382 tum
736 337 845 383 cereus
866 320 980 381 iterum
1005 319 1177 395 protertur,

210 406 246 463 ut
267 403 374 463 iterata
399 402 456 463 bac
478 406 557 463 cerei
579 404 747 465 absconditi
769 403 964 471 ostensione,
991 401 1105 463 Christi
1128 417 1178 463 rc·

211 486 360 545 surrectio
388 485 572 562 designetur.

252 563 307 625 111.
331 564 479 627 Candolss
496 568 606 629 debent
621 584 688 629 esse
705 584 743 627 ex
759 582 827 627 cers
842 566 997 627 communi
1019 584 1080 625 non
1096 564 1179 633 albu,
1221 582 1230 597 ·

209 662 247 707 ex
263 640 478 709 Caeremor'riali
501 646 723 747 Episcoporum
746 648 814 709 Lib.
832 648 873 709 ll
896 648 970 724 Cnp.
983 646 1113 725 hersula
1127 664 1178 706 co-

211 727 257 787 lor
278 737 325 789 est
348 731 507 796 obscurus,
531 733 592 791 et
583 750 613 791 rn
631 731 729 790 Alteri
751 748 803 791 sex
825 729 962 807 elumen
984 732 1107 808 generis
1127 745 1178 789 cc

209 826 273 871 rae.
298 808 516 873 Candelabrum
540 813 763 890 triangulares
786 812 884 873 latera
906 812 1059 886 Epistolac
1081 809 1177 871 collo·

209 887 338 953 candum
361 898 418 962 est,
443 896 506 953 ut
499 913 527 953 m
550 894 770 955 Caeremouiali
792 894 884 956 citato
906 895 984 963 loco,
1008 895 1081 971 quia
1105 891 1181 952 sini

210 978 307 1035 strum
331 992 425 1035 cornu
449 973 559 1035 hltaris
581 983 653 1046 est,
678 976 790 1051 quud
781 994 811 1033 m
834 974 924 1035 Missa
946 973 1108 1036 Hebraeos
1137 973 1180 1035 si·

195 1054 354 1132 ,gnificat,
380 1057 416 1116 ad
439 1074 515 1132 qrros
547 1060 648 1133 primo
680 1058 763 1117 venit
784 1056 934 1117 Christus.
961 1056 1074 1118 Versus
1096 1056 1176 1118 ille,

211 1136 347 1199 Christos
369 1138 468 1215 soclus
483 1148 524 1198 est
548 1146 607 1199 etc.
626 1142 692 1199 crat
714 1138 743 1199 in
758 1138 920 1198 Bretiariis
941 1156 1012 1198 mss.
1030 1137 1179 1213 antiquis,

209 1224 241 1277 et
264 1220 291 1276 in
315 1219 396 1279 edito
419 1237 496 1280 anno
512 1219 604 1288 1550,
627 1238 697 1281 cum
712 1221 818 1281 eadem
834 1219 1044 1281 distributione
1066 1222 1098 1277 in
1116 1223 1181 1279 tres

210 1305 322 1377 parles,
347 1319 401 1377 pro
426 1301 535 1366 triduo,
561 1320 653 1378 quam
678 1318 732 1361 nos
754 1300 845 1362 hodio
866 1302 1057 1363 adhibemus.
1083 1306 1118 1361 et
1139 1296 1176 1359 ad

210 1396 313 1441 omnes
336 1382 449 1441 Horas.
473 1380 611 1443 Psalmus
626 1382 783 1451 Miserere,
805 1390 837 1443 et
851 1380 958 1445 Oratio
974 1383 1082 1445 humili
1099 1396 1179 1443 uode

210 1462 353 1525 dicuntur
377 1465 406 1523 in
429 1464 592 1525 Breviariis
615 1484 689 1525 mss.
721 1466 758 1525 ad
781 1465 996 1540 designandum
1019 1462 1177 1541 spectato

210 1561 279 1605 rum
304 1546 456 1615 timorem,
474 1564 512 1604 ex
536 1544 692 1607 Durando.
716 1544 822 1606 Oratio
844 1546 954 1607 dtcttur
974 1564 1032 1605 non
1055 1565 1073 1605 a
1096 1550 1176 1605 stau

209 1632 264 1694 te,
289 1635 322 1686 ut
344 1627 442 1695 alias,
467 1625 655 1695 Sacerdote,
680 1627 731 1686 sed
754 1624 928 1705 genuflexo,
950 1646 988 1688 ex
1012 1627 1179 1689 Caeremo

209 1707 281 1766 niali
304 1704 523 1787 Episcoporum
546 1708 613 1769 Lib
631 1709 659 1769 ll
682 1707 756 1785 Cap.
781 1708 823 1769 sd
842 1709 880 1767 ad
904 1710 1082 1771 imitandum
1106 1708 1175 1769 iesu
1246 1717 1247 1738 ³

208 1786 322 1849 Christi
335 1790 513 1852 humilitatis
536 1794 729 1869 exemplffum
753 1808 853 1866 neque
874 1793 1053 1853 salutatione
1067 1790 1176 1851 Sacer

209 1871 300 1932 dotali
324 1874 449 1943 utimur,
475 1872 538 1933 hoc
555 1879 612 1940 est,
630 1873 779 1936 Dominus
799 1874 948 1933 vobiscum
971 1873 1008 1933 ad
1024 1874 1179 1934 detesten-

209 1953 279 2013 dam
308 1953 517 2014 salutationem
544 1954 649 2015 lodae.
669 1952 783 2031 Fragor
808 1955 937 2030 deniwc
959 1953 1010 2022 stt,
1040 1960 1072 2014 et
1098 1959 1176 2015 stre

210 2035 314 2111 pilus,
340 2038 390 2111 qui
414 2035 585 2110 significant
608 2038 748 2097 tenebras
777 2036 806 2095 in
828 2035 941 2098 Christi
971 2042 1069 2097 morlo
1104 2050 1174 2096 cum

210 2121 410 2176 terraemotu.
434 2116 583 2178 Candelas
604 2118 718 2179 Allaris
740 2119 888 2179 extinctas
908 2137 977 2180 cum
997 2118 1062 2179 aliis
1085 2115 1178 2195 sigm-

210 2196 303 2259 licars
333 2198 421 2257 docet
446 2197 603 2274 hupertus
634 2198 702 2260 Lib
724 2199 752 2259 V
781 2198 855 2279 Cap.
883 2199 929 2259 226
950 2198 1176 2277 Prophetarum
1245 2199 1246 2204 ’

210 2284 341 2341 mortem
364 2285 395 2341 et
416 2278 599 2341 ludaeorum
624 2282 817 2342 caecitatem.
836 2282 881 2342 De
901 2279 1046 2343 Oratione
1067 2279 1173 2359 Respi-

212 2380 243 2423 cs
268 2379 445 2441 quaesumus
469 2362 596 2422 Domine
619 2372 675 2422 etc.
702 2367 737 2422 ut
758 2364 871 2439 aliquid
892 2364 1042 2429 dicamus,
1055 2372 1105 2425 est
1126 2362 1173 2422 illa
1245 2383 1246 2444 p

210 2444 493 2522 prolectoantiqui
511 2446 609 2510 ritus,
633 2441 762 2520 ejusque
794 2462 852 2505 non
883 2445 1011 2506 obscure
1036 2442 1175 2505 meminit

211 2526 440 2604 antiquissimus
473 2528 610 2587 omnium
634 2523 789 2586 Romanus
819 2526 902 2587 Ordo
924 2525 937 2587 l
959 2524 1034 2603 Cap.
1057 2526 1098 2587 V.
1123 2526 1173 2586 Di·

211 2608 367 2667 cendam
359 2624 453 2702 rpsam
475 2605 694 2668 Orationem
686 2626 716 2666 rn
740 2606 800 2669 linc
823 2606 915 2684 hujus
940 2607 1061 2673 Officii
1086 2623 1172 2686 pras·

211 2690 345 2750 scribunt
360 2706 469 2765 passim
487 2687 704 2749 Ecclesiarum
715 2687 890 2757 Ordinaria,
914 2708 949 2751 sc
972 2689 1118 2759 ilitualia,
1141 2692 1177 2748 ut
1244 2693 1245 2698 ’

211 2772 347 2833 omittam
372 2767 547 2833 Durandum
570 2771 705 2847 aliosque
727 2774 869 2849 antiquos
901 2772 1091 2851 scriptores,
1122 2767 1174 2846 qut

211 2853 347 2916 eiusdem
369 2850 522 2914 Orationis
547 2854 729 2913 mentionem
754 2853 878 2914 iaciunt

580 3013 707 3075 CAPUT
730 3014 819 3075 vlt·

375 3192 418 3237 DE
441 3194 534 3237 veuls
558 3194 676 3247 Quium
700 3194 732 3237 ΙΝ
755 3194 856 3238 cobus
881 3196 1006 3239 bottul.

254 3338 277 3398 l.
302 3336 389 3399 Feria
404 3339 538 3414 quinta
531 3358 561 3396 rn
575 3337 674 3399 Coena
698 3340 831 3404 Domini,
856 3358 944 3416 quam
962 3284 1087 3403 veteres
1104 3337 1172 3401 scrl

211 3427 343 3501 ptores
336 3418 477 3481 Natalem
503 3420 613 3483 Culicis
635 3427 754 3488 vocant,
778 3422 855 3482 adeo
877 3422 1035 3500 multipiici
1061 3424 1173 3485 rituum

212 3504 359 3567 varietate
382 3502 517 3579 gaudet,
541 3503 621 3565 nulla
647 3509 680 3561 ut
701 3505 797 3563 toto
790 3522 819 3563 rn
841 3506 912 3564 anni
934 3505 1091 3566 curriculo
1107 3504 1173 3563 dies

212 3586 240 3647 ei
262 3586 360 3645 voleat
386 3582 586 3662 asqrriparnri.
621 3582 758 3645 Diversis
780 3585 950 3645 nominibus
980 3586 1169 3664 appellatur,
1242 3587 1243 3610 ³
