2517 4059
567 196 793 269 matim-

88 348 92 352 ·
199 323 246 384 lae
269 323 430 382 Advocatio
444 366 452 390 ,
475 330 567 399 atquc
583 331 761 402 praeparata
777 322 870 383 Pallia
885 340 986 382 coram
1000 319 1158 393 Pontificc,

198 411 254 464 aut
275 404 433 462 Cardinate
455 403 639 465 Pontificalia
661 412 821 467 exercente
850 404 989 465 oderent.
1015 403 1081 479 lpse
1103 424 1159 465 au·

199 493 258 547 tem
281 483 444 552 Pontifex,
469 504 522 545 seu
539 487 618 545 iltius
634 488 720 551 vice.
738 493 772 547 ut
788 486 973 561 praelertur.
991 484 1161 546 Cardinalis

198 568 249 627 illc
265 608 273 634 ,
296 566 346 641 qui
368 565 476 625 Ollicio
492 568 522 626 in
538 565 763 629 Pontificatibus
779 568 946 633 adstiterit,
963 566 1053 625 Pallia
1071 584 1158 641 prac-

197 648 278 708 dicta
303 650 456 723 adspergit
487 666 564 723 aqua
588 650 764 715 herradis-ta,
788 656 851 708 turn
880 650 999 707 incenso
1031 649 1157 716 adolet,

198 728 306 788 deinde
329 745 419 804 super
442 747 476 787 ea
500 746 626 805 preces,
650 736 680 791 ct
702 729 928 789 Berredictiones
951 729 1140 803 pronunciat.

557 889 685 951 CAPUT
707 889 795 951 xvt.

448 1069 491 1111 DE
512 1069 671 1113 CAUCIBUS
692 1071 733 1114 ΕΤ
754 1068 899 1113 asianis.

241 1212 265 1272 l.
289 1212 426 1273 Primum
450 1213 550 1275 locum
574 1216 751 1276 intersacra
770 1212 808 1292 (1)
825 1213 986 1273 ministeria
1009 1210 1075 1287 juro
1098 1214 1157 1273 sibi

195 1295 348 1355 vindicant
368 1293 484 1355 Calices
505 1314 580 1372 quos
601 1298 732 1374 Optatus
754 1296 821 1355 Lib.
839 1294 878 1353 Vl
897 1294 969 1370 Cap.
994 1292 1021 1351 ll
1044 1289 1156 1355 Christi

196 1374 357 1450 Sanguinis
379 1384 546 1451 portatores
567 1396 633 1438 esse
656 1380 742 1437 dixit.
766 1376 924 1436 Continent
951 1378 1029 1435 enirn
1054 1376 1153 1451 ipsum

194 1455 307 1518 Christi
322 1456 443 1516 Domini
459 1457 612 1519 sicilicum
629 1460 826 1529 sanguinem,
850 1458 917 1517 ideo
939 1458 1072 1534 principe
1090 1459 1157 1519 loco

194 1539 371 1598 recensendi
394 1545 474 1598 sunt.
499 1538 631 1599 Ecclesia
649 1540 801 1600 Catholica
824 1540 914 1615 igitur
935 1538 1075 1613 exemplo
1098 1536 1156 1599 ao-

195 1620 361 1699 dempturis
383 1620 509 1686 edocta,
532 1623 584 1695 qui
607 1624 636 1681 in
660 1621 759 1681 Colice.
776 1638 864 1680 suum
887 1620 1060 1696 sanguinent
1084 1638 1155 1679 oon·

196 1704 350 1772 sacravit,
374 1696 525 1760 Catictbus
546 1703 584 1762 ad
608 1706 702 1776 ipsam
726 1704 983 1761 consecrationem
1013 1718 1155 1778 peragen-

193 1783 285 1850 dam,
310 1789 342 1841 et
363 1782 399 1839 ad
414 1782 596 1857 Sanguinem
613 1784 680 1843 lesu
697 1783 809 1844 Christi
826 1781 1064 1841 distribuendum
1078 1800 1155 1843 sern-

193 1882 249 1940 por
272 1880 326 1923 usa
349 1870 406 1922 est.
431 1862 547 1924 Calices
568 1865 691 1941 quidem
714 1866 751 1923 ab
774 1862 923 1940 Apostolis
950 1862 1100 1923 adhibitos
1124 1866 1154 1923 in

195 1946 443 2012 consecratione,
467 1961 503 2003 ao
525 1946 735 2006 distributione
757 1944 914 2019 Sanguinis
935 1942 1046 2003 Christi
1070 1962 1155 2019 aper·

193 2027 310 2084 tissime
332 2032 461 2085 testatur
482 2026 594 2085 Paulus
614 2028 644 2084 in
662 2024 795 2102 Epistola
820 2027 915 2101 primo
932 2026 968 2083 ad
984 2023 1155 2086 Corinthios

193 2103 265 2181 Cap.
284 2105 315 2165 X
338 2106 484 2165 versib:
502 2107 595 2169 Calin
615 2106 841 2171 benedictionis,
865 2109 916 2165 cni
938 2105 1153 2175 benedicimus,

192 2205 289 2246 mnne
309 2188 539 2246 communicatio
558 2189 715 2263 sonpninis
739 2188 853 2249 Christi
868 2186 926 2245 cst?
941 2187 1102 2247 Testantnr
1117 2193 1150 2247 ot

193 2270 391 2342 antiquissimi
405 2265 531 2334 Patres,
549 2270 658 2344 quibus
672 2274 704 2328 et
720 2269 900 2344 posteriores
915 2269 1150 2342 adstipulantur.

191 2348 296 2423 ltaque
319 2365 376 2407 non
398 2349 451 2408 abs
480 2367 512 2409 re
534 2351 563 2408 in
587 2352 692 2426 primis
723 2349 928 2417 arbitramur,
953 2350 1033 2407 varia
1067 2350 1146 2409 sacri

190 2428 299 2490 Calicis
320 2431 438 2488 nomina
461 2432 616 2506 explicari.
635 2431 811 2506 Appellatus
833 2438 879 2489 est
900 2436 1001 2489 autem
1025 2448 1077 2489 nos
1093 2430 1150 2489 Do·

191 2511 360 2571 minirum.
384 2510 550 2571 Concilium
572 2512 652 2569 eninr
676 2512 853 2571 Arelatense
875 2510 947 2570 Can.
971 2509 1045 2571 Xlll
1071 2510 1151 2572 Con·

192 2594 331 2653 ciliornnr
359 2589 438 2651 Tom.
454 2593 471 2651 1
488 2611 516 2669 p.
532 2590 613 2651 ttso
628 2591 667 2655 A.
687 2592 722 2651 Ι).
739 2592 800 2651 att
815 2610 918 2653 sacros
932 2590 1057 2659 Calices,
1076 2609 1150 2653 noso

190 2671 353 2733 Dominicis
377 2675 550 2733 nominavit.
576 2672 607 2733 S.
633 2674 838 2741 Athanasius,
855 2671 1027 2751 Apologial
1043 2681 1150 2731 contra

190 2751 323 2814 Arianos
344 2773 428 2813 narn.
453 2758 574 2814 titoni.
594 2758 609 2813 1
636 2771 703 2830 pag.
729 2754 788 2814 133
811 2773 904 2813 nonno
927 2754 1068 2813 editionis
1092 2771 1149 2832 po·

192 2838 292 2895 cotom
318 2838 495 2913 mysticant,
521 2833 721 2899 Ambrosius,
745 2836 789 2895 Dr
811 2834 913 2917 officiis
933 2834 988 2893 Lib
1025 2834 1053 2893 ll
1074 2833 1150 2911 Cap.

191 2915 330 2976 xxvttt
355 2921 425 2976 item
446 2918 585 2993 pocntnm
617 2916 800 2994 mysticum:
822 2926 853 2977 ot
875 2933 947 2976 oasa
972 2913 1152 2976 Sacramen-

190 3006 314 3065 tonum,
337 3016 374 3057 ca
396 3015 467 3055 vasa
488 2998 584 3060 dixit,
608 2998 638 3054 in
654 2998 764 3072 qrribus
779 2997 889 3058 Christi
912 3015 1022 3073 corpus
1037 3003 1069 3057 ct
1082 3014 1151 3056 san·

190 3078 258 3156 gnis
280 3077 457 3140 conficitur.
481 3084 513 3137 et
533 3076 675 3155 synesius
697 3076 828 3155 Cyrenes
851 3078 1017 3155 Episcopus
1040 3080 1067 3137 iu
1092 3075 1152 3139 Cu-

190 3160 298 3218 tastnsi
320 3178 386 3237 pag.
412 3158 467 3219 aot
495 3160 618 3238 mystico
638 3176 721 3219 oasa.
828 3160 830 3165 '

235 3239 273 3299 ll.
300 3241 331 3301 ln
365 3242 437 3316 ipsis
470 3236 623 3300 Ecctesiac
657 3239 847 3315 primordiis,
870 3241 974 3300 vitreis
1002 3238 1152 3300 Calicibus

190 3317 301 3381 Christi
316 3324 494 3399 sanguinem
509 3328 735 3389 consecratum,
751 3327 842 3395 atquc
857 3322 1060 3398 dispensatum
1076 3321 1151 3381 luis·

230 3508 266 3568 tt)
284 3506 388 3570 Georgi,
407 3507 447 3555 Dr
465 3504 592 3571 liturgic
604 3505 719 3555 Romani
731 3503 878 3572 Pomtinis,
892 3505 1101 3571 Disqnisitionss
1115 3506 1148 3555 dc

195 3587 273 3625 sacro
290 3575 450 3635 ministerio,
469 3575 532 3641 Cap.
548 3576 594 3626 lll.
