2517 4059
457 206 683 279 *209st-

93 335 184 410 atquo
205 331 324 392 Adonis
338 333 585 413 Martyrologium
608 333 851 411 antiquissimum
875 330 1053 395 aFlorenti·

98 415 144 474 nio
157 414 289 474 editum.
304 412 429 475 Saeculo
450 419 578 494 septimo
601 417 752 476 celebrata
770 416 825 477 luit
846 415 920 477 baec
937 414 1052 476 lestini-

96 496 182 555 tasin
204 494 362 571 Hispania.
386 494 539 559 Nimirum
562 499 591 557 in
613 516 650 558 eo
672 496 772 563 libro,
786 498 836 575 qui
859 497 893 557 cle
904 508 1051 577 perpetua

98 576 281 656 Virginitnts
304 576 335 637 S.
360 577 473 639 Mariae
496 580 685 648 inscribitur,
708 581 820 655 quidne
842 598 858 639 a
882 578 1052 641 Fevarden·

96 658 147 727 lio,
170 660 302 735 aliisque
325 662 415 720 eliam
432 660 580 721 nobilibus
602 661 806 737 Scriptoribus
830 660 860 723 S.
870 660 1050 737 lldepbonso

93 740 240 800 tribuitur
266 740 340 801 base
363 752 538 802 occurrunt:
562 740 686 803 Nullius
708 742 804 820 igilur
820 742 852 799 in
868 741 1051 803 Bibliollreco

92 817 217 881 Petrum
241 820 279 879 Τ.
302 821 364 883 xil
386 842 454 900 pag.
478 823 539 885 566
559 825 702 885 solicitus
726 825 888 883 celebratur
909 826 942 885 in
964 844 1051 899 mun·

91 900 139 971 do,
162 905 226 963 nisi
253 901 376 972 Cbrirti,
400 914 428 965 ct
451 909 514 986 rjus
536 909 597 984 (do
618 904 715 966 Maria
739 904 928 965 Sorictissima
954 904 1050 983 loqui·

91 982 167 1061 tur),
192 992 287 1061 atque
310 984 398 1045 Bruti
421 984 571 1050 loannis.
591 1029 598 1044 .
619 1029 626 1046 .
649 984 735 1061 Quod
757 986 783 1045 ri
800 987 964 1066 praeclaro
985 1005 1051 1045 son·

91 1066 237 1124 dissimulo
264 1067 397 1144 Virginis
427 1062 571 1129 notioilos
593 1068 805 1129 uniuersaliter
827 1079 886 1127 lom
912 1066 1048 1140 Sancto,

92 1156 117 1205 ot
137 1156 201 1206 tom
223 1150 356 1225 glorioso
374 1151 447 1229 juro
469 1151 623 1210 recolitur.
649 1149 775 1210 Saeculo
798 1148 870 1210 Vill
895 1150 922 1208 in
946 1149 1050 1210 Galliis

89 1226 245 1289 celebrata
268 1230 326 1289 iuil
348 1231 490 1311 peculiari
515 1232 676 1291 testivitate
700 1230 812 1291 Mariae
836 1228 981 1291 Nativitas
1007 1232 1050 1291 uli

91 1316 170 1384 patet
192 1328 233 1369 ex
256 1311 366 1371 Codice
389 1311 654 1373 sacramentorum
678 1329 767 1387 quom
790 1313 884 1373 edidit
910 1314 1049 1391 egregius

89 1387 258 1451 Cardinalis
274 1390 464 1453 Tbomasius.
475 1394 602 1455 Saeculo
612 1392 643 1453 X
655 1393 799 1471 indnglia
813 1395 957 1456 ieslivitas
974 1398 1049 1455 baeu

91 1472 194 1547 procul
217 1474 313 1533 dnbio
329 1474 480 1535 celebrata
495 1476 564 1537 luit.
587 1475 620 1536 ld
638 1475 751 1535 scilicet
772 1476 935 1537 edocemur
956 1494 973 1534 a
989 1476 1048 1535 llo·

91 1568 160 1627 gero
182 1555 221 1614 de
237 1553 387 1616 Hoveden
409 1555 523 1617 Rerum
540 1557 731 1634 Anglicarum
749 1556 911 1634 Scriptore.
935 1556 1050 1619 Octava

10 1691 11 1694 ,
75 1636 124 1693 ‘'ad
146 1636 251 1714 majos
265 1638 438 1697 solemnitas
460 1641 679 1700 incrementum
703 1638 802 1699 addita
828 1638 870 1697 illi
886 1642 941 1698 est.
968 1637 1049 1700 illius

90 1717 237 1792 originem
261 1737 320 1792 non
343 1722 428 1796 pauci
452 1726 591 1797 repetunt
611 1738 648 1782 ex
672 1728 741 1779 voto
765 1720 808 1802 (si
826 1722 859 1779 iis
881 1718 1047 1801 credimus)

90 1814 107 1855 a
127 1796 362 1866 cardinalibus,
387 1811 507 1862 mortuo
528 1801 674 1880 Gregorio
697 1801 760 1868 lX,
786 1804 815 1861 in
836 1800 976 1861 Conclevi
999 1801 1050 1860 de-

92 1882 177 1940 tentis
193 1882 287 1941 iacto.
312 1879 426 1942 Eorum
451 1902 540 1959 porco
562 1883 701 1961 precibus
723 1901 757 1943 ao
774 1891 843 1943 vnto
858 1883 962 1942 annuit
977 1880 1051 1943 Bea-

92 1960 203 2022 tissima
218 1962 337 2039 Virgo:
361 1964 516 2040 elegerunt
538 1967 679 2025 nimirum
697 1964 902 2025 innocentium
919 1962 973 2033 tv,
997 1965 1050 2041 qui

90 2048 190 2103 votum
215 2064 234 2104 a
258 2062 302 2114 so,
326 2046 398 2106 dum
422 2048 451 2105 in
472 2044 612 2109 Conclavi
636 2046 849 2123 detinebaturi,
873 2052 904 2105 el
927 2045 1050 2122 reliquis

90 2120 300 2186 Candidalibus
323 2126 435 2187 iactum
458 2134 556 2188 ratum
580 2129 708 2198 babuit,
733 2136 763 2189 el
786 2130 814 2188 in
837 2126 967 2189 Concilio
990 2128 1051 2187 Lu·

92 2204 236 2279 gduncnsi
258 2206 461 2269 Oecnmenieo
484 2208 631 2271 Octavam
658 2208 837 2270 solemnitati
867 2209 936 2269 buio
959 2204 1050 2288 adjici

90 2282 185 2360 jussit.
213 2288 250 2348 ld
265 2288 389 2348 tradunt
403 2290 577 2360 Durandus,
602 2292 666 2352 lib.
686 2288 754 2351 Vll.
777 2292 875 2367 Cep.;
900 2292 1049 2354 Arnoldus

92 2367 194 2433 Wion.
220 2369 290 2429 Lib.
316 2370 342 2431 V
365 2368 454 2450 Ligni
478 2374 561 2435 Vitae
583 2372 656 2450 Cap.
680 2371 737 2437 uae
765 2372 877 2442 labbe,
901 2371 1050 2433 Tom.Xl

94 2441 301 2511 Consiliorum
324 2470 391 2528 pag.
416 2452 499 2524 6363
524 2454 694 2529 spinellos.
718 2452 762 2511 Dc
784 2452 885 2521 Fertis,
909 2473 943 2513 ac
970 2452 1051 2513 Tom-

88 2530 146 2607 plir
166 2534 323 2612 Doiporoo
344 2550 413 2612 pag.
438 2532 515 2607 6773
539 2536 610 2613 Pagi
633 2534 752 2605 Iunior,
777 2534 971 2613 Breciurium
995 2534 1053 2595 Ro-

92 2628 255 2673 nronorum
278 2612 457 2695 Pontificum
479 2620 514 2678 io
533 2621 596 2677 oito
617 2615 786 2676 innocentii
808 2616 849 2678 lV
874 2636 958 2679 num.
984 2616 1048 2691 183

92 2698 122 2752 st
141 2697 191 2755 alii
207 2695 314 2777 eliam.
338 2695 380 2757 At
401 2699 625 2772 proculdubio,
650 2701 679 2757 in
701 2700 851 2776 aliquibus
872 2701 977 2760 saltem
994 2698 1053 2758 Eo-

91 2772 199 2847 clesiis,
225 2776 340 2837 Octava
357 2778 428 2839 huic
445 2781 624 2841 solemnitati
639 2778 733 2839 multo
747 2786 815 2839 ante
832 2780 994 2841 iunocentii
1007 2780 1051 2843 lv

93 2854 269 2919 electionem
292 2859 381 2938 adjici
395 2867 612 2927 rennuerunt.
643 2862 683 2921 Ut
704 2860 852 2922 celebrius
879 2880 914 2922 ea
937 2863 1050 2921 festivi-

94 2938 317 3018 inungeretur,
342 2940 490 3019 jejunium
512 2943 592 3011 diei,
616 2962 694 3017 qrrae
715 2961 783 3003 eam
807 2943 940 3019 proxime
964 2962 1051 3020 prne=

75 3021 224 3093 ‘tederet
248 3023 397 3084 addidisse
418 3021 597 3101 Gregorium
619 3024 670 3085 Xl
688 3025 837 3084 ailicmant
858 3042 973 3095 omues,
998 3026 1054 3103 qui

95 3095 221 3180 hujusce
244 3105 391 3182 praeclari
411 3104 565 3167 Pontificio
587 3107 680 3167 vitam
703 3106 888 3167 describunt.
