2517 4059
564 198 625 259 abab
646 189 707 249 378
727 199 788 259 <aaa

200 314 369 385 Gradualis,
387 332 441 373 scu
456 312 593 377 (tradatis
614 321 735 381 nbmine
756 326 930 392 sententiae,
948 346 1077 403 quarum
1099 334 1148 395 illa

200 397 393 473 praeferenda
416 398 555 464 videtur.
581 418 673 476 quam
693 420 732 463 ex
752 402 868 466 Ordine
888 406 1022 469 Romano
1043 414 1149 494 selegit

199 478 363 541 Cardinalis
377 478 467 546 Bona,
491 481 605 543 scillcet
625 483 663 542 ab
677 484 821 546 Ambonis
843 490 985 565 gradibus
1008 494 1048 553 ita
1070 514 1146 558 nun-

200 568 351 640 cupatum.
376 560 443 621 Duo
466 560 661 625 Gradualium
683 586 793 643 genera
821 569 1008 649 distinguunt
1026 574 1148 639 lluran·

129 717 131 721 .
198 642 264 711 dus,
289 651 319 705 et
339 646 464 705 loannes
486 644 650 715 Beletbus;
675 650 827 719 alterum,
850 657 929 728 quod
951 662 1021 715 ante
1043 659 1148 725 Altare

198 727 373 794 canebatur,
397 732 427 786 et
447 726 575 787 alterurn
598 730 626 787 in
648 727 783 807 Pulpito,
806 751 860 795 seu
882 735 1040 808 Ambone3
1066 742 1148 805 liele

199 808 268 870 thus
289 809 353 875 ait,
377 806 528 869 Graduale
549 814 618 870 ante
640 811 745 873 Altero
765 817 830 874 cani
852 816 957 879 diebus
979 821 1146 898 ferialibus,

197 896 229 951 et
250 884 433 951 solemnibus
457 893 484 951 in
508 892 656 961 burbone,
680 894 760 972 quod
781 898 817 955 in
836 899 1005 975 gradibus,
1029 905 1147 982 iuquit,

196 982 265 1031 ante
287 970 390 1033 Altero
412 972 513 1035 dicbus
531 975 671 1053 profestis
691 978 763 1036 ocni
782 980 887 1047 soleat,
909 986 946 1043 in
965 987 1148 1050 solemniori·

196 1054 249 1114 bns
269 1073 340 1114 uero
364 1057 397 1116 in
412 1055 578 1126 altioribus,
597 1058 652 1116 boc
668 1070 709 1118 est
730 1059 764 1119 in
780 1062 909 1141 pulpito.
928 1064 1003 1127 Sunt
1023 1070 1074 1145 qui
1097 1089 1146 1132 eo-

197 1152 266 1195 rum
292 1141 446 1221 auctorem
470 1137 673 1198 Caelestinum
696 1140 833 1214 iaciunt,
862 1152 934 1206 sunt
959 1151 1011 1225 qai
1033 1150 1147 1230 Grego-

195 1217 274 1277 riam
297 1218 450 1295 Magnum.
477 1220 515 1280 Et
535 1218 697 1298 Gregorius
717 1224 839 1299 quidem
870 1246 907 1287 ea
939 1228 968 1288 in
990 1250 1043 1292 suo
1065 1235 1146 1295 Anti·

195 1297 341 1374 pbonario
364 1316 417 1375 per
439 1302 572 1361 ordinem
595 1304 727 1380 digessit,
751 1322 829 1382 quae
850 1309 880 1368 in
901 1310 1027 1388 singulis
1048 1315 1147 1379 Missis

195 1398 248 1456 per
271 1400 382 1441 annum
404 1386 517 1443 cantari
539 1385 660 1446 solent:
692 1392 723 1446 at
744 1405 834 1449 usam
857 1391 999 1468 psallendi
1021 1396 1068 1457 vel
1091 1398 1146 1458 ali·

194 1469 268 1536 anot
286 1461 396 1523 Psalmi
418 1465 600 1536 versiculos,
625 1470 672 1528 rel
696 1468 846 1547 integrum
867 1471 1043 1546 Perimam,
1066 1480 1146 1541 inter

194 1544 369 1621 Epistolam,
393 1550 423 1606 et
439 1545 635 1625 Evangelium
659 1551 753 1610 multo
775 1555 974 1632 antiquiorem
996 1558 1145 1639 Gregorio

193 1626 295 1697 luisse,
312 1629 419 1688 saltem
442 1630 470 1688 in
486 1630 600 1698 Alcica,
618 1650 656 1691 ex
670 1630 837 1708 Augustino
860 1638 940 1699 clare
963 1646 1141 1706 ostenditur.

193 1707 270 1769 Nam
293 1710 374 1770 initio
393 1708 530 1771 Sermon.
546 1711 586 1771 33
601 1714 638 1773 de
652 1715 752 1774 verbis
772 1716 893 1778 Domini
915 1731 1050 1786 recenset
1070 1728 1147 1803 quid

192 1792 222 1851 in
245 1792 384 1854 Lectione
399 1792 581 1868 Apostolica,
606 1796 678 1870 qrrid
700 1797 730 1855 in
753 1797 881 1867 Psalmo,
897 1804 969 1879 quid
990 1808 1021 1865 iu
1044 1805 1145 1869 Evan-

192 1874 270 1951 gelio
293 1876 404 1935 lectum
428 1877 477 1935 sit.
502 1873 540 1937 Et
561 1877 597 1937 de
614 1875 722 1938 Verbis
745 1881 879 1956 Apostoli
905 1880 1001 1947 Sem.
1020 1890 1041 1949 8
1062 1888 1143 1969 Apo-

191 1959 306 2026 stolum,
331 1958 437 2033 inquit,
462 1955 644 2029 andivimus,
668 1958 821 2021 Psolmum
843 1966 1024 2038 andivimus,
1043 1968 1144 2033 Euan·

191 2039 302 2113 geliam
324 2039 521 2099 audiuimus:
550 2051 712 2117 consonant
733 2061 833 2105 omnes
852 2046 971 2110 divinoe
992 2052 1142 2116 lectiones.

192 2118 312 2181 Dictum
333 2118 482 2181 Graduale
505 2140 612 2183 nomen
636 2124 825 2200 Responsorii
846 2134 978 2208 accepit,
1002 2136 1050 2195 vel
1073 2136 1143 2211 qaia

190 2202 310 2262 lectioni
333 2201 442 2262 Sacrae
463 2201 635 2281 Scripturas
656 2207 827 2276 convenire,
851 2217 882 2271 et
903 2216 1141 2294 correspondens

190 2284 296 2355 dobet3
322 2284 368 2343 vel
384 2286 451 2361 quia
467 2302 525 2343 ano
540 2292 675 2355 canente,
691 2288 801 2350 choras
815 2295 1002 2355 consonando
1018 2316 1142 2375 respou-

190 2365 251 2427 dct.
268 2365 313 2425 lta
330 2366 518 2427 Venerabilis
533 2365 697 2429 Cardinalis
710 2369 889 2435 Thomasins
905 2378 933 2437 in
950 2379 1141 2456 praefatione

189 2448 383 2527 antiquaram
395 2444 553 2508 Librorum
564 2448 727 2511 Missurum
744 2471 812 2531 pag.
824 2453 862 2515 at
880 2458 930 2518 ubi
946 2461 1035 2523 allert
1049 2461 1140 2523 etiam

189 2538 289 2593 tentus
312 2532 461 2590 variorum
485 2528 633 2591 Ordinum
656 2532 882 2604 Romanorum,
905 2541 934 2599 in
956 2544 1066 2619 quibus
1086 2545 1140 2609 de-

189 2614 361 2673 scribuntur
376 2613 448 2672 varii
472 2612 551 2671 modi
574 2632 629 2689 pro
643 2616 816 2678 diversitate
839 2624 981 2700 temporis
1000 2628 1138 2687 cantandi

111 2758 116 2767 ,
190 2697 249 2756 tale
271 2694 525 2771 Responsoriarn‚
549 2713 602 2756 sen
624 2696 784 2760 Graduale.
829 2759 831 2762 ,
944 2747 947 2750 -

230 2777 268 2840 ll.
293 2776 427 2837 Ecclesia
442 2774 575 2837 Romana
597 2784 767 2839 constanter
782 2783 904 2845 retinuit
926 2792 959 2847 ut
973 2807 1049 2849 unrrs
1062 2788 1142 2849 Can-1

189 2866 236 2921 tor
260 2878 316 2919 non
339 2858 440 2936 plures
460 2856 610 2920 Graduale
637 2864 855 2937 praecinerent.
879 2865 1047 2931 Amalarius
1068 2870 1136 2933 Lib.

187 2941 230 3003 lll
254 2941 326 3019 Cap.
352 2940 380 3000 11
402 2958 523 3015 semper
544 2940 705 3003 Caularem
726 2945 870 3021 singulari
892 2968 1018 3010 nurnero
1040 2962 1136 3022 vocat,

187 3027 239 3101 qui
261 3022 390 3083 Gradale
414 3040 587 3096 responsum
611 3026 770 3099 praecinit.
789 3024 865 3093 Post
884 3032 1039 3094 saeculum
1059 3035 1138 3095 deci-

186 3124 271 3167 mum
295 3106 392 3183 coepit
413 3105 441 3161 in
458 3101 589 3165 Ecclesia
612 3106 746 3167 Romana
768 3126 833 3169 mos
847 3118 982 3175 vetustus
1003 3116 1137 3193 aliquan·

186 3194 250 3250 tum
274 3188 448 3251 immutari;
473 3192 506 3247 ut
529 3186 668 3248 nimirum
692 3207 749 3249 uon
772 3208 862 3261 unns,
885 3196 937 3254 sed
959 3196 1137 3261 dnoCanto-

186 3287 235 3329 res
257 3268 404 3330 Graduale
427 3266 660 3345 Responsorium
682 3272 901 3347 praecinerent.
914 3276 1084 3341 -Caeterum
1106 3283 1136 3341 ln

183 3350 318 3412 Romana
340 3350 472 3411 Ecclesia
504 3348 650 3427 ejrrsmodi
683 3350 885 3431 Responsoria
912 3376 929 3417 a
955 3358 1136 3424 Cantoribus

126 3452 129 3457 ·
184 3432 309 3510 majoris
329 3432 455 3494 Scholae
477 3432 569 3492 luisse
592 3438 710 3493 cantata
730 3442 848 3497 veteres
861 3436 990 3503 Ordines
1005 3440 1136 3505 Romani

184 3516 325 3577 indicant.
353 3513 386 3574 ln
418 3512 635 3588 antiquioribus
657 3512 811 3580 Ecclesiae
841 3522 974 3584 moribus
999 3522 1135 3589 Psalmue

183 3596 300 3675 integer
320 3595 536 3675 Responsorius
557 3597 745 3661 cantabatur.
769 3598 962 3666 Contractum
991 3606 1048 3669 luit
1077 3610 1135 3670 sub
