2517 4059
544 230 769 302 millii&-

180 362 383 443 plurimorum·
400 356 620 437 Tbeologorum
643 363 832 431 auctoritate,
855 365 920 421 tum
943 361 1032 429 etiam
1056 378 1139 421 com-

179 444 263 505 muni
286 460 430 503 consensu
443 439 592 502 Fidelium
614 442 678 521 jam
695 452 815 521 recepto
830 442 960 502 ridetur.
984 442 1138 519 Antiquis-

178 529 291 589 simum
306 541 341 583 ac
357 524 625 599 locupletissimum
640 525 773 602 hujusce
790 525 925 601 mysterii
942 530 1049 584 testem
1065 540 1137 601 pro·

178 609 241 669 lert
262 605 401 684 synodus
422 604 679 683 ierosolymitana¹
694 607 830 683 praeside
853 604 997 671 Dositheo
1019 606 1139 666 ieroso-

178 690 332 769 lymorum
349 683 526 746 Patriareha
548 687 694 749 adversus
715 688 892 750 Calviuistas
914 706 964 746 an.
984 685 1064 747 1672
1085 705 1139 749 ce-

179 771 307 836 lebrata‚
337 766 485 846 Gyrillum
509 767 623 830 scilieet
644 770 881 831 Alexandrinum
903 770 933 827 in
945 766 1078 835 Romilio
1100 768 1139 827 de

178 851 365 912 Dormiu'oae
388 846 527 926 'i'irpr‘eir
552 850 627 911 baec
652 851 876 926 proterentem:
911 848 1067 925 Quidnam
1092 859 1137 911 ert

177 949 321 1011 magnum
345 930 424 991 illud
448 931 578 1009 mgnum,
608 931 686 1011 quod
702 936 845 1013 apperuit
868 932 902 989 r'u
916 932 1006 995 coelo,
1033 932 1084 991 ubi
1100 940 1137 999 et

178 1015 259 1075 Deua
281 1014 405 1081 habitat,
429 1021 457 1073 et
478 1014 613 1075 caelestes
634 1016 760 1075 uirtutes
783 1012 952 1075 assistunt?
975 1000 1044 1091 ipso
1061 1030 1136 1089 pro·

178 1098 227 1155 cul
243 1095 334 1153 dubio
350 1103 392 1153 est
418 1090 507 1171 Vtrae
521 1094 727 1163 Sanctimt'mo,
753 1115 828 1173 quoe
842 1114 985 1173 moenum
999 1097 1034 1153 iu
1049 1103 1136 1157 terra

175 1176 296 1255 mgnum
318 1194 386 1233 cum
406 1174 549 1245 extiterit,
574 1196 605 1235 eo
628 1175 708 1255 quoti
729 1176 826 1237 Deum
847 1179 882 1235 in
903 1193 994 1235 cerne
1017 1174 1134 1253 genuit,

177 1268 204 1317 et
232 1265 298 1333 post
316 1267 441 1336 portum
461 1257 661 1335 integerrime
685 1258 773 1337 Virgo
791 1260 984 1336 permensit:
1005 1266 1083 1317 recte
1105 1267 1135 1319 et

176 1339 296 1416 siguum
318 1355 375 1396 erse
390 1336 505 1398 dieitur
525 1342 559 1399 iu
571 1339 664 1404 coelo,
689 1357 721 1397 eo
743 1339 822 1418 quod
836 1340 903 1419 ipsu
924 1358 992 1397 cum
1007 1355 1137 1417 corpore

176 1428 328 1498 assumpto
351 1428 391 1478 est
412 1423 447 1479 in
468 1424 595 1482 coelum.
619 1421 726 1488 noda,
751 1425 774 1481 si
798 1422 863 1487 ris,
887 1438 937 1479 eos
959 1436 1150 1493 sermones„

137 1554 139 1557 ,
176 1519 253 1577 quos
275 1502 312 1559 de
335 1502 440 1560 eadem
464 1501 623 1565 testivitate
646 1504 766 1563 edidere
789 1501 903 1569 Patres,
927 1519 1002 1577 quos
1024 1517 1135 1569 sermo·

178 1600 231 1642 nes
253 1588 390 1641 recenset
411 1579 566 1645 Fabricius
587 1584 675 1645 Tom.
699 1583 745 1644 tx
769 1581 972 1644 Bibliothecae
997 1580 1133 1651 Graecae

176 1682 245 1741 pag.
265 1661 324 1722 116
339 1671 370 1723 et
390 1682 474 1740 seqq.
487 1662 585 1725 Venio
599 1666 637 1725 ad
653 1665 787 1725 Latinos.
810 1664 884 1737 Quis
896 1664 1031 1725 omnium
1047 1664 1134 1741 prior

174 1744 319 1806 eLatinis
333 1762 412 1814 eam,
425 1747 462 1805 de
478 1762 543 1821 'qua
559 1750 688 1824 agimus,
712 1748 838 1823 virginei
860 1746 997 1823 corporis
1017 1763 1133 1806 assum·

173 1829 307 1905 ptiouem
329 1826 367 1885 ad
389 1828 489 1887 coelos
511 1829 688 1898 tradiderit,
713 1830 860 1889 incertum
884 1833 939 1889 est.
967 1826 1137 1905 Gregorius

172 1908 310 1969 Pontifex
332 1913 540 1985 cognomento,
564 1916 596 1971 et
615 1912 726 1987 reipsa
749 1910 877 1985 Magnus
897 1910 934 1969 ad
951 1914 1133 1979 vetustatem

173 1988 310 2067 ejusdem
328 1992 526 2065 persuasionis
547 1992 799 2067 comprobandam
821 1991 928 2050 adduci
953 1992 1061 2050 merito
1078 2008 1133 2068 po-

173 2075 243 2131 test.
268 2072 386 2129 Etenim
411 2074 438 2131 in
458 2071 550 2131 Libro
576 2069 842 2133 Secromeutorum
865 2077 934 2131 aule
949 2072 1072 2132 Missam
1089 2071 1135 2131 ie-

174 2154 212 2211 sti
235 2151 456 2227 Assumptionis
478 2154 672 2215 Beatissimae
694 2156 826 2231 Virginis
848 2156 942 2214 oratio
965 2154 1040 2213 baec
1062 2154 1134 2231 legi-

173 2240 244 2294 tur:
272 2232 449 2294 Venerando
465 2235 547 2293 nobis
569 2234 692 2295 Domine
713 2238 802 2317 hujus
818 2232 878 2293 diei
889 2236 1036 2312 festiviter
1047 2253 1133 2311 opem

171 2313 310 2392 conferet
324 2317 546 2393 sempiternom,
562 2316 597 2374 iu
612 2335 674 2395 que
690 2318 802 2379 Sancte
815 2316 873 2377 Dei
889 2315 1034 2379 Genitre'x
1049 2334 1131 2375 mor-

173 2405 231 2457 tem
245 2396 337 2475 subjit
352 2400 550 2475 temporalem,
573 2416 627 2458 nec
651 2410 751 2457 tumen
772 2398 873 2457 morlia
888 2400 1011 2458 uteribus
1034 2395 1132 2477 depri-

172 2480 216 2539 mi
232 2478 332 2556 potuit
353 2482 412 2536 etc.
446 2477 525 2550 Quid
553 2480 633 2538 enim
663 2478 832 2557 significant
858 2482 951 2541 verba
974 2480 1049 2538 illa:
1077 2496 1134 2553 nec

172 2570 272 2620 wmen
293 2560 398 2619 mortis
413 2560 536 2619 nexibus
559 2558 687 2640 deprimi
699 2563 811 2639 potuit,
837 2562 890 2620 nisi
913 2560 992 2637 quod
1009 2563 1131 2619 mortua

172 2640 224 2701 diu
248 2658 304 2698 nou
327 2642 498 2715 permansit,
522 2640 573 2699 sed
596 2642 703 2701 urortis
725 2642 843 2702 vincula
866 2643 960 2704 veluti
982 2642 1128 2717 disrupit,

170 2723 300 2791 etvicit,
325 2722 451 2783 excitata
475 2723 589 2783 scilicet
608 2724 780 2789 amortuis,
805 2730 835 2783 et
855 2741 981 2798 corpore
1005 2725 1070 2800 ipso
1092 2721 1133 2781 ab

173 2802 273 2863 caelos
295 2802 404 2863 elata‘l
426 2802 621 2863 Hildebertus
654 2805 683 2864 id
706 2806 804 2882 ipsum
828 2805 925 2865 docet.
960 2805 1131 2865 Ecclesiam

171 2903 267 2960 porro
289 2883 472 2946 Gallicanam
495 2882 691 2963 jamdudum
716 2904 770 2961 pro
798 2885 855 2945 hac
877 2887 991 2946 stetisse
1014 2891 1133 2945 senteu-

173 2968 235 3035 tia,
259 2966 627 3043 mauiiestousssequimur
650 2986 685 3027 ex
709 2967 822 3025 Missali
845 2966 983 3027 Gothico.
1010 2966 1040 3026 Si
1062 2964 1132 3026 Hil-

171 3048 326 3123 depbonso
340 3047 483 3108 Toletano
507 3049 611 3108 tribuis
627 3065 797 3110 sermonem
814 3055 931 3108 sextum
956 3048 993 3108 de
1008 3046 1133 3107 ,lesum-

165 3131 281 3207 priore,
306 3129 400 3189 habes
423 3130 557 3205 proiecto
579 3136 730 3191 vetustum
747 3129 834 3189 valde
857 3130 1054 3207 Scriptorem,
1077 3130 1132 3205 qui

169 3210 300 3272 affirmet
314 3216 410 3269 aetate
426 3228 479 3269 sna
495 3212 604 3271 multos
621 3214 732 3289 pietate
749 3218 934 3288 praestantes
949 3211 1029 3269 viros
1046 3228 1127 3275 eam,

169 3309 260 3367 quam
276 3292 416 3355 dicimus,
439 3308 613 3368 corpoream
630 3293 778 3369 Deipnrae
801 3294 1037 3368 assumptionem
1059 3310 1132 3368 pro·

169 3389 316 3450 pugnare.
342 3370 579 3447 Expressissime
601 3376 724 3443 anima,
757 3380 789 3435 et
808 3392 937 3449 ,ecrpme
969 3374 1005 3445 ad
1031 3372 1132 3433 coelos

168 3454 279 3514 elatam
297 3451 472 3531 Virginem:
496 3472 587 3529 quam
609 3456 729 3531 quidem
754 3474 819 3517 rem
832 3452 1049 3535 Assumptiom's
1064 3456 1130 3513 Ma-

171 3534 414 3595 tintinnabulis
436 3536 639 3614 intelligimus,
663 3537 794 3597 affirmat
814 3533 1010 3597 Hildebertus
1032 3533 1130 3597 Geno-

170 3617 344 3687 mancosis,
368 3623 432 3677 tum
454 3616 639 3678 Turonensis
660 3618 916 3696 archiepiscopus
939 3617 1036 3679 Serm.
1061 3616 1076 3677 l
1098 3618 1130 3676 iu
