2517 4059
571 216 631 279 ιιι
652 206 714 269 ete
734 214 796 277 m·

212 333 350 431 ipsorum
372 335 467 397 oeulis
480 334 588 413 subjici
603 338 702 414 potius
722 336 847 397 deberet
868 332 1052 410 exemplum
1062 330 1163 409 Roge-

213 417 249 476 rii
271 416 500 479 salesburiensis
522 417 670 497 Episcopi
693 418 746 495 qui
768 417 878 477 misere
899 416 992 476 ιίιιιιιι
1013 414 1159 483 absolvit,

212 500 256 558 uti
277 500 371 561 refert
392 496 571 561 Gulllelmus
591 499 815 563 Neubric'ensis,
831 516 925 575 quum
940 514 1057 558 sacrum
1072 496 1163 556 nimis

212 578 385 644 festinanter
411 586 441 641 et
462 584 525 642 sine
547 582 646 641 dehita
669 583 778 659 pictate
800 581 989 645 celebraret,
1012 595 1073 653 qua
1093 582 1163 638 arte

212 664 267 722 sibi
290 664 413 742 gratiam
437 660 561 724 llenrici
576 664 596 724 ,Ι
618 664 743 741 Angliae
758 662 847 739 Regis
867 663 1088 721 conciliaverat.
1112 657 1164 719 ln-

211 752 305 823 super
325 748 402 805 inter
425 752 554 811 caetera,
571 764 647 823 quae
661 748 691 805 in
705 744 837 807 Concilio
852 741 1068 805 constantiensi
1089 759 1163 801 con·

213 832 259 889 tra
281 826 423 888 loannem
445 823 505 888 Xll
530 828 645 905 prolata
666 832 747 897 sunt,
764 827 837 887 illud
858 844 977 902 quoque
991 825 1091 885 locum
1106 824 1163 885 ba-

211 910 299 970 buil:
327 907 412 985 Quod
435 906 557 969 Missam
580 927 651 969 roro
672 918 841 977 currentes,
863 911 927 969 sinc
949 906 1096 969 decorione
1116 923 1163 964 cc·

212 990 353 1051 lebroret.
377 988 443 1051 Non
465 991 558 1052 semel
582 992 671 1051 etiam
693 991 854 1069 improvisa
876 996 973 1049 morte
995 988 1085 1065 aliqui
1107 986 1163 1048 Sa·

88 1103 90 1107 ·
212 1074 348 1133 cerdotes
370 1075 502 1150 oppressi
524 1072 657 1142 luerunt,
679 1075 758 1148 quod
781 1072 950 1149 probissimi
967 1070 1102 1131 homines
1117 1070 1165 1129 di-

212 1156 281 1214 vino
314 1171 384 1213 sane
404 1154 518 1233 judicio
548 1156 708 1231 contigisse
736 1161 917 1233 putaverunt
942 1154 981 1212 ob
1010 1151 1165 1229 indignam

208 1234 444 1307 festinationem,
466 1254 525 1312 qua
548 1254 611 1296 rem
634 1237 764 1297 divinam
787 1234 993 1306 conficiebant,
1018 1234 1165 1311 epdomad-

215 1318 334 1377 modom
357 1317 425 1379 Pius
447 1317 557 1379 Settala
578 1318 772 1379 Dertoneosis
793 1318 961 1399 Episcopus
981 1323 1118 1378 testatur.

567 1479 693 1543 CAPUT
715 1480 799 1542 Vlll.

532 1662 574 1705 nn
595 1662 708 1707 nissae
728 1625 839 1706 rurrro.

254 1806 279 1867 1.
303 1807 379 1870 Cum
401 1810 464 1885 ipsa
486 1806 557 1867 Jcsu
572 1804 684 1868 Christi
705 1805 850 1877 Ecclesia,
868 1808 916 1885 pia
938 1807 987 1867 illa
1004 1813 1165 1869 consuetu-

202 1889 271 1955 do,
296 1896 329 1951 ιιι
349 1908 386 1950 ex
408 1888 592 1952 Tertulliano
615 1889 761 1950 habemus
782 1894 868 1950 enata
890 1893 946 1956 est,
969 1896 1003 1951 ut
1024 1890 1163 1951 omnium

211 1971 359 2032 actionum
394 1977 562 2032 nostrarum
591 1970 734 2033 aCrucis
765 1972 848 2048 signo
881 1972 1007 2031 ducatur
1030 1972 1162 2036 initium.

211 2051 287 2125 Quid
312 2056 401 2131 igilur
424 2056 556 2112 mirum.
580 2054 604 2111 si
627 2054 657 2112 id
679 2054 791 2132 pariter
813 2054 842 2112 in
864 2052 1053 2114 Sanctissima
1075 2053 1166 2116 chri-

214 2135 379 2195 stianorum
401 2136 526 2204 actione,
550 2133 660 2195 Missae
681 2136 820 2195 videlicet
842 2132 1005 2205 Sacrificio,
1031 2136 1096 2197 lieri
1119 2152 1165 2195 so·

213 2215 289 2276 leat‘l
311 2215 345 2277 ln
368 2235 403 2277 eo
424 2218 524 2293 itaque
545 2214 690 2279 Sacerdos
715 2235 733 2276 a
753 2215 859 2279 Crucis
880 2219 962 2295 signo
984 2218 1076 2279 Sacra
1097 2216 1167 2297 My-

212 2298 303 2359 sleria
326 2299 489 2360 exorditur.
508 2297 630 2375 insuper
645 2297 768 2358 Missam
791 2297 942 2359 Crucis
919 2318 1002 2376 signo
1018 2301 1165 2361 Sacerdos

213 2379 357 2453 inchoat,
382 2382 450 2459 quia
476 2380 532 2439 sibi
554 2381 755 2441 renovandam
788 2382 893 2441 mortis
915 2378 1025 2442 Christi
1048 2399 1166 2444 memo·

213 2462 288 2521 riam
310 2480 485 2542 proponere
500 2461 598 2522 debet.
626 2453 786 2523 Descendit
810 2462 865 2524 sub
891 2460 1026 2524 infimum
1051 2464 1165 2524 Alianis

214 2544 338 2621 gradum
354 2545 508 2612 Sacerdos,
523 2548 557 2603 ui
572 2542 728 2621 significet,
745 2562 777 2605 se
800 2545 953 2606 humiliari
970 2563 1070 2605 coram
1084 2547 1162 2607 Deo·
1181 2583 1188 2595 ·

211 2629 272 2686 stat
291 2644 364 2689 vero
393 2630 421 2687 in
444 2626 542 2687 medio
565 2632 633 2686 ante
655 2625 777 2694 Altare,
801 2627 963 2703 locumque
986 2628 1165 2689 nobiliorem

212 2707 269 2767 sibi
291 2711 446 2789 proprium
468 2715 614 2785 occupat,
640 2715 673 2768 ut
694 2713 794 2769 servet
814 2710 860 2769 sui
883 2711 1014 2771 muneris
1036 2711 1164 2789 diguita-

213 2794 285 2849 tem.
309 2791 408 2869 iungit
428 2809 534 2852 manus
556 2796 624 2851 ante
646 2797 761 2867 pectus3
785 2790 874 2867 idque
896 2791 1073 2853 humilitatis
1095 2809 1164 2869 gra-

213 2870 264 2933 lia.
288 2871 357 2934 Post
378 2874 578 2951 Antiphonam
596 2871 729 2933 introibo
753 2872 857 2933 recitat
878 2871 1029 2934 Psalmnm
1045 2872 1086 2934 bb
1105 2870 1164 2933 ,le-

214 2952 283 3014 dico
305 2974 349 3015 mo
373 2956 461 3017 Deus.
478 2953 581 3034 Hujus
602 2951 711 3014 Psalmi
734 2972 821 3013 suum
843 2956 970 3033 quisque
984 2973 1104 3016 versum
1120 2958 1164 3017 al-

213 3040 352 3098 ternatim
370 3040 496 3097 recitant
510 3035 657 3097 Sacerdos
671 3039 702 3095 et
715 3034 865 3106 Minister,
876 3044 908 3099 ιι
927 3041 963 3098 ad
980 3036 1068 3098 finem
1081 3038 1164 3098 Psal-

213 3118 254 3178 mi
270 3117 439 3180 alternatim
455 3121 568 3197 pariter
584 3118 712 3178 recitant
727 3115 834 3179 Gloria
859 3117 959 3179 Patri.
978 3118 1065 3180 Hunc
1080 3119 1164 3180 Psal-

214 3217 297 3261 mnm
321 3200 413 3261 David
435 3202 541 3261 cecinit
556 3218 625 3260 cum
643 3198 758 3277 lugiens
772 3217 789 3259 a
805 3199 879 3261 lacie
902 3200 1010 3266 Saulis,
1027 3208 1059 3263 el
1072 3200 1164 3262 exule

205 3282 308 3361 'patria
331 3289 364 3343 ut
385 3283 548 3344 declinaret
568 3280 658 3359 Regis
689 3282 848 3346 imorem,
871 3283 1083 3344 consolabatur
1103 3283 1164 3344 sei·

213 3381 301 3441 psum
325 3364 380 3425 hac
403 3382 454 3443 spe
476 3364 571 3425 lretus
592 3362 671 3441 quod
694 3380 870 3425 reversurus
892 3373 970 3425 esset
992 3366 1112 3426 tandem
1132 3368 1164 3425 in

214 3444 324 3507 Urbem
347 3446 524 3509 ierusalem.
549 3445 724 3508 introiturus
745 3446 782 3506 ad
807 3445 1163 3515 Altarellel,adol1e·

213 3528 305 3590 reuda
320 3525 482 3589 Sacrificia.
500 3525 597 3588 Hoc
590 3544 688 3605 ipsum
708 3524 884 3589 Christianis
904 3529 1040 3606 apprime
1054 3548 1164 3591 conve·

214 3610 277 3671 nire
300 3600 400 3687 palam
419 3616 474 3671 est.
499 3608 609 3671 Erotes
630 3609 712 3671 enim
742 3628 761 3672 a
780 3611 877 3689 patrm
898 3610 1018 3673 caelesti
1046 3629 1167 3675 maero-
