2517 4059
485 166 705 237 eeaaeilfflffl·

120 314 172 358 ces
194 298 223 356 in
238 297 345 358 Ollicio
366 296 554 365 dicebantur,
573 298 601 356 in
613 297 703 356 Missa
720 302 848 374 quoque·
859 299 916 357 dici
932 299 1074 361 solebant.

123 380 193 456 Agit
215 380 252 439 de
276 378 321 437 his
336 377 537 439 Columbauus
560 378 588 437 in
604 377 721 456 Repnla
743 379 817 455 Cap.
833 379 865 438 7.
889 378 953 440 Has
974 390 1076 442 autem

120 478 229 538 preces
250 460 417 536 pro-variis
440 460 543 527 rebus,
567 466 597 519 et
620 462 755 536 personis
778 462 955 538 compositas
972 462 1077 524 Diaco-

121 560 178 601 nus
200 543 229 599 in
253 541 342 602 blissa
363 544 562 616 pronunciare
584 541 710 601 solebat.
728 540 806 614 Quia
829 544 945 603 initium
961 542 1076 625 hymni

123 620 233 684 Gloria
253 626 288 681 in
309 624 431 681 excelsis
460 625 488 681 in
510 619 672 682 Nativitaie
695 622 859 683 Salvatoris
886 627 978 684 nostri
1008 624 1075 688 lesu

119 703 231 766 Christi
255 702 291 763 ab
314 701 437 778 Angelis
459 703 650 764 decantatum
674 704 750 775 luit,
775 706 843 764 inde
866 705 1001 783 Angetici
1025 726 1076 766 no·

118 786 336 845 menolaturam
359 786 485 862 accepit.
508 782 651 862 Hymnus
679 787 734 845 iste
762 786 798 845 ad
821 785 912 847 huam
934 790 1075 848 veterum

115 864 331 927 Psalteriorum
350 864 525 925 Latinorum
542 884 611 927 cnm
624 866 813 942 Apostolico,
831 871 861 927 et
873 868 1076 931 Athanasiano

116 947 262 1028 Symbolo
287 946 414 1007 habetur
436 946 583 1023 adjectus,
608 955 640 1008 et
661 948 791 1028 hymnus
812 952 977 1010 matutinus
1000 969 1075 1011 nun·

117 1036 257 1107 cupatur.
273 1026 354 1101 Olim
378 1028 406 1085 in
423 1028 547 1105 publicis
568 1030 734 1105 gratiarnm
757 1031 926 1091 actionibus
941 1030 1074 1107 hymnus

116 1114 175 1173 iste
197 1111 359 1186 Angelicus
381 1110 533 1169 adhibitus
556 1109 624 1182 luit,
651 1131 719 1171 nam
736 1110 839 1171 Patres
853 1112 976 1173 Concilii
993 1112 1075 1172 Sexti

117 1192 313 1254 Oecumenici
328 1192 356 1249 in
372 1191 553 1251 allocutione
567 1194 781 1254 acclamatoria
795 1195 833 1254 ad
848 1194 1075 1255 Constantinum

114 1275 302 1353 Pogonatum
319 1269 535 1349 imperatorem
558 1273 594 1333 de
616 1274 696 1334 letici
718 1273 851 1350 ejusdem
868 1276 989 1335 Concitii
1012 1276 1075 1335 exi-

115 1364 173 1417 tu:
198 1355 250 1415 soli
271 1354 410 1431 sapienti,
435 1354 584 1430 inquiunt,
609 1364 635 1413 et
654 1352 860 1432 omnipotenti
875 1358 937 1416 Deo
959 1358 1075 1433 qratia·
1112 1384 1121 1399 ·

116 1456 187 1497 rnrn
209 1433 309 1497 landes
331 1436 451 1495 enixius
472 1435 647 1516 offeramus,
674 1435 780 1499 Gloria
801 1440 836 1497 in
858 1439 976 1497 eccelsia
998 1438 1071 1508 Deo,

116 1530 144 1579 ct
166 1521 201 1577 in
223 1525 307 1576 terra
324 1532 392 1592 parc
414 1515 616 1577 decantantes.
646 1516 759 1600 ¹Pipiuo
782 1520 871 1579 etiam
895 1518 994 1579 Caroli
1010 1520 1075 1579 Ma·

114 1600 165 1679 gui
188 1598 249 1658 filio
271 1597 441 1657 occurrenti
458 1596 582 1657 Summo
597 1598 734 1669 Poptilioi
751 1598 841 1660 Leoni
864 1598 962 1675 Papae
979 1598 1023 1660 111
1038 1606 1073 1661 nt

114 1681 222 1741 scribit
244 1677 430 1755 Eginhardus
454 1680 481 1737 iu
504 1676 674 1739 Annalibus
688 1678 873 1741 Francorum
894 1681 971 1739 inter
993 1666 1075 1739 siri!

113 1768 217 1840 ptores
233 1758 393 1837 Francicos
405 1759 569 1821 Duchesnii
585 1760 672 1819 Tom.
690 1761 731 1829 11,
748 1770 839 1838 atque
856 1763 933 1821 inter
947 1759 1072 1820 Germa-

113 1845 199 1903 nicos
220 1840 349 1901 Roubori
373 1858 440 1919 pag.
467 1840 505 1901 15
541 1848 572 1901 et
593 1858 679 1917 seqq.
703 1843 781 1903 idem
803 1841 940 1901 Pontifex
965 1840 1073 1903 Gloria

112 1926 147 1985 in
170 1923 292 1985 racelsis
306 1922 366 1982 Dee
389 1924 544 1983 inchoasse
567 1923 757 1999 perhibetur,
780 1925 823 1983 uti
846 1930 877 1983 et
897 1924 976 1999 apud
992 1922 1072 1983 Ana-

113 2007 240 2067 stasinm
263 2005 292 2061 in
315 2001 380 2079 ejus
401 2006 472 2065 vita.
491 2002 597 2063 Victor
611 2002 745 2064 Vitensis
760 2001 925 2081 Episcopus
948 2006 1074 2080 loquens

113 2088 151 2149 da
168 2085 364 2164 Martyribus.
378 2087 430 2159 qni
452 2087 480 2143 in
497 2082 611 2151 Alrica,
629 2102 683 2145 seu
698 2084 877 2163 Carthagine
892 2086 969 2161 passi
986 2092 1072 2148 erant

112 2169 172 2229 sub
194 2166 370 2226 linuuerioo
392 2165 475 2243 Rege
498 2166 563 2224 Lib.
581 2165 623 2225 lll
640 2164 854 2238 Procedebant,
878 2169 929 2235 ait,
952 2186 1019 2226 cnm
1040 2167 1073 2247 fi·

115 2248 208 2309 decia
230 2247 270 2306 ad
286 2246 478 2324 suppliciam,
497 2246 583 2325 qnasi
604 2247 645 2307 od
662 2249 773 2327 epulas.
791 2247 985 2308 decantantes
1001 2247 1073 2311 Glo-

110 2331 161 2391 ria
182 2330 217 2389 in
238 2328 359 2387 eccelsia
379 2327 453 2387 Deo.
479 2326 665 2403 Usnrpatum
693 2330 784 2389 etiam
812 2329 894 2389 hunc
920 2330 1079 2407 hymnum·

109 2412 147 2473 ad
165 2412 325 2472 matutinas
338 2408 455 2471 Laudes
470 2411 632 2472 ostendunt
646 2409 737 2487 Hugo
750 2410 926 2476 Meuacdus,
944 2416 976 2471 et
986 2409 1068 2471 Mar-

108 2500 190 2553 tene.
209 2491 332 2552 Graecis
355 2490 424 2549 item
447 2490 495 2550 hic
518 2490 654 2569 hymnus
676 2494 841 2553 matutinus
855 2491 978 2557 dicitur,
995 2494 1067 2566 quia

108 2576 141 2634 in
163 2572 269 2633 Officio
291 2572 438 2630 matutino
460 2572 592 2646 quotidie
614 2572 735 2647 legitur,
759 2579 790 2631 et
811 2570 916 2631 diebos
932 2569 1067 2632 Domini·

109 2657 179 2723 cis,
202 2672 237 2713 ao
259 2650 425 2729 majoribus
448 2651 531 2713 lestis
554 2653 758 2713 modulatione
781 2652 912 2728 quadam
934 2653 1001 2712 cani
1022 2670 1068 2713 so·

108 2738 161 2799 let.
180 2734 257 2795 Vide
273 2732 494 2810 Euchologium
510 2730 698 2795 Graecorum
716 2750 782 2810 pag.
800 2730 882 2791 atter
895 2747 980 2808 seqq.
997 2749 1068 2793 com

108 2818 187 2879 notis
208 2816 308 2877 lacobi
332 2812 446 2874 Goarii.
470 2812 545 2874 ltem
567 2813 789 2876 Gothoiredum
811 2814 846 2872 ad
869 2809 1065 2875 Philastrium

108 2916 178 2977 pag.
193 2896 262 2966 lit,
280 2901 311 2957 et
326 2897 395 2955 ante
410 2897 509 2973 ipsum
525 2894 710 2955 Germanum
728 2894 756 2954 ll
771 2892 973 2955 Patriarcham
989 2893 1067 2956 Con·

108 2978 405 3055 stantinopolitanum
438 2978 466 3035 in
493 2974 621 3037 Tharria
643 2974 759 3035 lteram
781 2973 1066 3035 Ecclesiasticornm
1104 3018 1107 3024 -

105 3063 137 3120 iu
159 3060 347 3120 Bibliotheca
368 3057 489 3117 Patrum
518 3057 614 3135 Lugd.
638 3056 727 3116 Tem.
751 3055 829 3119 xltl
856 3074 924 3133 pag.
947 3053 987 3115 bie
1014 3057 1067 3117 ubi

103 3142 238 3221 hymnus
260 3142 314 3201 iste
338 3156 450 3217 acapna
466 3138 634 3217 Doccolopia
657 3142 848 3216 nuncupatur
870 3136 908 3195 ad
923 3136 1066 3197 differen-

104 3224 176 3284 tiam
199 3239 310 3298 parvae
333 3218 527 3297 horologica,
552 3236 630 3297 quae
652 3226 699 3281 est
716 3216 825 3283 Gloria
839 3215 941 3285 Patri,
966 3227 992 3277 et
1014 3216 1066 3279 Fi-

103 3305 155 3369 tto.
181 3312 208 3363 et
230 3301 365 3382 Spiritui
386 3300 506 3363 Sancto.
535 3300 567 3360 S.
592 3301 759 3361 Athanasio
781 3302 810 3359 iu
833 3300 912 3359 rotis
933 3306 999 3357 erat
1020 3300 1067 3359 De

109 3383 302 3463 Virpinitate,
316 3389 350 3443 ut
364 3380 481 3442 Psalmo
497 3383 578 3442 Dens
593 3382 674 3442 Dens
689 3400 779 3451 mene,
792 3386 823 3441 et
837 3380 960 3441 Cantica
974 3377 1065 3439 Bene·

105 3465 205 3534 dicite,
219 3482 297 3543 quae
313 3474 366 3524 rios
381 3464 417 3523 ad
434 3463 552 3524 Laudes
567 3462 707 3532 dicimus,
725 3480 845 3523 sumum
861 3479 950 3521 mane
965 3460 1065 3530 dictis,

102 3547 290 3610 Christianae
311 3544 462 3624 Virgines
478 3546 627 3626 hymnum
655 3543 736 3606 bone
757 3542 822 3605 Deo
844 3543 1017 3605 recitarent.
