2517 4059
556 180 782 252 millet&-

193 322 243 373 tra
271 307 397 369 ludaeos
424 320 452 370 et
478 308 621 382 Gentiles,
648 310 725 393 quod
743 310 880 375 Christus
901 310 940 372 sit
961 308 1040 371 Deus
1062 307 1099 368 T.
1123 306 1155 369 l.

194 410 264 471 pag.
278 391 337 451 571
360 409 429 450 cero
445 393 543 469 ipsum
558 395 686 472 lignum,
711 394 745 453 in
757 413 814 473 quo
830 411 950 451 sacrum
964 411 1068 472 corpus
1080 408 1156 467 pas-

195 493 262 534 sum
284 482 311 533 et
336 472 515 551 crucifixum
541 487 609 544 est,
645 495 700 536 cur
722 474 859 535 certatim
890 494 988 534 omnes
1010 472 1158 533 adeunt?

199 553 265 617 Cnr
289 554 477 631 particulam
503 560 566 637 eius
587 560 678 618 multi
699 566 846 617 sumentes
878 574 953 616 auro
975 556 1155 623 inclusam,

194 646 258 697 tum
272 639 334 695 oiri
355 647 418 695 tum
440 638 581 699 mulieres
607 660 626 699 a
641 640 712 699 collo
728 636 912 717 suspendunt
934 636 974 696 ad
990 645 1157 696 ornatum:

195 717 250 776 etsi
264 717 466 779 damnationis
483 731 509 781 et
524 723 647 781 ultionis
661 720 823 801 symbolum
837 721 890 779 lroc
905 720 1020 797 lignum
1034 714 1158 795 suerit?

194 795 376 883 Particulam
394 797 566 862 Dominicae
581 799 685 863 Crucis
707 820 776 862 cum
792 796 926 876 Eulogiis
939 800 1028 859 Leoni
1043 800 1058 859 l
1082 798 1160 857 mis·

193 897 257 939 sam
281 878 372 940 luisse
396 880 566 943 alrrvenaie
589 882 724 960 Epistola
738 882 779 942 72
801 882 838 941 ad
861 882 1001 942 eumdem
1022 882 1155 941 luvena-

194 958 254 1023 lem
277 963 388 1039 scripta
411 970 547 1024 testatur.
570 963 717 1042 Ejusdem
743 962 848 1023 Crucis
870 963 1049 1038 particulam
1074 960 1158 1020 obti-

193 1044 294 1104 nuisse
316 1043 531 1121 Radegunde'm
553 1044 711 1123 Reginam,
735 1062 770 1105 ae
791 1044 900 1105 devote
922 1046 951 1103 in
975 1043 1161 1104 pictaviensi

69 1184 79 1203 ,
193 1122 378 1185 Mouasterio
401 1126 580 1199 collocasse,
605 1146 642 1186 ex
664 1125 811 1205 Gregorio
833 1125 999 1189 Turonensi
1021 1126 1115 1185 Libro
1138 1122 1157 1184 l

195 1203 231 1264 de
256 1203 365 1267 Gloria
387 1204 563 1287 Martyrum
585 1206 659 1287 Cap.
683 1208 702 1270 5
725 1208 925 1284 assequimur.
949 1206 980 1266 st
1002 1206 1070 1283 quis
1094 1206 1158 1266 alia

194 1286 278 1361 cupit
299 1287 459 1365 exempla,
483 1309 519 1349 ea
541 1292 699 1359 consulat,
724 1307 801 1364 quae
823 1288 856 1348 P.
880 1287 1041 1348 Gretserus
1069 1286 1161 1348 lucu·

194 1365 360 1430 lentissima
375 1368 466 1430 habet
480 1370 567 1432 Tom.
585 1371 599 1431 1
615 1370 649 1430 dc
668 1370 764 1433 Cruor
779 1369 847 1429 Lib.
864 1368 878 1429 l
893 1369 966 1445 Cap.
983 1370 1024 1428 77
1039 1366 1082 1427 78
1096 1368 1154 1428 79.

234 1445 290 1508 ΙΙΙ.
314 1448 440 1529 Egregie
454 1451 570 1513 Natalis
585 1451 755 1512 Alexander
773 1452 900 1511 Dissert.
922 1449 984 1510 VII
996 1446 1159 1532 Historiae

194 1532 290 1590 octooi
304 1532 426 1593 Soeenli
447 1536 572 1595 stultum
595 1531 835 1601 Pauiicianorum
853 1550 988 1591 errorem
1004 1532 1157 1601 confutat,

192 1629 283 1687 quem
306 1633 409 1677 rursus
431 1615 588 1677 aCiaudio
609 1614 799 1679 Taurinensi,
823 1633 840 1673 a
862 1611 1098 1679 Petrobusianis,
1126 1619 1161 1675 et

193 1694 381 1757 Wiclessistis
410 1699 571 1757 excitatum
594 1698 754 1757 novissime
787 1694 973 1764 lutherani,
998 1699 1029 1754 et
1051 1694 1160 1754 Calvi-

193 1776 288 1837 nistae
311 1778 536 1848 instaurarunt,
561 1779 706 1839 adversus
729 1778 867 1847 cultum,
892 1776 943 1855 qui
965 1773 1075 1846 Cruci,
1101 1778 1157 1837 cui

192 1856 300 1919 affixus
321 1866 367 1920 est
388 1858 495 1932 lesus,
519 1861 649 1939 ejusque
671 1857 775 1919 Crucis
796 1855 981 1933 Imaginibus
1001 1855 1072 1934 jure
1100 1860 1160 1917 tri-

193 1938 309 2003 buitur.
334 1939 373 2002 Et
389 1960 421 2001 re
445 1943 567 2019 quidem
590 1959 664 2001 vera
685 1946 819 2018 praestat
840 1941 969 2001 caeteris
991 1936 1160 2001 Damasce-

196 2037 275 2088 nus,
300 2025 412 2099 quippe
433 2026 487 2099 qni
509 2024 699 2100 apertissime
733 2024 861 2082 testatur
882 2022 1158 2095 consuetudinem,

196 2118 274 2175 quae
297 2105 382 2164 nobis
404 2106 505 2172 inest,
530 2111 565 2164 ut
590 2104 718 2167 Crucem
740 2121 936 2172 ueneremur,
961 2102 1082 2178 inquit,
1105 2100 1162 2164 Lt-

195 2180 247 2241 lrro
269 2180 318 2244 IV
335 2184 370 2244 de
392 2183 465 2244 Fide
491 2183 667 2245 Ortlodosca
689 2180 762 2260 Cap.
783 2181 822 2241 16
853 2185 882 2242 in
905 2201 1008 2243 earum
1025 2201 1159 2247 numero

195 2279 261 2323 esse
283 2269 507 2338 recensendam,
532 2285 608 2345 quae
631 2269 666 2325 in
681 2263 845 2344 scripturis
860 2266 982 2323 minime
999 2282 1158 2341 cupressos

195 2351 286 2415 sunt,
309 2348 356 2406 uti
377 2368 464 2418 cam,
489 2366 548 2429 qua
571 2346 610 2408 ad
637 2345 788 2407 Orientem
814 2348 946 2406 conuersi
967 2345 1159 2408 odoramus:

195 2442 288 2501 quam
310 2433 410 2489 tamen
433 2431 538 2508 procul
560 2429 651 2490 dubio
674 2427 710 2487 ad
734 2429 897 2504 apostolica
918 2433 1054 2504 tempora
1076 2427 1159 2489 rele-

127 2518 132 2525 '
195 2514 278 2567 runt.
293 2508 334 2571 At
349 2511 441 2571 multo
457 2512 647 2590 expressiora
662 2508 762 2569 cultus
778 2507 868 2585 hujus
880 2514 1057 2586 argumenta
1068 2528 1160 2588 prae-

193 2593 240 2647 sto
262 2596 332 2649 sunt
353 2593 449 2660 nobis,
473 2595 497 2653 si
520 2592 557 2652 ad
580 2611 616 2654 ea
630 2598 769 2668 tempora
785 2592 991 2667 quaestionem
1008 2591 1154 2665 deducas,

196 2668 305 2744 quibus
326 2672 443 2735 d'etema
464 2672 552 2734 Crux
566 2675 701 2735 omnium
718 2672 827 2733 osculis
852 2691 885 2732 ac
900 2674 1085 2733 venerationi
1102 2692 1159 2734 ex·

196 2751 292 2827 posita
307 2761 363 2815 est.
378 2755 588 2834 approbatum
604 2755 711 2816 deinde
726 2753 819 2814 inisse
836 2756 950 2813 arritum
963 2750 1054 2814 Cruci
1069 2754 1159 2815 adhi-

195 2831 315 2904 bitum,
341 2839 498 2899 innumera
521 2837 744 2916 propemodum
769 2841 966 2895 monumenta
992 2842 1155 2897 testantur.

195 2910 313 2978 Laudat
334 2938 405 2980 sane
432 2920 555 2981 Paulam
577 2918 784 2997 Hieronymus
812 2919 842 2975 in
866 2914 1002 2995 Epistola
1032 2918 1092 2979 108
1114 2916 1158 2977 ad

196 2991 399 3068 Eustochium,
416 3001 494 3081 quod
511 3010 669 3082 prostrato
682 3009 751 3058 autc
769 2996 908 3066 Crucem,
927 2999 1014 3077 quasi
1025 2999 1160 3077 penden-

197 3087 254 3140 tem
280 3079 445 3143 Dominum
468 3092 623 3149 cerneret,
654 3080 817 3141 adorasset.
842 3077 954 3138 Aiierri
978 3082 1053 3141 solet
1080 3082 1159 3141 alter

197 3158 377 3240 Hieronymi
401 3165 496 3235 iocus,
521 3165 698 3240 desumptus
720 3179 757 3221 ex
773 3158 996 3222 Commentario
1021 3162 1049 3221 in
1075 3160 1159 3223 Psal-

197 3263 283 3308 mum
305 3243 434 3307 xcvttt
458 3246 486 3304 in
510 3264 569 3323 quo
597 3246 720 3320 quidem
744 3243 837 3305 verba
860 3243 931 3303 iiia:
958 3240 1079 3305 adorate
1094 3260 1159 3303 sca·

198 3328 306 3389 bellum
325 3326 434 3405 pedum
456 3326 538 3406 ejus,
564 3327 601 3386 ad
624 3325 754 3387 Crucem
771 3322 876 3383 refert.
893 3325 951 3395 Sed
967 3323 1157 3403 Hieronymo

199 3408 309 3470 librum
327 3408 410 3470 iilum
427 3404 529 3469 Critici
546 3410 685 3477 demunt;
709 3411 859 3467 vetustum
878 3412 991 3479 tamen,
1010 3426 1064 3469 nec
1078 3408 1160 3483 igno·

199 3489 289 3553 bilem
313 3490 406 3551 habet
427 3495 598 3552 auctorem.
622 3486 750 3549 Nostrae
766 3488 856 3547 etiam
873 3486 1037 3567 Religionis
1052 3488 1159 3548 honori

198 3573 291 3633 vertit
312 3571 522 3635 Theodoretus
545 3571 694 3634 Oratione
719 3573 804 3631 sexta
826 3568 851 3629 1.
876 3570 906 3631 11
928 3570 1007 3649 quod
1035 3568 1155 3643 Graeci,
