2517 4059
559 220 618 278 ⁹&tl
641 208 702 267 37²2
722 217 784 279 i&
914 285 919 309 ³

198 343 317 402 nomine
347 339 585 415 appellabantur.
610 324 729 398 Ha'rnm
751 337 887 398 Laudum
914 336 1077 397 lormulam
1110 337 1147 399 le·
1257 401 1258 412 p

197 442 269 503 gere
290 422 360 483 licet
382 421 460 499 apud
482 420 671 481 Cardinalem
694 418 792 489 Roob,
815 421 887 480 item
909 419 989 497 apud
1011 416 1150 479 Mabillo-
1257 421 1258 448 ¹

198 508 280 567 nium
302 509 332 564 et
354 503 432 581 apud
456 502 645 563 Edmundum
661 503 809 563 Martene.
832 502 925 562 Erant
946 505 1048 560 autem
1071 499 1149 562 Lau·

199 588 251 649 des
273 585 505 648 adclamationes
528 584 650 645 festivae
672 586 749 644 intra
765 584 924 645 blissarnm
946 583 1091 641 solemnia
1105 582 1150 656 la·

190 676 274 730 ctae.
299 663 396 727 Hodie
419 666 534 727 Laudes
556 666 613 726 hoc
635 666 701 726 loco
723 664 788 726 lieri
811 666 907 725 solent
928 662 1054 724 Summo
1076 664 1147 725 Pon·

191 751 268 813 tilici
291 750 397 810 eodem
419 747 484 809 iere
506 750 565 809 ritu
588 749 617 809 in
639 748 687 809 die
709 748 866 809 dumtaxat
886 764 958 807 suae
980 748 1149 808 coronatio·

200 836 255 894 nis.
273 832 441 893 Praeterire
464 848 521 890 non
544 832 699 901 debemus,
723 832 891 908 praedictas
905 828 1067 890 Orationes
1088 830 1148 889 col·

198 915 339 976 locandas
360 932 426 974 esse
449 920 565 974 servata
591 930 694 974 earum
717 912 883 991 dignitate,
913 916 946 971 ut
973 911 1148 987 praescribit

198 994 330 1059 Robrica
348 1018 356 1065 ι
380 1002 411 1055 et
433 1014 470 1055 ex
492 997 555 1055 solo
577 994 688 1055 Missali
712 1013 778 1056 esse
799 993 1020 1063 desumendas‚
1044 992 1148 1053 rideli-

199 1086 258 1148 cet,
283 1084 335 1139 aut
357 1077 393 1138 de
417 1076 577 1153 Tempore,
602 1082 655 1137 aut
676 1077 714 1137 de
735 1077 855 1153 proprio
876 1074 1075 1142 Sanctorum,
1098 1080 1148 1135 aut

199 1162 236 1222 de
257 1159 437 1227 Communi,
462 1164 514 1218 aut
535 1177 571 1218 ex
593 1158 786 1219 Orationibus
807 1158 931 1216 dirersis
954 1161 1020 1233 post
1041 1157 1148 1217 Missas

197 1242 345 1312 Votiras3
371 1260 428 1299 non
452 1258 487 1298 es
511 1241 575 1301 aliis
597 1240 721 1300 Libris:
749 1257 901 1315 nunquam
924 1244 1023 1316 potest
1044 1238 1149 1299 Sacer·

198 1324 252 1386 dos
274 1342 309 1385 ea
333 1323 534 1401 depromere,
560 1323 639 1384 unde
660 1323 811 1391 maluerit,
828 1321 878 1380 sed
901 1338 938 1381 ex
954 1320 1067 1380 blissali
1090 1326 1148 1381 tan·

199 1414 282 1473 tumr
307 1411 339 1466 nt
353 1405 501 1482 colligitur
522 1424 559 1465 ex
576 1404 717 1465 Rubrica.
736 1404 849 1464 Littera
864 1401 902 1461 N.
927 1420 1004 1479 quae
1020 1402 1147 1464 babetur

200 1491 227 1548 iu
249 1486 436 1549 OrationeA
458 1490 571 1549 cunctis
589 1489 686 1564 ¹eripit
706 1488 929 1565 expressionem
953 1485 1081 1544 nominis
1096 1483 1148 1545 Pa·

157 1642 161 1651 ,
199 1570 304 1642 troni,
329 1588 382 1631 seu
404 1568 544 1629 Titularis
566 1568 744 1638 Ecclesiae,
776 1570 826 1629 ubi
849 1568 940 1627 Missa
963 1567 1146 1627 celebratur.

198 1650 334 1729 Denique
357 1654 381 1711 si
398 1649 542 1720 Ecclesia,
567 1654 671 1727 inqua
693 1650 863 1711 celebratur
878 1650 969 1711 Missa
990 1650 1029 1708 sit
1051 1649 1148 1709 dicata

197 1733 408 1796 Sanctissimae
430 1731 579 1801 Trinitati‚
597 1734 789 1794 Sanctissimo
804 1731 964 1801 Salvatori,
988 1731 1037 1792 vel
1059 1731 1149 1799 alicui

199 1816 308 1877 Sancto
330 1834 367 1875 ex
390 1814 550 1874 nominatis
569 1816 630 1893 jam
654 1819 683 1874 ib
705 1813 848 1876 Oratione
872 1813 898 1872 A
918 1816 1055 1880 cunctis,
1081 1821 1149 1875 tune

201 1899 268 1958 loco
292 1897 460 1959 nominandi
494 1897 522 1955 in
546 1898 595 1973 illa
618 1898 716 1958 littera
738 1893 775 1955 N.
798 1896 938 1959 Sanctum
960 1894 1147 1963 Titularem,

200 1998 236 2040 ne
258 1983 283 2040 is
305 1980 414 2041 iterum
438 1985 601 2055 repetatur,
627 1985 723 2056 potest
744 1980 875 2056 expriori
898 1994 1005 2037 nomen
1027 1977 1149 2039 alterius

194 2061 310 2132 Sancti,
335 2060 421 2138 cujus
444 2061 603 2139 praecipua
625 2062 783 2131 memoria,
808 2063 855 2122 vel
878 2059 999 2138 insignis
1015 2058 1151 2137 Reliquis

200 2143 328 2210 babetur
350 2144 380 2201 in
403 2142 479 2202 dicta
502 2143 646 2203 Ecclesia.
664 2144 780 2204 Slvere
802 2162 860 2202 uon
884 2144 922 2203 sit
943 2140 1050 2217 aliquis
1072 2142 1148 2221 ejus-

200 2226 291 2291 modi,
316 2229 385 2285 tnnc
408 2225 553 2285 nominari
577 2216 676 2302 potest
696 2225 772 2286 alius
787 2224 912 2286 Sanctus
935 2240 990 2302 pro
1012 2220 1148 2294 arbitrio,

199 2314 230 2368 et
252 2306 409 2369 deuotione
432 2304 599 2367 Sacerdotis
623 2307 810 2367 celebrantis.

569 2468 696 2530 CAPUT
718 2470 789 2531 xli.

537 2651 584 2694 DE
613 2651 821 2696 EPISTOLA.

242 2796 265 2855 1.
291 2795 414 2873 Antiqui
436 2795 560 2857 Codices
581 2796 843 2858 Sacramentorum
866 2804 926 2858 tam
949 2797 1039 2863 editi.
1063 2816 1155 2876 quam

164 2887 169 2897 “
201 2878 394 2955 manuscripti
417 2877 484 2939 Post
509 2880 676 2949 Collatum,
701 2880 850 2957 inquiunt,
874 2882 1010 2957 sequitur
1033 2878 1155 2960 Aposto-

200 2964 258 3033 lus,
275 2960 352 3019 idest
366 2958 468 3023 Lectio
490 2979 525 3019 ex
543 2961 698 3039 Apostolo.
717 2961 848 3023 Tametsi
871 2964 951 3022 euim
974 2965 1037 3040 ipsa
1053 2962 1169 3022 Lectio·

200 3062 239 3105 ex
260 3041 324 3102 aliis
345 3058 464 3119 quoque
486 3042 584 3103 Libris
599 3042 734 3115 Veteris,
757 3051 788 3104 et
808 3042 886 3103 Nori
901 3045 1082 3105 Testamenti
1103 3045 1155 3104 de·

201 3126 359 3193 sumatur,
388 3124 604 3200 utplurimum
627 3132 727 3187 tamen
749 3144 787 3185 ex
809 3123 950 3201 Epistolis
973 3127 1053 3187 Pauli
1077 3126 1157 3186 acci-

201 3209 299 3286 pitur,
323 3221 358 3263 ac
380 3212 538 3281 propterea
561 3206 652 3267 solius
675 3208 811 3286 Apostoli
833 3209 862 3267 in
884 3210 1045 3287 praedictis
1066 3207 1159 3270 Codi-

201 3289 285 3348 cibus
308 3289 418 3346 mentio
441 3286 474 3347 stt
496 3306 585 3363 quam
608 3288 771 3350 lormolam
802 3292 911 3367 passim
935 3297 1081 3368 usurpant
1102 3308 1157 3349 ve-

202 3380 283 3431 teres
295 3366 472 3429 Officiorum
495 3369 715 3447 explanatores.
733 3371 833 3448 Atque
854 3372 922 3433 inde
944 3378 1010 3434 orta
1025 3378 1071 3433 est
1086 3369 1156 3448 Epi-

202 3450 296 3511 stolae
322 3450 573 3518 nomenclatura,
603 3470 678 3530 quae
706 3453 778 3515 hoio
800 3453 930 3514 Lectioni
957 3455 1157 3515 communiter

204 3532 296 3592 tribui
318 3530 412 3599 solet,
437 3532 506 3595 licet
527 3550 584 3593 non
607 3552 644 3593 ex
666 3533 827 3612 Epistolis,
852 3538 904 3597 sed
926 3556 965 3598 ex
985 3536 1153 3614 Prophetis,

203 3614 268 3673 sive
283 3630 319 3672 ex
336 3612 401 3673 aliis
416 3612 586 3692 Scripturas
602 3614 711 3679 Sacrae
722 3618 830 3679 Libris.
844 3618 946 3681 Eitum
963 3619 1042 3682 bunc
1059 3618 1154 3697 legen-
