2517 4059
467 168 692 239 wilwim-

99 298 163 351 toto
180 299 315 370 tempore
330 292 477 354 Passionis
493 296 676 357 omittendus
690 305 746 364 est,
763 304 798 357 ut
811 303 928 357 constat
948 314 984 357 ea
999 296 1056 357 Ca·

98 391 177 434 none
198 374 241 435 Hi
262 374 320 434 dao
343 375 378 435 da
397 376 567 439 consecrat.
590 378 666 438 Dist.
690 378 724 446 t,
747 380 777 437 in
799 396 859 455 quo
875 376 1005 460 Alleluia
1024 386 1056 441 et

99 453 211 515 Gloria
232 459 266 516 in
282 460 402 519 sarcitis
424 459 579 519 intermitti
594 460 748 527 dicuntur,
772 461 842 535 quia
864 465 987 537 peccato
1003 462 1056 520 ho·

101 539 190 597 minis
214 540 324 598 veteris
345 558 362 597 a
384 548 533 600 conventu
548 541 711 617 hagelicae
733 541 916 602 iubilationis
937 543 1055 618 expulsi

99 621 129 677 iu
145 619 239 697 hujus
255 618 384 679 miserae
407 623 486 682 vitae
501 621 654 700 Babylone
675 639 767 698 super
782 620 908 683 flumina
929 622 998 701 ejus
1012 642 1057 684 se·

98 702 207 761 demus
229 708 259 761 et
280 700 398 770 tlemus,
422 702 492 763 dnm
516 705 711 764 recordamur
734 702 812 762 illius
834 703 916 774 Sion,
941 706 971 762 in
993 724 1053 779 qua

98 782 198 843 Deum
221 783 308 845 decet
330 784 472 861 hymnus.
500 785 655 861 Excipitur
676 783 806 843 EeriaV
827 787 857 844 in
872 782 972 846 Coena
994 784 1054 845 llo·

100 865 186 935 mini,
212 866 240 923 in
263 884 322 942 qua
343 866 495 925 canendus
510 867 620 925 dicitur
643 871 766 942 propter
781 863 990 927 Eucharistiae
1012 868 1057 927 in·

100 948 300 1007 stitutionem.
324 946 481 1021 Excipitur
503 950 595 1007 etiam
618 945 710 1006 Missa
732 945 854 1007 Sabbati
876 948 1001 1014 Sancti,
1026 949 1055 1007 in

99 1046 161 1106 qua
188 1029 302 1106 pariter
328 1025 433 1089 Gloria
454 1030 488 1085 in
510 1028 631 1088 racalsis
653 1028 782 1098 dicitur,
805 1047 875 1089 cum
904 1031 942 1089 sit
965 1028 1055 1091 Missa

100 1111 195 1171 noctis
210 1108 448 1170 Resurrectionis
462 1108 584 1178 Christi,
609 1112 661 1186 qui
684 1112 866 1186 resurgendo
890 1115 1056 1175 maximum

100 1192 214 1253 mundo
237 1192 336 1252 intulit
358 1190 511 1266 gaudium.
536 1191 569 1251 ln
596 1190 709 1252 Votiris
731 1190 829 1252 Missis
851 1211 908 1253 nou
930 1195 1051 1263 dicitur,

101 1276 156 1333 nisi
180 1275 257 1333 lorle
280 1273 315 1331 ad
337 1272 487 1348 publicam
509 1281 539 1333 et
554 1290 677 1349 gravem
700 1271 829 1348 aliquam
846 1293 966 1336 causam
989 1294 1057 1352 spe·

100 1364 206 1422 stent,
231 1372 299 1415 cnm
323 1354 372 1413 hic
396 1354 525 1430 hymnus
548 1362 691 1430 tanquam
718 1354 915 1416 solemnitatis
937 1359 1062 1434 signatu

100 1456 222 1512 semper
244 1441 396 1513 spectatus
419 1436 520 1496 luerit.
548 1434 664 1496 liicitur
686 1435 716 1493 iu
738 1435 922 1512 Angelorum
946 1437 1054 1504 Missis,

100 1520 170 1597 quia
188 1522 241 1597 ipsi
258 1516 390 1595 ejusdem
404 1516 518 1595 Hymni
534 1518 652 1577 initium
670 1516 757 1592 primi
773 1517 958 1587 cecinerunt,
971 1538 1058 1580 eum-

101 1618 161 1677 que
186 1618 238 1661 nos
259 1601 297 1659 ab
318 1600 424 1658 iisdem
448 1598 616 1658 didicimus.
641 1595 674 1656 ln
691 1596 790 1661 Missis
812 1616 931 1674 quoque
945 1599 1059 1661 Beatis-

101 1686 197 1743 simae
220 1681 351 1758 Virginis
372 1682 480 1740 dieitur
504 1681 531 1737 in
554 1679 702 1749 Sabbato;
726 1680 796 1754 quia
818 1680 972 1741 sciliceta
995 1699 1057 1741 me-

101 1764 151 1825 dio
174 1763 301 1824 Saeculo
323 1761 369 1822 xl
391 1760 553 1833 Religiosi,
578 1765 642 1821 tum
664 1758 888 1831 Ecclesiastici,
912 1767 943 1821 et
964 1762 1056 1831 Laici,

103 1846 223 1920 pietatis
245 1863 329 1922 ergo,
354 1842 420 1920 ejus
441 1841 582 1902 Ollicium
606 1842 782 1907 recitabant,
806 1841 961 1919 quiajam
984 1843 1057 1903 Sah-

102 1928 207 1988 batam
230 1924 296 2003 ejus
313 1926 418 1984 honori
441 1924 634 2000 peculiariter
657 1923 808 1983 addictum
824 1929 900 1994 erat3
924 1926 995 2000 quia
1010 1924 1059 1984 de-

103 2010 194 2086 nique
221 2008 362 2082 deinceps
389 2004 540 2065 Ecclesiae
569 2004 740 2081 complures
766 2021 802 2063 eo
831 2004 878 2063 die
907 2006 1057 2080 integram

102 2089 296 2150 Beatissimae
320 2086 451 2164 Virginis
472 2084 612 2146 Officium
645 2103 713 2145 cum
739 2083 776 2145 Tr
799 2086 894 2145 Druna
926 2086 1059 2149 institue·

103 2180 198 2237 runt,
229 2170 307 2247 quod
335 2188 371 2231 ex
394 2168 530 2228 Romano
554 2168 612 2226 ritu
640 2168 678 2227 ad
703 2166 809 2230 Gloria
830 2168 863 2226 io
885 2168 1007 2228 recolam
1029 2172 1058 2229 in

104 2253 196 2314 Missa
217 2252 376 2326 dicendum
396 2248 589 2309 determinat.
613 2246 680 2308 Non
705 2249 816 2308 dicitur
843 2249 871 2307 in
893 2248 1066 2311 lleluocto·⁴

105 2354 172 2395 rum
195 2334 305 2402 Missis,
330 2350 383 2408 per
399 2347 487 2391 omne
509 2330 624 2391 scilieet
646 2330 796 2413 tristitiae,
813 2336 844 2390 et
859 2331 1058 2406 paenitentiae

104 2420 236 2495 tempas,
260 2416 329 2491 cirria
353 2430 461 2487 nempe
484 2430 544 2471 non
557 2411 649 2471 audet
663 2411 797 2472 Ecclesia
819 2412 980 2471 caelestem
995 2414 1059 2489 glo·

104 2500 182 2557 riam
203 2514 336 2563 canere,
361 2493 613 2571 quemadmodum
637 2492 668 2551 S.
693 2492 827 2552 Thomas
848 2492 1060 2554 animadvertit

104 2579 124 2640 3
145 2586 222 2657 part.
246 2581 363 2654 quaest.
387 2574 428 2634 63
450 2579 509 2634 art.
534 2572 553 2631 lr
581 2574 654 2633 dum
676 2592 761 2634 suam
783 2573 901 2650 ipsius,
925 2579 978 2634 aut
999 2576 1059 2633 ani·
1116 2594 1123 2601 ·

105 2678 224 2721 marum
241 2657 408 2737 Purgatorii
430 2654 531 2717 dellet.
549 2655 700 2730 Tempore
715 2655 871 2714 Adventus
893 2654 975 2714 saria
990 2654 1057 2725 luit,

104 2740 309 2804 Ecclesiarum
332 2736 525 2800 consuetudo,
551 2735 675 2795 Saeculo
689 2736 735 2796 lx
753 2734 840 2813 juxta
860 2734 1058 2813 Micrologum

100 2842 164 2882 mou
186 2823 352 2890 dicebatur,
376 2825 532 2879 caeterum
555 2816 708 2877 Romanus
722 2815 806 2877 Ordo
820 2805 866 2875 XI
886 2816 924 2876 ad
945 2836 1059 2878 anuum
1176 2886 1180 2891 ¹

107 2904 188 2965 llil)
209 2906 338 2979 scriptus
360 2900 456 2961 relect
478 2905 549 2957 tuuc
571 2899 716 2975 temporis
738 2899 821 2958 huno
842 2897 989 2975 hymnum
1004 2900 1060 2959 Ro-

106 3004 174 3047 mae
188 2982 421 3046 dietumluisse.
440 2980 576 3057 lienique
593 2985 659 3059 post
673 2977 833 3040 Saeculum
845 2977 906 3039 ΧΠ
920 2981 956 3039 ad
969 2998 1061 3055 prae-

105 3084 173 3129 sens
195 3084 291 3143 usque
317 3062 467 3137 innumeri
497 3066 587 3121 testes
615 3061 751 3128 adsunt,
784 3059 882 3121 omitti
904 3060 1060 3121 Adventus

106 3155 244 3227 tempore
269 3146 376 3209 Gloria
396 3146 429 3204 ia
451 3144 596 3211 raaclris,
621 3148 656 3204 ut
676 3142 808 3212 laetius,
834 3141 1065 3220 solemniusque·

108 3228 256 3291 Dominici
278 3226 388 3288 Natalis
409 3226 647 3302 dierepetatur.

148 3310 201 3371 vl.
227 3311 370 3371 Liberum
391 3308 463 3368 olim
485 3311 553 3367 erat
568 3306 667 3366 dicere
686 3302 791 3366 Gloria
804 3306 839 3363 io
854 3305 973 3366 warlus
995 3310 1059 3364 tum

108 3396 139 3453 iu
154 3393 254 3453 medio
270 3392 376 3460 ditari,
393 3395 458 3449 tum
480 3388 516 3447 ad
531 3386 669 3466 ejusdem
692 3386 781 3447 latus.
798 3382 955 3463 Mymuum
980 3385 1060 3446 haue

109 3472 274 3552 Episcopus
296 3470 423 3548 antiquis
451 3468 639 3545 temporibus
664 3482 828 3528 conversus
854 3467 891 3526 ad
913 3468 1060 3543 populum
1132 3521 1136 3525 .

108 3555 311 3633 praecluebat.
328 3551 398 3615 Post
419 3549 644 3615 latescentem
666 3548 703 3609 ad
725 3548 829 3610 Altare
849 3547 984 3624 quidem,
1003 3549 1062 3640 ¹sed
