2517 4059
658 8 692 36 Ὺ

463 238 687 311 emmim

93 363 260 424 Orationes
281 363 413 425 indicant
434 366 601 435 dcsidcria,
636 374 666 429 et
687 369 909 445 expectationes
931 370 1053 431 Sancto·

93 464 166 506 rum
188 444 312 505 Petrum
329 447 407 507 circa
429 446 690 528 Redemptionem,
715 470 768 530 pcr
785 450 852 511 lesu
868 450 978 513 Chsisti
994 453 1053 513 lle·

93 530 328 588 surrectionem.

135 608 208 669 vii.
233 608 383 679 interea,
407 628 486 687 qliae
509 614 661 687 sapienter
683 614 816 674 institute
840 618 918 682 erint,
944 618 980 675 ut
1000 604 1053 677 ’ts-

94 708 148 751 cro
165 689 288 768 majoris
310 691 516 753 hebdomadae
532 701 667 772 tempore
686 692 928 755 Christianorum
944 698 1049 772 pietas,

93 790 130 833 nc
143 774 307 851 Religionis
321 774 423 833 cultus
437 776 531 852 magis
545 778 705 841 excitetur,
731 776 955 853 Baptismalium
973 775 1050 837 Fon·

93 856 171 916 tium
194 855 360 917 benedictio
382 857 608 918 adnumeretur.
635 858 759 917 Basilius
781 857 902 933 quidem
926 860 1051 936 Magnus

74 934 294 997 ¹Caesariensis
311 934 475 1013 Episcopus
491 938 581 998 Libro
597 938 632 996 ds
650 936 768 1016 Spiritu
784 938 893 1000 Soneio
905 937 1050 1016 Gaput28

92 1014 173 1080 hene
195 1020 438 1079 consuetudinem
460 1020 499 1079 nli
521 1020 671 1097 Apostolis
693 1021 832 1081 traditam
850 1063 858 1087 ,
882 1027 913 1079 ei
945 1022 973 1078 in
999 1038 1051 1100 pm

61 1101 68 1109 '
93 1105 193 1161 steros
215 1100 380 1160 derivatam
402 1106 551 1170 testatum
585 1120 674 1178 qtram
699 1102 780 1162 Deus
802 1101 892 1161 etiem
920 1103 1052 1162 certissi-

93 1184 153 1241 mis
175 1182 266 1260 signis
281 1182 379 1255 palam
402 1184 620 1259 comprobavit,
645 1191 680 1243 ut
700 1185 730 1242 in
744 1183 872 1261 egregiis
892 1181 1052 1245 Commen-

93 1264 178 1323 tariis
200 1264 235 1324 de
261 1262 366 1324 Gloria
398 1266 586 1343 Martyrum,
613 1284 630 1324 n
654 1263 683 1325 S.
713 1265 859 1342 Gregorio
880 1263 1051 1326 Tiircnensi

93 1346 170 1406 sexti
184 1346 295 1406 saeculi
312 1344 465 1421 scriptore
476 1350 607 1406 exaratis
619 1346 788 1407 luculenter
800 1346 977 1407 ostenditur.
994 1343 1051 1407 En·

93 1426 164 1488 dem
180 1429 295 1487 veritas
307 1428 522 1503 comprobatur
537 1429 627 1487 etiam
650 1428 830 1488 auctoritate
852 1425 882 1485 S.
896 1425 1049 1505 Cypriani,

92 1506 144 1583 qui
167 1505 365 1586 Epistola.70
386 1510 422 1567 ad
447 1508 618 1568 ianuarium
643 1509 706 1567 ait:
735 1506 858 1585 Oportet
882 1527 950 1587 erpo
966 1526 1050 1568 mun·

92 1588 174 1657 dcri,
200 1601 227 1650 ct
243 1591 430 1669 sanctificari
444 1608 555 1669 aquom
569 1593 656 1667 prius
677 1608 697 1647 c
715 1586 882 1657 Sacerdote,
906 1601 938 1650 ut
957 1591 1049 1669 possit
1169 1598 1173 1609 '

93 1670 250 1750 Bcptirmo
270 1690 323 1730 suo
334 1681 457 1751 peccato
478 1672 614 1741 dominis,
643 1674 696 1750 qui
711 1671 892 1750 baptizatur,
917 1672 1048 1729 adicere.

91 1748 133 1814 Et
152 1753 281 1813 Sanctus
301 1752 433 1833 Cyrillus
455 1751 749 1831 Hierosolymitanus
774 1752 926 1813 Cutecdcsi
942 1751 984 1811 ill
1008 1752 1050 1809 in-

92 1836 175 1911 quitq
196 1834 246 1895 Sic
261 1853 343 1913 aquo
356 1834 472 1893 munda
485 1834 526 1892 ud
540 1836 758 1894 invocationem
780 1833 914 1910 Spiritus
931 1830 1047 1902 Sancti,

92 1926 120 1975 ct
137 1915 255 1977 Christi
279 1917 420 1976 virtutem
435 1916 595 1995 accipiens,
623 1914 820 1976 sanctitatem
844 1914 1046 1992 consequitur,

92 1996 259 2075 Gregorius
279 1999 370 2057 etiam
392 1996 527 2056 Pontifex
547 1997 587 2057 ob
612 1998 780 2065 virentem,
816 2012 851 2054 ac
873 1996 1049 2072 sapientiam

93 2084 292 2158 cognomento
308 2077 432 2153 Magnus
447 2076 537 2155 hujus
548 2078 742 2137 vetustissimi
760 2079 833 2136 ritus
848 2078 983 2137 ordinem
1000 2094 1050 2139 nc·

93 2168 222 2228 curate,
253 2160 471 2237 diligenterque
493 2161 704 2235 complectitur
733 2161 761 2216 iu
785 2156 1048 2229 Sacramentum,

92 2245 172 2319 quod
190 2240 281 2318 Hugo
305 2242 465 2301 Menardus
487 2242 515 2299 iu
539 2241 639 2301 lucem
661 2240 764 2307 edidit,
789 2240 950 2316 praeclaris
974 2242 1049 2301 notis

92 2330 268 2384 exornatur.
292 2322 378 2382 Aliae
401 2321 579 2383 Sanctorum
603 2321 724 2382 Petrum
748 2323 959 2386 aiictoritates,
984 2322 1051 2397 qui-

92 2406 148 2467 lius
164 2404 291 2482 praelati
309 2405 383 2463 ritus
398 2405 558 2480 antiquitas
573 2405 739 2463 ostenditur
754 2400 810 2479 legi
829 2408 952 2479 possunt
967 2420 1050 2479 prae·

91 2490 197 2549 sertim
220 2486 299 2561 apud
324 2485 485 2557 loseplium
503 2483 718 2545 vicecomitem
742 2486 770 2543 in
795 2481 912 2542 Libroi
936 2483 970 2541 de
985 2481 1050 2542 An·

92 2570 186 2648 liquis
200 2567 351 2647 Baptismi
375 2565 505 2634 nitidus,
533 2577 560 2626 ct
579 2566 784 2628 caeremoniis
805 2562 877 2641 Cap.
898 2563 936 2623 iii
958 2582 1049 2641 aquo

28 2714 31 2717 ,
91 2654 197 2716 etiarn,
221 2650 294 2724 Cap.
314 2649 352 2709 15
369 2649 538 2723 pererudite
554 2648 692 2711 traditur,
717 2649 825 2723 qiiibus
846 2646 1049 2709 Caercmoniis

93 2733 180 2809 Aqua
203 2730 393 2808 Baptismalis
417 2730 655 2791 benediceretur.
680 2728 896 2790 Benedictiouis
918 2730 1048 2788 'formula

92 2832 151 2873 nou
167 2813 274 2873 eadem
291 2812 347 2871 luit
363 2812 484 2887 ubique,
508 2812 560 2872 sed
577 2814 664 2887 plane
679 2812 807 2871 diversa.
827 2810 892 2892 Alia
907 2816 954 2869 est
967 2811 1047 2870 enim

92 2914 169 2972 quae
193 2896 222 2953 in
246 2891 405 2953 Gelasieno
427 2911 461 2951 ac
484 2892 671 2970 Gregoriano
693 2891 933 2951 Sacramenterio
965 2908 1050 2967 repe-

95 2979 197 3045 ritur,
222 2976 280 3035 alia
302 2993 381 3051 quae
413 2976 441 3032 in
464 2975 608 3052 Liturgiis
628 2973 811 3037 Gallicanis,
836 2972 894 3031 alin
916 2989 993 3047 qliae
1018 2972 1048 3031 in

93 3057 204 3119 Missali
228 3056 446 3123 Morarcbum,
481 3058 536 3116 alia
558 3074 637 3131 quae
670 3057 698 3114 in
722 3054 930 3115 d'mbrosinno.
961 3052 1049 3124 Quod

91 3145 208 3216 spectat
230 3138 265 3196 ad
290 3138 365 3198 ritus
387 3139 416 3195 ln
439 3138 501 3214 ipsa
523 3137 735 3197 Benedictione
758 3135 911 3196 observari
934 3134 1047 3201 solitos,

92 3220 123 3281 ni
145 3221 324 3297 praesertim
342 3220 493 3278 recenseri
516 3225 658 3295 possunt,
683 3216 788 3279 Crucis
811 3216 969 3292 inaquam
993 3214 1049 3274 im·

93 3304 221 3381 pressio,
246 3300 542 3374 insulllatlotriplex,
567 3300 732 3361 Cereorum
755 3296 786 3358 ii
801 3316 910 3373 aquam
927 3298 1049 3355 immor·

92 3386 156 3452 sio,
181 3382 363 3443 cirismatis
384 3380 516 3445 intusio.
550 3396 646 3458 aquae
670 3380 843 3442 benedictae
866 3378 1046 3440 distributio.

91 3464 170 3525 uum
194 3465 232 3523 ad
249 3462 374 3523 Fontem
399 3462 582 3537 proceditur,
607 3462 811 3539 Antiphonem
834 3462 899 3522 cani
923 3461 1047 3537 intereg,

94 3543 182 3608 Sicut
196 3564 309 3610 ceruus.
333 3549 367 3605 ut
388 3543 570 3610 declaretur,
593 3544 833 3611 catechumenos
854 3547 957 3603 sancto
973 3540 1050 3601 desi-

91 3628 174 3696 derio
190 3626 332 3705 flagrare,
355 3631 391 3688 ut
412 3625 448 3685 ad
465 3625 578 3685 iontem
595 3626 710 3701 gratiae
733 3625 921 3701 Baptismum
942 3640 1050 3701 perve-
