2517 4059
369 177 373 182 ,
490 226 694 300 mm
741 181 750 264 j

88 354 240 421 mixtae,
259 356 297 416 ad
321 374 430 420 novum
454 358 574 419 ciarum
588 352 784 428 Jtransierit3
817 358 868 418 rei
888 374 955 419 esse
977 376 1069 420 noros

102 432 220 497 Cianos
252 458 268 497 a
303 440 383 498 reris
416 444 453 500 et.
474 440 648 518 archetypis
677 433 861 509 iibrieatos,
890 447 923 501 ut
950 456 989 499 ex
1018 459 1069 501 eo·

103 536 183 601 rum
206 518 469 595 asperto-animae
498 521 630 597 solamen
658 516 841 590 haurirent,
873 526 905 581 et
931 538 1016 581 stram
1039 522 1071 581 in

101 598 300 677 Dominieem
324 596 454 672 Crucem
488 605 590 663 fovere
623 608 743 681 possent
772 602 926 679 pietatem.
950 600 1070 664 Praete-

102 692 160 743 rea
188 702 245 742 nun
269 684 366 743 sotum
392 684 476 746 tituto
493 684 638 761 adigendo
660 682 735 742 ciart
759 684 918 743 necessarii
935 682 1069 753 inerunt,

1 764 2 789 ¹
102 763 278 823 sedetiam
314 760 342 825 in'
364 763 461 827 Cruoe
490 768 551 843 ipsa
574 766 803 844 compingenda.
838 764 924 825 adae
957 766 1070 843 iignum

102 847 366 923 suppedaneum,
390 848 468 925 quod
491 848 583 907 atavis
603 845 693 908 Cruci
717 862 884 906 eonrrexum
908 844 997 907 inisse
1019 864 1071 907 re-

102 926 240 987 risimite
261 933 318 987 est.
348 926 418 988 'Hos
439 946 512 1005 ergo
534 946 639 989 omnes
661 930 762 988 ctavos
784 925 851 987 lesu
872 924 982 986 Christi
1005 944 1072 987 san·

103 1010 182 1083 guis
204 1010 356 1072 saeravit.
391 1015 422 1070 et
443 1002 620 1071 Christianis
642 1009 828 1069 venerabiies
856 1007 1005 1069 reddidit:
1039 1014 1071 1069 at

102 1105 167 1165 per
185 1106 381 1165 consequens,
405 1109 475 1151 eum
498 1100 514 1150 a'
539 1091 631 1151 clavis
654 1091 762 1169 pedum
786 1107 991 1165 manuumque
1012 1105 1070 1148 non

99 1168 382 1255 distinguerentur,
406 1190 568 1232 numerum
590 1179 755 1240 auxerunt,
781 1172 861 1233 nudo
884 1172 1002 1249 pietatis
1018 1171 1070 1231 de-

104 1250 269 1310 trimento.
759 1258 762 1264 '
1013 1266 1017 1270 ’

152 1330 259 1392 xvtt.
285 1332 332 1393 De
344 1334 514 1405 latronibus
527 1338 605 1402 aare,
629 1335 681 1411 qui
698 1352 765 1394 com
781 1353 812 1394 ro
833 1331 974 1412 cmrifim‘
989 1341 1067 1396 runt.

106 1414 155 1473 ait
177 1413 210 1472 S.
233 1413 363 1492 (Ipsitins
389 1412 684 1493 {herosolymitanus
712 1412 869 1484 Catecbesi
891 1412 968 1474 xitt
990 1410 1009 1476 h
1029 1410 1070 1472 30

46 1516 53 1535 ·
111 1493 228 1569 dictum
251 1504 290 1554 est
312 1494 408 1554 ittud:
431 1493 470 1554 Et
485 1514 551 1555 eam
572 1497 687 1575 iniquis
703 1496 859 1584 depotptas
875 1506 928 1562 est,
946 1508 972 1555 et
987 1494 1071 1553 ambo
1112 1550 1115 1555 .

112 1576 236 1654 quidem
250 1579 337 1651 prius
353 1574 453 1655 iniqui
466 1577 568 1655 strare:
588 1594 668 1637 anas
682 1588 783 1635 aatrm
799 1596 856 1637 esse
867 1576 970 1646 ¹desiit.
990 1578 1071 1635 ditor

112 1658 194 1715 mim
220 1656 373 1739 aii-'finem
387 1656 479 1737 aspar
505 1659 605 1733 tapam
625 1658 804 1735 contemptor
827 1658 1003 1738 inflexibilis
1020 1654 1069 1713 'ad

112 1738 241 1799 salntem
257 1757 268 1796 :
285 1739 351 1817 pai
372 1737 443 1797 dam
466 1738 614 1797 manibus
630 1736 747 1819 affixas·
767 1743 837 1798 essct
854 1781 863 1806 ‚
892 1738 996 1817 h'npao
1011 1752 1071 1816 ‘prr

114 1819 297 1895 blasphemat
318 1836 401 1894 sores
424 1818 572 1878 ¹sarciebat.
596 1817 696 1880 Ciaris
719 1818 822 1882 affixos
838 1813 934 1877 tuisse
955 1816 1068 1884 cruci.

115 1900 241 1976 perinde
272 1893 363 1975 atque
392 1898 545 1969 Christum
561 1941 577 1965 f
593 1901 765 1960 existimant
791 1899 913 1959 eruditi.
937 1897 1070 1960 Utuntur

114 1981 196 2040 enim
220 1978 431 2055 Evangetistae'
457 1980 561 2039 eodem
585 1980 678 2044 verbo
699 1978 947 2061 crucifipendr‘et
977 1980 1007 2036 in
1030 1978 1071 2037 is·
1099 2008 1102 2013 ·
1148 2022 1151 2026 .

36 2066 39 2071 '
116 2066 235 2135 bootem
255 2062 339 2127 ,et-in
355 2057 421 2133 iesu
435 2060 546 2121 ¹Christi
569 2056 715 2145 supplicio
729 2060 908 2121 enarrando.
932 2060 1071 2135 Suppetit

116 2143 208 2204 etiam
231 2160 267 2218 ex
285 2144 456 2201 inventione
468 2142 571 2203 Crucis
587 2145 795 2217 gravissimum
812 2149 843 2203 et
863 2140 1070 2215 firmissimum

106 2230 352 2301 'argumentum
376 2220 497 2282 ln'venta
521 2222 602 2283 enim
625 2242 684 2283 una
708 2241 777 2285 eum
799 2222 946 2287 iatronem
968 2222 1071 2282 Cruci-

108 2304 195 2375 bus,
221 2322 278 2363 non
295 2305 400 2381 ,potnit
422 2305 477 2373 nisi
501 2304 647 2370 miraculo
669 2305 830 2364 internosci
845 2306 956 2380 ,huod
981 2304 1072 2362 mira·

117 2386 217 2445 cuium
242 2385 428 2463 nullomodo
449 2402 526 2461 aprus
550 2384 655 2445 inisset
677 2388 793 2446 adeam
816 2384 1070 2462 distinguendam,

84 2495 91 2507 ·
117 2467 283 2525 nisiretiam
308 2464 381 2525 aiiae
404 2465 550 2525 foramina
575 2466 750 2531 habuissent
770 2472 802 2526 et
824 2467 946 2543 vestigia
973 2466 1072 2523 etavo·

116 2562 210 2611 ruma,
222 2545 301 2607 Hine
322 2564 339 2605 a
356 2546 387 2607 S.
402 2546 620 2625 Chrysostomo
637 2548 665 2605 in
683 2549 845 2625 Epistoiam
867 2547 903 2605 ad
919 2546 1072 2606 Romanos

1 2650 2 2661 ¹
73 2659 77 2665 ·
117 2625 251 2688 Hornih'a
278 2629 336 2689 15:
360 2624 453 2687 Latro
475 2630 509 2687 io
531 2633 648 2687 oratam
669 2630 824 2701 subiatas,
849 2640 876 2689 rt
896 2629 987 2688 eteris
1009 2624 1077 2711 affl·-

65 2708 1072 2868 *i{iiiiiititttmttiititt{satisfiebat

119 2874 233 2931 mnibus
258 2872 397 2930 memhris
419 2871 600 2943 eruciatus,
625 2890 733 2931 manas
755 2874 845 2933 claris
869 2872 1070 2938 inhaerebant,

115 2951 204 3031 pedes
218 2952 362 3033 transfixi
378 2963 475 3012 erant.
503 2950 555 3010 iiie
576 2955 629 3029 qui
652 2954 688 3011 ad
706 2951 772 3012 iesu
788 2951 899 3013 Christi
915 2952 1071 3011 dexteram

119 3032 280 3093 crucifixus
294 3040 340 3091 est
360 3034 474 3093 scelera
497 3050 551 3091 sua
574 3034 750 3103 detestatus,
772 3040 803 3093 et
824 3032 978 3094 Christum
1001 3048 1072 3090 eon·

120 3113 212 3173 fessus
234 3113 386 3173 se'eidem
411 3113 645 3175 commendavit.
671 3112 736 3173 Hoc
751 3116 831 3174 enim
854 3113 947 3174 tradit
967 3112 998 3172 S.
1013 3107 1072 3171 tti-
1131 3110 1142 3127 ⁶

119 3194 209 3255 larius
224 3190 307 3271 -t‘ap,
332 3192 372 3253 33
394 3195 422 3254 in
445 3192 635 3257 Matthaenm
658 3195 744 3268 §bs
760 3192 853 3257 Unus
869 3215 883 3255 a
898 3195 1009 3254 daubus
1029 3189 1071 3251 od

119 3274 273 3337 stratorem
288 3274 446 3355 sitasfidsr‘
455 3276 671 3359 justificatione
692 3271 839 3336 misatur.
861 3275 928 3337 Hoc
950 3275 1073 3335 tradunt

119 3356 250 3419 Saoctrrs'
265 3355 471 3432 dragustinus,
502 3360 531 3416 iu
556 3358 696 3418 ioannem
726 3356 827 3419 Traet.
852 3358 890 3420 at
917 3355 1011 3429 §ils
1039 3360 1072 3415 et

118 3436 176 3499 Leo
198 3436 346 3517 stagnus,
370 3436 510 3499 Sermone
532 3436 583 3498 53.
608 3438 686 3498 Dum
708 3450 725 3498 e
746 3439 845 3501 Curee
867 3442 1012 3517 penderet
1032 3436 1070 3495 ad

48 3566 51 3569 -
120 3517 269 3580 Christum
293 3535 458 3580 conversus
480 3526 550 3585 est,
584 3525 618 3579 ut
639 3518 699 3579 sert
730 3522 829 3597 opinio
855 3522 1068 3599 plurimorum.

120 3598 284 3679 Cyprianus
297 3597 431 3681 Epistola
443 3597 497 3661 75:
511 3602 675 3669 lotronrms
689 3601 796 3677 inquit,
812 3603 846 3661 ia
859 3604 925 3682 ipsa
937 3599 1072 3682 passim
1128 3665 1132 3671 ,
