2517 4059
550 196 773 268 *2663

194 341 283 399 quam
305 342 415 382 norum
445 323 587 398 quiddam
610 332 642 385 et
663 328 840 385 inusitatum
860 327 968 391 refert,
993 325 1136 384 Acacium

188 406 550 481 Corratantinopolitaunm
573 405 804 471 Patriarcham,
840 414 874 467 ut
895 407 1027 467 dolorem
1049 424 1138 465 suum

193 488 371 550 declararet,
396 505 484 562 quam
501 505 538 546 ex
562 486 756 566 imperatoris
779 490 876 549 Basilii
899 491 996 551 edicto
1018 492 1140 564 ceperat

121 577 123 582 '
194 572 337 630 adversus
350 566 621 630 Clralcedonensem
639 570 803 649 Synodnm,
826 579 909 632 veste
926 573 1062 648 nigram,
1087 570 1140 629 Al·

194 658 281 715 tare,
305 657 336 709 ot
358 650 590 711 Patriarchalem
613 652 794 713 cathedram
818 656 994 714 contexisse.

235 734 301 794 Vll.
325 732 527 792 protestantes
550 741 696 813 reponunt
718 736 794 795 hanc
816 737 844 793 in
869 734 907 816 (l)
922 734 1063 795 'vestibus
1085 730 1143 791 Ea-

193 816 367 877 olesiasticis
390 815 525 873 colorum
548 819 726 877 varietatem
749 837 807 877 non
828 834 864 877 ea
889 819 1054 895 mysterio.
1089 814 1141 873 sed

192 916 231 959 ex
253 898 436 963 donantium,
460 914 513 956 seu
533 899 623 957 etiarn
647 900 791 975 pictorum
816 900 923 977 placito
945 897 1084 964 fluxisse,
1107 913 1141 955 ac

195 981 318 1058 proinde
330 981 491 1037 novitatem
505 978 678 1039 Latinorum
690 999 767 1048 essa,
791 982 919 1057 antiquis
931 981 1047 1057 penitus
1059 981 1141 1055 iguo-

194 1061 439 1123 lam.·(1audidas
461 1067 558 1122 vestes
579 1063 721 1139 gloriam,
747 1064 954 1141 majestatem.
978 1068 1009 1122 et
1031 1061 1142 1137 purita-

130 1202 135 1209 .
194 1151 256 1205 tem
268 1142 438 1219 siguificare
454 1160 506 1202 nos
520 1144 639 1215 docent,
655 1148 753 1220 primo
768 1145 905 1206 Salvator
921 1144 1064 1203 Dominus
1080 1143 1141 1219 glo·

195 1228 275 1287 riose
298 1223 528 1299 transfiguratus
551 1226 580 1285 iu
595 1225 696 1287 llloute
711 1226 844 1294 Thabor,
862 1226 949 1304 crrjus
964 1226 1142 1285 vestimenta

194 1308 274 1368 lacta
297 1313 366 1367 sunt
387 1305 552 1376 alba,sicnt
573 1309 646 1375 nix,
679 1309 784 1387 singoli
807 1310 938 1377 deinde,
961 1324 1037 1382 quos
1069 1304 1143 1365 vidit

197 1388 290 1449 Maria
315 1387 487 1465 Magdalene
510 1390 538 1447 in
561 1390 636 1449 albis
658 1392 793 1452 sedentes
825 1392 853 1449 iu
876 1390 942 1449 lesu
964 1387 1074 1447 Christi
1097 1406 1144 1448 sa·

196 1470 355 1547 pulchrum
379 1470 503 1530 loannes
524 1468 597 1546 Cap.
616 1470 678 1532 XX
695 1476 760 1544 etsi,
773 1491 849 1550 quos
871 1474 900 1531 in
915 1471 1049 1531 vestibus
1070 1470 1144 1531 albis

194 1554 326 1613 astitisse
347 1553 488 1611 viderunt
503 1551 648 1627 Apostoli,
666 1555 737 1614 dum
761 1562 879 1615 orantem
902 1554 931 1611 in
947 1552 1062 1613 coelam
1085 1550 1145 1610 Do-

196 1637 311 1695 minum
334 1635 522 1693 intuerentur
543 1635 612 1697 Act.
636 1633 708 1712 Cap.
732 1636 757 1697 1.
782 1635 920 1697 Seniores
942 1636 1044 1712 viginti
1068 1650 1142 1709 qua·

195 1722 276 1780 tuor,
301 1734 375 1793 quos
396 1717 476 1774 circa
491 1716 647 1776 Threcum
666 1716 717 1777 liei
741 1718 877 1777 sedentes
899 1718 972 1776 vidit
993 1716 1144 1776 lohannes

195 1799 227 1855 iu
250 1798 442 1875 apocalypsi,
465 1805 496 1857 et
518 1798 548 1857 hi
564 1804 651 1859 eraut
665 1800 879 1859 circumamicti
896 1798 1079 1859 vestimentis
1102 1798 1145 1858 al-

198 1880 254 1940 bis.
279 1878 363 1941 llaec
384 1880 421 1941 de
442 1880 509 1939 albo
531 1881 641 1945 colore,
659 1883 710 1959 qtri
734 1882 843 1942 idcirco
866 1880 1106 1958 frequentissime
1128 1898 1145 1939 a

186 1964 292 2022 ¹sacris
323 1961 473 2021 Ecclesiae
502 1962 644 2022 ministris
665 1971 829 2038 usurpatur
859 1967 886 2023 in
910 1980 942 2021 re
969 1962 1068 2021 divina
1100 1961 1145 2020 la·

194 2044 327 2110 cienda,
351 2044 429 2120 qrrod
452 2062 504 2103 eos
525 2044 657 2103 omnium
682 2046 811 2105 maxime
834 2047 937 2122 puris,
961 2050 992 2104 et
1013 2042 1145 2103 candidis

198 2127 375 2189 mentibus,
400 2143 456 2183 noo
479 2143 567 2185 secus
588 2142 622 2184 ac
643 2125 772 2203 Angeli,
797 2133 827 2187 et
849 2127 947 2187 Sancti
978 2127 1007 2183 in
1030 2125 1143 2196 coelis,

196 2209 250 2283 qui
266 2208 366 2268 amicti
382 2208 466 2267 stolis
480 2207 554 2265 albis
570 2209 715 2267 assistunt
728 2216 796 2269 ante
808 2208 965 2268 Dominum
982 2224 1047 2266 esse
1061 2223 1148 2282 opor·

200 2295 271 2349 teat.
297 2287 340 2348 lta
361 2307 433 2365 ergo
453 2332 461 2357 ‚
485 2288 580 2364 inquit
601 2288 746 2350 Alcuinus
768 2292 804 2350 de
827 2290 897 2351 Dia.
925 2286 1004 2371 Offic.
1023 2286 1085 2348 lio.
1110 2285 1150 2349 Π

196 2370 235 2430 de
251 2370 457 2431 Celebratione
473 2369 580 2429 Missae
595 2372 646 2445 qui
662 2370 776 2447 Corpus
787 2371 897 2431 Christ-i
916 2373 944 2430 in
960 2390 992 2430 se
1009 2372 1146 2447 recipere

197 2452 359 2521 desiderat,
374 2471 426 2528 per
450 2452 559 2511 multos
582 2452 728 2512 bonorum
751 2470 873 2530 operum
892 2454 1020 2521 iabores,
1038 2458 1070 2513 et
1093 2470 1147 2529 per

201 2536 319 2602 mentis,
333 2542 363 2595 et
384 2534 516 2608 corporis
531 2533 690 2610 puritatem
706 2536 795 2596 debet
809 2554 841 2596 sc
858 2536 982 2595 reddere
999 2534 1145 2595 mundum

198 2622 231 2675 et
251 2616 421 2676 candidum.
446 2613 523 2674 lllnc
539 2618 648 2690 passim
672 2617 700 2674 in
716 2617 911 2677 sacriscolor
932 2617 1016 2676 albus
1032 2633 1146 2677 memo-

201 2704 296 2763 ratus,
323 2698 391 2757 nine
412 2698 489 2757 albis
503 2697 635 2757 vestibus
651 2696 799 2777 Neophyti
816 2707 882 2775 post
897 2700 1079 2775 baptismum
1104 2698 1147 2755 ia-

201 2778 452 2855 dnebaotur,qno
473 2779 583 2837 candor
600 2780 785 2840 innocentiae
809 2799 862 2857 per
883 2782 1063 2857 baptismum
1087 2775 1147 2837 col-

200 2858 278 2922 latae
292 2863 513 2921 ostenderetur.
531 2858 608 2919 llioc
629 2869 687 2931 est,
711 2863 789 2937 quod
811 2863 848 2921 ab
866 2862 995 2923 Ecclesia
1012 2862 1146 2921 Romana

198 2942 285 3003 albus
307 2944 387 3003 color
400 2943 549 3002 adhibitus
570 2948 615 3002 est
638 2944 666 3003 in
689 2952 876 3004 sacrosancto
900 2944 1008 3004 Missae
1031 2940 1149 3003 Sacrifi-

201 3024 260 3094 cio,
278 3032 351 3085 teste
376 3024 449 3084 Divo
472 3023 669 3103 Hieronymo,
687 3032 717 3085 et
739 3024 885 3099 significat
906 3028 1050 3103 gloriam,
1075 3042 1148 3101 gau·

200 3104 285 3165 dium
300 3114 331 3165 et
344 3108 555 3172 innocentiam,
568 3124 603 3165 ea
626 3108 731 3167 eodem
755 3106 939 3186 Hieronymo
963 3109 991 3167 in
1007 3106 1149 3167 Ezechie-

202 3186 261 3246 lem
274 3195 304 3247 et
318 3188 384 3247 aliis
396 3187 544 3247 Patribus.
557 3187 646 3249 Color
660 3190 769 3250 rtrbeus
785 3207 839 3249 seu
856 3206 1023 3265 purpureus
1039 3190 1151 3249 indicat

199 3267 351 3344 dignitatis
366 3271 492 3346 gradum
507 3271 573 3329 aliis
587 3272 844 3337 excellentiorem:
868 3272 998 3331 humano
1013 3271 1149 3347 sanguini

201 3350 306 3411 similis
328 3358 384 3418 est,
408 3351 523 3427 igneam
540 3352 634 3412 reiert
656 3361 792 3415 naturam
816 3362 907 3429 atque
924 3354 989 3412 ideo
1013 3354 1042 3412 in
1058 3353 1148 3412 variis

236 3544 380 3606 (tiliana,
399 3545 500 3594 lterum
520 3542 724 3613 liturpicornm
743 3561 804 3596 cnm
822 3544 1018 3599 additamentis
1043 3538 1153 3596 liuberti

202 3610 275 3674 Soio,
295 3610 353 3663 Lib.
374 3616 385 3663 l
403 3614 466 3678 Gap.
488 3616 578 3664 xxiv.
