2517 4059
427 210 651 284 ‹subtillim-

83 339 258 401 Pentecostes
280 359 387 400 nomen
410 341 482 399 otim
506 337 690 417 significasse
713 344 775 398 tum
792 338 870 399 diem
892 326 1016 417 ipsum,

84 441 133 499 quo
152 424 278 499 Spiritus
299 422 427 482 Sanctus
450 424 478 481 in
501 421 662 496 Apostolos
683 420 774 482 Coelo
797 421 936 499 delapsus
959 430 1016 493 est,

82 511 134 565 tum
153 506 239 565 etiam
265 505 482 581 quinquaginta
504 504 567 562 dies
589 504 667 563 iuter
691 501 803 563 Pascha
826 510 857 561 ct
878 503 1019 565 Penteco-

82 593 134 645 sten
163 587 346 666 interjectos.
374 585 406 645 ln
429 587 506 647 lesto
540 586 603 662 ipso
627 582 817 645 Pentecostes
841 585 918 645 idern
943 604 1019 662 pane

81 667 207 727 Nocturni
230 668 319 727 olllcii
341 669 425 736 ordo,
450 668 499 745 qui
522 668 551 725 in
575 662 738 726 Paschate:
764 666 822 725 hoo
845 674 960 727 tantum
976 671 1019 729 di-

81 755 128 809 stan
151 751 225 810 inter
247 747 362 809 Pascha
385 755 415 809 et
432 750 638 819 Pentecosten,
657 748 752 824 iuquit
767 746 895 809 loannes
911 750 1019 809 Abrin-

81 832 176 896 ceusis‚
199 833 278 907 quod
300 835 330 891 iu
354 831 510 891 Matutinis
531 829 665 890 Paschae
689 830 789 889 nullus
814 830 963 907 hymnus,
990 834 1017 891 in

80 911 126 972 boo
144 931 216 971 rero
238 915 299 973 duo
322 919 489 974 cantantur.
514 909 598 971 Sicut
620 913 710 989 igitur
733 910 874 989 paschale
898 918 1019 973 noctur-

81 1012 138 1053 num
158 993 321 1064 Officium,
352 986 451 1055 ita’et
472 992 665 1053 Pentecostas
689 993 785 1054 tribus
809 1000 925 1056 tautum
949 1010 1019 1053 corr·

25 1097 26 1114 2
80 1076 161 1134 stabat
180 1075 313 1153 psalmis,
338 1077 435 1136 tribus
457 1075 649 1152 antiphonis,
674 1093 742 1134 cum
767 1075 891 1135 totidem
915 1076 1019 1135 lectio·

25 1161 26 1164 ’
81 1157 171 1224 nibus,
204 1174 239 1216 ac
264 1159 462 1233 responsoriis
483 1163 514 1216 et
535 1156 657 1231 quidem
685 1176 755 1217 oum
779 1157 875 1216 tribus
899 1158 1019 1217 benedi-

25 1251 26 1284 2
81 1239 210 1299 ctiouihus
244 1240 282 1299 de
304 1239 417 1315 Spiritu
440 1239 559 1298 Sancto.
586 1237 711 1315 Propter
735 1256 827 1297 novos
849 1237 1018 1315 Baptizatos

80 1320 181 1393 putarit
200 1319 385 1389 Amalarius,
411 1338 503 1381 unum
526 1325 642 1379 tantum
665 1320 851 1380 Nocturnum
876 1339 944 1379 eum
968 1322 1017 1380 tri·

25 1449 26 1478 ζ
80 1400 125 1459 bus
143 1402 264 1479 psalmis
286 1404 343 1461 dici
366 1403 464 1461 solere
487 1401 542 1460 hae
564 1401 635 1470 die,
659 1409 690 1461 et
712 1418 764 1477 per
789 1407 880 1460 totam
904 1402 1018 1462 hebdo-

25 1495 26 1564 ᾗ
80 1482 192 1541 martam.
215 1483 250 1542 ln
274 1484 627 1559 autiquadistributione
650 1485 848 1559 psalmorum,
866 1498 948 1559 quae
959 1483 1019 1547 Ros
1073 1540 1077 1547 .

81 1580 134 1624 rnae
153 1566 284 1643 rigebat,
310 1572 399 1641 prout
421 1583 438 1624 a
461 1564 611 1625 Cardinati
633 1564 795 1624 Thomasio
820 1584 885 1640 pag.
914 1564 952 1623 30
967 1584 1018 1625 ex-

25 1645 26 1718 }
82 1644 195 1717 hibetur,
218 1648 377 1707 dicebatur
399 1653 486 1707 nocte
509 1645 649 1706 Officium
674 1646 859 1713 llominioae,
876 1647 1016 1707 diceban·

82 1731 119 1784 tur
133 1728 182 1786 isla
205 1734 294 1787 nocte
316 1728 375 1787 duo
389 1727 507 1799 Ollicia3
527 1728 660 1803 primum
677 1729 740 1787 sine
756 1727 932 1788 invitatorio
948 1744 1017 1787 cum

81 1808 183 1881 psalmis
199 1807 331 1885 Mapnus
341 1808 500 1876 Dominus,
516 1807 673 1886 desurper
687 1810 777 1876 lleas,
793 1806 916 1867 Domine
933 1807 1017 1885 qaid,

81 1884 189 1949 Benedic
211 1892 317 1949 aalma
339 1910 427 1957 meu,
460 1897 491 1952 et
519 1893 702 1951 irrseoundo
724 1889 830 1949 Officio
863 1891 1021 1949 dicebatur

82 1965 274 2031 imitatorium
302 1972 412 2040 Venite,
434 1979 464 2033 et
480 1991 572 2032 uuam
591 1979 707 2033 tautum
724 1968 934 2031 Nancturrmm
951 1988 1019 2031 cum

82 2051 159 2111 tribus
181 2056 287 2129 primis
309 2052 439 2130 psalmis.
463 2053 554 2113 Nullo
576 2056 635 2113 atio
658 2055 802 2132 mysterio
826 2054 1020 2114 breviabatur

82 2140 243 2194 nocturnum
266 2134 417 2206 Officium,
441 2137 495 2195 nisi
520 2141 645 2213 propter
665 2137 811 2213 temporis
828 2137 1018 2201 brevitatem,

25 2289 26 2294 η
82 2215 145 2283 quod
166 2218 341 2275 remanebat
362 2236 399 2277 ex
421 2218 516 2277 noctis
540 2218 657 2294 vigilia,
683 2236 758 2294 quae
782 2219 810 2275 in
835 2217 1020 2295 baptizandis

25 2313 26 2320 ¹
82 2288 298 2359 Catechumenis
318 2298 436 2359 insume
458 2305 551 2364 atur,
581 2300 898 2376 nequelncongruum
923 2294 1020 2358 visum

83 2380 118 2434 est
136 2376 207 2438 haue
229 2380 330 2440 Officii
345 2381 601 2439 abbreviationem
618 2398 672 2456 per
690 2384 783 2440 totam
800 2380 1020 2440 hebdomadam

84 2460 259 2531 continuare,
284 2479 341 2520 non
365 2462 453 2523 modo
477 2460 672 2521 inhonorem
694 2460 786 2531 Festi,
805 2459 893 2537 cujus
909 2460 1023 2521 hebdo-

83 2539 155 2598 uada
175 2542 361 2603 continuatio
384 2550 450 2603 arat
471 2542 678 2611 solemnitatis,
702 2550 733 2603 et
754 2542 879 2619 quilibet
901 2544 963 2602 dies
980 2540 1023 2601 le·

84 2622 135 2678 stus
153 2630 226 2689 erat,
253 2623 482 2701 habebaturque
506 2631 658 2701 tamquam
682 2625 745 2686 dies
767 2625 946 2693 dominicum
972 2642 1024 2683 ve·

83 2716 139 2759 rum
159 2706 249 2765 etiam
274 2722 310 2763 ue
332 2704 532 2783 latigarentur
559 2708 627 2766 novi
650 2705 811 2784 baptizati,
835 2707 886 2782 qui
903 2724 956 2783 per
980 2710 1023 2766 to·

84 2783 132 2839 lam
151 2784 371 2846 hebdomadam
393 2788 507 2847 Officiis
528 2788 708 2847 intererant.
734 2788 764 2849 S.
789 2787 949 2847 Ambrosio
973 2786 1025 2845 ad·

84 2864 207 2926 sentitur
230 2868 361 2946 hymnus
389 2867 461 2929 Veni
486 2868 633 2940 Creator,
664 2874 755 2947 atque
777 2868 867 2928 etiam
891 2868 1024 2945 hymnus

83 2939 221 3018 Malthini,
245 2956 276 3009 et
297 2949 447 3009 Laudum.

117 3022 165 3086 lll.
189 3030 324 3090 Alteram
349 3031 442 3107 hujus
464 3031 523 3089 diei
547 3030 750 3091 differentiam
773 3030 917 3091 describit
939 3028 1025 3087 loan-

85 3118 126 3163 nes
144 3109 344 3172 abrincensis:
368 3110 453 3172 Hora
475 3114 567 3173 tertia
590 3113 695 3188 inquit,
719 3115 890 3189 sonantibus
912 3110 1025 3169 eunetis

88 3180 232 3268 Campanis
248 3206 314 3273 post
335 3194 415 3253 Deos
436 3195 469 3253 ia
491 3192 678 3253 adiutorium
699 3194 825 3272 hymnos
845 3193 1026 3251 inchoetur:

87 3260 200 3331 Ecclesia
221 3284 285 3334 tora
298 3275 503 3336 illuminetur:
527 3283 554 3334 et
569 3274 659 3334 donee
674 3276 800 3353 hymnus
816 3275 1027 3354 cantatarplo·

87 3360 122 3404 lta
135 3350 238 3416 diocesi
253 3358 361 3417 coloris
372 3355 412 3417 ad
426 3358 527 3415 instar
540 3354 764 3417 charismatum
780 3357 910 3436 Spiritus
924 3351 1029 3415 Sancti

88 3422 222 3495 detersam
243 3438 466 3506 immittantur,
491 3445 518 3495 et
539 3438 579 3496 aie
602 3448 664 3498 tola
685 3439 761 3496 hora
781 3438 882 3515 festivo
903 3438 1026 3497 eelebre-

89 3514 140 3567 ltt·
159 3514 241 3587 Qnoa
263 3536 340 3579 vero
362 3520 444 3579 addit
465 3518 595 3577 loannes
610 3517 916 3579 Abriucensis‘etiam.
934 3516 1026 3578 hores

25 3669 26 3672 Ἴ
89 3585 204 3658 diversos
226 3602 262 3659 ad
286 3602 380 3661 instar
402 3600 627 3662 charismatum
651 3597 784 3677 Spiritus
799 3600 899 3660 Sancti
922 3600 1027 3660 desur-

849 3696 863 3725 a
