2517 4059
438 147 502 272 Ἰ
569 181 835 254 misem

199 309 400 371 benedicendo
422 319 521 382 crant,
546 321 617 372 autc
638 313 739 372 ditare
761 312 835 372 olim
856 311 994 371 collocari
1015 310 1172 381 edebant,

200 403 227 452 ct
247 394 295 454 bic
317 412 337 452 a
358 393 517 456 Sacerdote
538 393 699 463 benedici,
727 405 755 456 ct
775 393 939 454 terminato
960 391 1174 452 bencdictione

198 475 287 536 solito
309 475 472 543 clausola,
491 471 551 535 Por
574 475 728 538 Christum
751 475 913 534 Dominum
935 484 1105 541 nostrum,
1130 489 1174 534 se·
1251 476 1253 549 l

200 566 335 634 pocotcm
364 555 514 618 addebant
543 559 725 619 orationem.
749 554 808 616 Per
835 547 926 632 quem
950 556 1032 616 haec
1067 557 1175 616 omnia

197 635 327 698 Domine
350 654 471 714 semper
492 637 570 698 bona
592 656 700 710 creas;
724 657 812 718 pecc,
835 647 870 696 ut
891 642 975 697 notat
988 637 1097 696 Lucas
1113 637 1176 696 Da·
1251 626 1252 647 ¹

152 739 164 760 ⁸
201 719 322 780 chorius
344 737 402 778 non
425 718 523 779 solum
546 720 724 782 referuntur
745 718 787 778 od
801 719 911 790 oblato,
933 719 984 779 scd
1006 719 1110 778 ctiam
1132 716 1175 776 od
1251 728 1252 769 5

200 819 249 861 res
271 809 341 861 tenc
361 799 551 872 benedictos,
578 819 653 881 quas
674 801 755 862 Deos
777 808 883 865 creat,
909 799 969 861 sice
989 799 1172 880 producit,
1251 856 1252 865 ,

202 901 309 961 cosque
320 884 460 960 petimus,
478 884 541 960 ojus
556 882 759 946 bencdictione
774 880 961 962 sanctificari
974 881 1096 943 nostris
1110 882 1175 942 csi-
1251 882 1252 953 f

202 965 255 1024 bos
274 963 465 1042 profuturos.
483 962 586 1041 Hujus
600 971 704 1028 autem
720 964 861 1041 antiquae
875 963 1109 1024 consuetudinis
1124 961 1176 1022 be·
1251 978 1252 1035 t

203 1045 360 1106 nediccndi
384 1063 476 1104 novas
497 1044 622 1122 fruges,
647 1065 682 1107 ac
704 1051 803 1106 terrae
825 1043 978 1107 fructuum
1000 1045 1175 1123 primitias,

204 1127 324 1202 aliaque
346 1127 557 1196 comestibilia,
580 1129 616 1188 ad
637 1128 743 1188 Altare
764 1127 795 1187 in
810 1126 903 1187 Missa
924 1128 1040 1186 dicitur
1064 1130 1177 1186 auctor
1251 1136 1252 1157 ¹

203 1207 236 1270 S.
261 1209 469 1288 Eutychianos
501 1211 531 1269 in
553 1210 782 1272 detestationem
816 1208 953 1271 haeresis
972 1207 1177 1268 Manichaeo·
1251 1206 1252 1229 ¹

57 1283 59 1292 '
112 1307 115 1315 ’
202 1307 289 1358 rum,
314 1291 365 1366 qni
387 1289 503 1366 fructus
525 1308 629 1354 omnes
652 1311 670 1354 a
693 1291 772 1352 malo
794 1291 962 1368 principio,
986 1291 1025 1350 ob
1047 1290 1177 1367 lapsum
1251 1298 1252 1319 ¹

203 1372 385 1450 primorum,
402 1372 563 1448 productos
584 1391 651 1436 esse
672 1373 873 1441 affirmabant,
887 1389 924 1432 ac
937 1377 1110 1450 propterea
1132 1369 1178 1428 di·
1251 1368 1252 1383 ¹

204 1447 271 1514 elus
293 1452 436 1530 Summus
452 1451 586 1516 Pontifex
608 1473 815 1534 quoscumque
836 1452 953 1515 fructus
974 1461 1081 1516 terrae
1105 1468 1177 1529 pro·
1251 1448 1252 1473 ¹

205 1537 272 1609 pria
293 1535 429 1595 oratione
451 1535 611 1606 benedici,
637 1555 692 1615 per
715 1536 854 1598 Verbum
875 1534 934 1596 Dei
956 1534 1149 1597 sanctificari
1167 1573 1175 1600 ,
1251 1536 1252 1599 3

203 1617 329 1694 Deoque
350 1618 462 1694 gratias
484 1636 538 1695 pro
559 1621 619 1680 illis
640 1619 739 1688 datis,
761 1624 793 1679 et
812 1619 997 1679 conservatis
1018 1618 1074 1696 agi
1096 1621 1177 1676 tam·
1251 1640 1252 1693 ,

205 1715 297 1777 quam
321 1715 395 1759 vero
418 1715 520 1760 rernm
536 1701 672 1763 omnium
687 1697 836 1769 Creatori,
861 1699 1041 1761 ac·Domiuo
1067 1698 1177 1759 decre·
1251 1706 1252 1775 J

205 1782 261 1850 ait,
287 1780 323 1840 ad
339 1779 463 1840 Missam
486 1781 544 1842 hoc
566 1780 630 1844 loco
653 1780 791 1860 postilla
810 1781 926 1842 verba:
949 1779 1098 1861 largitor
1120 1774 1176 1838 od·

205 1863 303 1930 mitte.
328 1861 465 1922 Martene
488 1863 581 1925 refert
603 1869 796 1927 monumenta
818 1863 1042 1925 'benedictionis
1079 1875 1173 1922 noea·

206 1961 276 2005 rum
305 1943 428 2022 lrngum
458 1944 487 2002 in
511 1943 600 2006 Festo
629 1944 820 2006 Ascensionis
840 1943 987 2014 Domini,
1017 1957 1172 2005 novorum
1251 1964 1252 1987 i

206 2042 368 2102 pomorum
392 2028 421 2086 in
443 2024 520 2088 festo
541 2026 573 2087 S.
591 2025 691 2088 lecobi
711 2025 859 2104 Apostoli,
876 2033 907 2088 et
927 2045 1078 2088 novarum
1102 2039 1174 2085 uva·
1251 2042 1252 2051 ¹

206 2124 276 2168 rum
298 2109 327 2166 in
350 2106 513 2170 festivitate
535 2107 566 2170 S.
584 2107 678 2188 Xysti
699 2106 854 2188 Martyris.
879 2108 924 2170 Ex
945 2109 1057 2186 quibus
1082 2105 1170 2167 intcr·
1251 2102 1252 2171 l

205 2194 257 2248 tur
279 2189 358 2266 quod
391 2206 497 2267 preces
529 2190 598 2252 illae
626 2207 684 2270 per
706 2209 794 2269 qoem
818 2190 889 2250 hacc
911 2191 1013 2249 ommia
1033 2188 1169 2251 Domino

207 2287 321 2349 semper
343 2273 418 2330 bono
439 2288 547 2342 creos,
574 2290 633 2332 non
654 2271 754 2334 solum
776 2271 815 2331 ad
835 2267 947 2332 Christi
968 2269 1115 2352 Corpus,
1138 2269 1171 2328 et
1251 2316 1252 2337 2

207 2349 393 2428 Sanguinem
407 2350 628 2426 reserebantur,
651 2353 703 2414 sed
720 2354 811 2413 etiam
834 2353 872 2412 ad
886 2369 980 2420 noras
994 2349 1170 2430 bugesho-
1251 2380 1252 2385 κ

208 2433 365 2496 nedictus:
401 2434 490 2495 modo
512 2443 614 2496 autem
642 2451 713 2496 cum
734 2437 765 2494 in
786 2433 844 2495 hac
866 2433 976 2494 Missae
1000 2441 1087 2511 parte
1109 2446 1169 2492 non
1251 2436 1252 2483 l

197 2517 339 2591 'amplius
360 2515 481 2592 frugum
503 2515 670 2578 benedictio
691 2513 756 2585 liat,
773 2533 833 2578 seu
848 2513 916 2574 fieri
939 2516 1045 2585 soleat,
1071 2522 1104 2577 et
1117 2529 1167 2574 ca·
1251 2524 1252 2587 l

209 2594 280 2656 dem
301 2598 396 2658 verba
418 2597 603 2658 retineantur
626 2599 657 2658 in
678 2597 814 2674 qualibet
832 2596 925 2662 Missa
946 2615 1037 2675 super
1052 2591 1168 2658 Christi
1251 2632 1252 2647 ,

210 2673 325 2754 Corpus
347 2685 378 2739 et
399 2677 580 2756 Sanguinem
611 2696 683 2742 cum
697 2677 801 2740 Cruce
823 2678 1068 2754 signationibus··;
1098 2693 1167 2738 ccu-

209 2759 387 2836 grueutibns
405 2762 563 2838 optimas,
600 2769 631 2822 et
651 2760 797 2824 altissima
819 2760 990 2838 Mystetia,
1013 2779 1091 2838 quae
1112 2755 1168 2820 sub
1251 2770 1252 2809 l

210 2840 282 2920 ipsis
305 2841 403 2902 verbis
435 2843 648 2911 continentur,
679 2842 768 2907 modo
790 2859 988 2919 exponemus.
1012 2844 1164 2903 Accusata

145 2983 148 2988 .
210 2922 303 2984 verba
323 2923 403 2990 haec
425 2925 524 2984 omnia
552 2924 673 2988 sacculo
694 2922 742 2984 tx
763 2920 960 2993 Amalarius,
982 2923 1113 2990 Florus,
1136 2923 1167 2982 et
1251 2982 1252 2985 ,

210 3002 366 3081 Remigius
383 3005 649 3069 Autissiodorensis
669 3006 892 3082 explicuerunt.
904 3003 1025 3065 Creatio
1041 3005 1123 3082 panis
1137 3003 1168 3062 et
1251 3008 1252 3085 i

210 3087 285 3156 vini,
308 3094 461 3162 tamquam
484 3087 576 3166 hujus
599 3085 744 3149 Sacrificii
767 3087 895 3148 materia
915 3085 1087 3163 perCrcoac
1110 3083 1166 3145 Per
1251 3158 1252 3163 ἵ

211 3165 313 3228 lesum
335 3165 491 3230 Christum
513 3169 629 3232 scilicet
650 3168 729 3230 dona
749 3169 827 3230 haec
848 3169 886 3230 ad
899 3165 1003 3230 Altero
1022 3168 1123 3228 oblata
1136 3182 1165 3236 e:
1251 3228 1252 3249 ἶ

211 3247 326 3310 vadunt
347 3267 433 3312 sacra
455 3251 557 3320 dona,
581 3269 598 3316 a
621 3252 775 3312 communi
798 3269 856 3312 usu
877 3255 992 3312 secreta
1016 3265 1071 3326 per
1093 3247 1164 3312 Sco·
1251 3272 1252 3279 ¹

209 3330 337 3411 ctificas.
360 3331 608 3396 Transubstantio
637 3334 666 3392 in
686 3331 805 3408 Corpus
830 3335 862 3392 et
883 3331 1066 3409 Sanguinem
1085 3327 1166 3390 Chri·

212 3414 250 3475 sti
272 3415 460 3487 supradictae
482 3415 627 3478 materiae
651 3413 873 3494 scetiotem.
895 3410 1041 3474 Caelestis
1062 3413 1094 3472 in
1115 3423 1164 3471 nos
1251 3428 1252 3475 t

213 3493 381 3560 benedictio
402 3513 456 3572 per
477 3492 659 3565 Bcocdicb,
693 3495 816 3558 tandem
846 3496 973 3558 actualis
995 3493 1164 3556 caelestium
1251 3530 1252 3535 κ

212 3573 480 3649 benedictionum,
504 3581 594 3655 etque
612 3577 785 3655 ‚gratiarum
806 3578 980 3640 consecutio
1002 3595 1056 3656 per
1077 3572 1163 3638 Prot·
1236 3635 1241 3646 ,
