2517 4059
610 188 671 250 em
691 176 733 237 28
755 186 815 246 tur·
1245 175 1246 222 l

241 324 312 385 gnes
333 306 463 369 voluisse
486 308 647 385 participes
668 325 733 367 esse
756 306 866 366 haram
886 304 1075 383 publicarum
1091 305 1192 367 bumi·
1245 349 1246 382 ι

239 391 407 455 batianum,
431 395 462 449 et
483 392 584 451 cinere
606 407 692 451 sacro
713 391 803 449 etiam
826 389 982 464 conspergi
1002 404 1071 448 cum
1095 389 1192 466 publi·
1245 387 1246 460 l

239 474 282 531 cis
305 472 549 547 poenitentibusr
585 472 675 549 idque
697 472 819 531 demum
853 470 882 527 in
905 486 1098 532 communem
1130 468 1203 547 jam
1245 465 1246 544 l

239 554 379 614 transisse
409 553 657 615 consuetudinem
687 552 806 613 saeculo
827 552 941 611 scilieet
962 550 1024 611 Xll
1044 571 1079 611 ac
1101 550 1188 613 Xlll.

238 633 394 695 Processio
417 634 508 697 fiebat
529 637 577 697 die
600 638 664 713 ipsa
686 636 761 695 initii
784 632 1039 711 Quadragesimae
1064 635 1101 693 ad
1125 652 1192 712 pro-

238 718 391 779 ducendos
407 719 594 792 poenitentes
610 718 647 777 ad
662 718 743 777 iores
758 714 922 784 Ecclesiae,
939 714 1090 791 fiebatque
1105 716 1191 777 nudis
1245 761 1246 772 ,

237 799 373 877 pedibus.
398 796 463 860 Una
478 817 549 861 eum
571 800 664 859 sacris
679 798 837 861 Cineribns
859 800 997 874 imposita
1016 799 1109 859 inisse
1123 815 1191 875 poe·

238 882 398 942 nitentibus
414 888 444 942 et
465 884 573 947 cilicia,
598 887 744 942 testantur
768 899 825 940 non
849 881 937 939 modo
959 881 1072 956 antiqui
1085 898 1191 940 manu·

237 964 338 1040 scripti
361 962 444 1023 Libri
466 962 665 1033 Pontificales,
689 969 721 1023 et
743 962 855 1030 Patres,
879 980 913 1022 ec
936 962 1059 1058 Synodi,
1083 979 1190 1021 verum

237 1046 328 1105 etiam
343 1053 481 1107 veterum
504 1047 720 1124 poenitentium
743 1046 893 1123 exempla,
917 1063 991 1120 quos
1014 1045 1049 1104 iis
1072 1044 1190 1104 indutos
1245 1083 1247 1126 p

237 1128 267 1187 in
283 1128 443 1204 poenitent
436 1146 482 1187 rae
504 1128 658 1194 indicium,
682 1129 761 1205 apud
783 1128 951 1204 Scriptores
965 1126 1189 1187 Ecclesiasticus
1245 1129 1247 1209 l

237 1208 376 1285 legimus.
399 1206 500 1287 Hujus
516 1210 634 1272 habitus
650 1212 794 1284 rationem
818 1210 894 1271 hane
918 1209 1015 1268 reddit
1036 1207 1067 1267 S
1082 1207 1189 1269 Hiero·
1245 1239 1246 1288 p

236 1308 344 1368 aymus
366 1293 395 1350 in
418 1290 489 1368 Cap.
515 1290 558 1352 lll
579 1290 839 1353 lamentationum
860 1288 1040 1350 Hieremiae
1065 1288 1106 1349 In
1119 1289 1190 1351 Cili·
1245 1333 1246 1354 ι

237 1373 282 1431 eie
297 1376 404 1453 quippe
419 1374 572 1450 asperitas,
589 1386 614 1435 et
629 1376 814 1453 compunctio
824 1382 1030 1452 peecatorum,
1047 1372 1083 1430 in
1094 1374 1188 1431 cinere

236 1462 337 1515 autem
353 1457 456 1533 puluis
471 1454 639 1515 ostenditur
650 1468 852 1536 peccaterum.
875 1452 955 1514 Olim
978 1472 1099 1550 qnoque
1120 1470 1188 1513 cum
1245 1497 1246 1532 ι

236 1540 365 1633 aegrotis
383 1539 563 1615 poenitentia
579 1538 798 1627 imponebatur,
821 1538 933 1595 servari
958 1538 1035 1597 iniis
1050 1536 1187 1596 debuisse
1245 1607 1246 1612 η

237 1618 345 1680 cineris
367 1626 458 1695 atque
481 1618 566 1679 cilicii
590 1621 709 1683 ritrrm,
733 1623 836 1695 aperte
858 1622 994 1677 constat
999 1637 1035 1677 ex
1058 1617 1188 1679 Concilio
1245 1665 1246 1674 ,

235 1699 379 1762 Toletano
401 1700 444 1761 111
466 1702 533 1761 anni
557 1699 752 1761 DLXXXIX
776 1700 847 1761 Can.
871 1699 944 1762 llll.
970 1698 1007 1761 Ut
1027 1705 1132 1760 autem
1153 1697 1187 1758 ad
1242 1717 1247 1778 ‘3

235 1783 370 1844 diversos
385 1784 471 1844 istius
487 1785 545 1845 diei
561 1801 635 1844 usus
650 1788 853 1848 revertamur,
869 1784 1002 1842 cernitur
1017 1783 1046 1841 in
1060 1782 1187 1841 diversis

235 1864 418 1937 Ordinariis,
443 1868 522 1943 quod
545 1865 717 1926 Benedictio
740 1866 876 1925 cinerum
900 1863 990 1925 tiebat
1012 1865 1049 1923 ad
1072 1864 1185 1927 Altera

235 1948 283 2009 vel
298 1967 388 2025 super
410 1968 510 2008 mensa
533 1948 644 2007 adhoc
667 1948 857 2025 praeparatu
881 1947 910 2005 in
927 1947 1066 2022 pluribus
1089 1944 1187 2005 Mona·

235 2031 333 2090 steriis
355 2030 500 2107 quidquid
522 2030 749 2090 benedictorum
772 2031 909 2088 cinerum
938 2031 1119 2123 supererat,
1143 2044 1186 2085 as·
1245 2071 1246 2100 ι

236 2110 413 2171 servabatur
438 2130 491 2187 pro
514 2113 719 2178 morientibus,
743 2112 794 2185 qrri
816 2128 907 2186 super
929 2111 1062 2169 cinerem
1086 2114 1185 2169 exten·
1245 2165 1246 2168 ,

234 2194 392 2254 debentur.
427 2191 459 2252 ln
482 2192 708 2252 parochialibus
729 2190 870 2253 Ecclesiis
903 2211 960 2251 non
988 2190 1185 2267 incipiebatur

234 2274 405 2336 Benedictio
420 2277 565 2341 cinerum,
589 2282 749 2351 antequam
773 2274 849 2333 iacta
866 2275 965 2333 esset
958 2293 986 2333 ιιι
1002 2271 1205 2339 Catbedrali,

234 2361 266 2417 et
287 2363 447 2431 antequam
470 2356 636 2433 Episcopus
658 2358 704 2415 rel
727 2356 804 2415 alter
820 2357 885 2416 loco
907 2345 1048 2432 Episcopi
1072 2353 1183 2432 praedi·

234 2443 341 2499 cassat.
366 2436 550 2510 Quibusdam
586 2439 615 2496 in
639 2436 780 2517 Ecclesiis
802 2438 1055 2498 distribuebantur
1088 2435 1183 2497 Poeni·

235 2520 365 2583 tentibus
381 2520 504 2597 aliisque
520 2518 674 2581 Fidelibus'
693 2521 809 2580 cineres
831 2528 900 2581 ante
915 2521 1048 2589 Missam,
1072 2526 1105 2581 et
1118 2534 1181 2578 cunr

223 2603 386 2681 'cineribus
408 2601 537 2663 dabatur
559 2603 649 2663 etiarn
672 2620 750 2678 aqua
771 2602 938 2663 benedicta.

275 2682 330 2743 Vl.
355 2682 461 2745 Varios
483 2685 619 2760 antiques
641 2682 770 2744 Ordines
792 2685 828 2742 ad
851 2684 1062 2761 imponendam
1085 2681 1182 2759 poeni·

235 2766 358 2827 tentiam
381 2764 410 2823 in
426 2766 674 2842 Quadragcsima‚
699 2766 727 2823 in
751 2765 859 2841 quibus
881 2772 1001 2843 praeter
1023 2766 1179 2828 orationes,

234 2864 269 2909 ae
284 2854 388 2927 preces
411 2850 522 2908 mentio
543 2846 578 2907 fit
593 2853 707 2923 septem
724 2845 912 2907 Psalmorun'r
931 2846 1181 2924 poenitentialium
1245 2865 1247 2924 ι

233 2948 292 2991 una
315 2950 384 2992 cnm
400 2929 514 2991 Litania
537 2930 743 2997 dicendorum,
760 2927 919 3007 legerecst
940 2930 1017 3007 apud
1034 2930 1180 2991 Morinum
1245 2927 1246 2942 ¹

234 3015 264 3073 in
286 3014 367 3073 calce
390 3012 562 3079 Librorum,
588 3012 631 3073 Da
648 3012 833 3070 Paenitentia
853 3017 885 3071 et
906 3014 983 3087 apud
1006 3009 1182 3072 Marteninm

232 3092 300 3153 Lib.
325 3093 404 3156 lDe
432 3095 565 3173 antiquis
590 3092 735 3153 Ecclesiae
759 3090 877 3153 Ritites
903 3090 975 3170 Cap
999 3092 1041 3153 Vl
1068 3092 1181 3153 Articu-

233 3176 263 3235 le
284 3174 354 3235 Vll
380 3176 541 3251 Antiquam
565 3175 811 3235 constretudinem
833 3174 972 3252 ejiciendi
994 3176 1032 3236 ab
1053 3170 1180 3236 Ecclesia

200 3262 202 3269 ’
235 3259 418 3335 poenitentes
451 3258 534 3317 initio
556 3256 810 3333 Quadragesimae
840 3258 1016 3325 canentibus
1037 3254 1179 3327 Clericis
1245 3263 1246 3270 ’

234 3338 273 3399 Ia
287 3338 394 3398 sudore
409 3340 507 3399 uultus
521 3340 578 3407 tui,
598 3341 735 3399 testatam
750 3337 921 3399 babemus
914 3359 943 3399 ιιι
960 3339 1096 3415 plurimis
1110 3334 1179 3395 Pon·
1245 3275 1247 3412 >

234 3419 392 3482 tiiicalibus
416 3417 513 3480 Libris
527 3418 579 3481 lle
606 3438 663 3480 usu
686 3418 813 3480 habendi
841 3421 878 3480 ab
905 3419 1051 3498 Episcopo
1072 3431 1180 3481 sermo·
1245 3415 1246 3456 l

233 3521 302 3563 nem
324 3503 360 3561 ad
384 3502 588 3578 poenitentes,
614 3501 826 3561 ostendendo
818 3503 909 3579 ipsis,
932 3505 1062 3581 qualiter
1088 3498 1178 3562 Adam

228 3594 352 3665 propter
371 3593 524 3661 peccatum
546 3580 653 3665 ejectus
676 3594 718 3642 est
739 3582 774 3642 de
791 3584 947 3660 paradiso,
963 3594 990 3645 et
1012 3586 1107 3645 multa
1120 3592 1177 3640 me·
