2517 4059
443 230 668 299 stabilitas·

87 356 191 415 sufficit
211 355 365 416 adducere
388 355 491 414 Patres
513 356 667 424 diceutes,
692 377 726 417 oa
751 360 881 421 hoc-vel
907 360 976 420 illud
1000 359 1033 419 sr-

84 454 211 513 gurasse,
236 438 288 496 sed
304 439 431 498 ulterius
454 437 641 514 probandum
664 448 721 509 est,
746 439 848 502 Patres
869 444 1032 505 asseruisse

84 537 117 577 oa
138 518 228 579 inisse
251 538 350 579 meras
372 518 501 596 figurasff,
526 537 580 579 nec
602 540 673 580 vere
696 525 839 583 extitisse.
864 523 921 585 Sed
944 542 1032 585 nemo

83 601 198 661 Patrum
222 602 251 660 id
275 604 424 669 asseruit,
450 618 504 659 noc
526 603 689 663 adversarii
706 604 864 674 aileruut;
887 607 948 665 iuro
971 608 1031 683 plu·

12 727 13 734 ,
86 702 187 744 resex
209 684 270 743 illis
294 684 540 743 hoo-asserentes
563 686 701 760 producit
731 687 808 748 iuter
835 693 951 748 cetoros
977 687 1031 747 Ba·

12 785 13 802 ¹
84 782 191 826 ramus.

119 846 185 909 vu.
212 845 407 922 Praesepium
430 847 458 904 in
481 864 541 923 quo
562 848 845 931 Rectissimayvirgo
869 853 969 909 uatum
986 849 1032 911 le·

81 944 142 988 sam
166 929 334 993 reclinavit,
359 926 450 989 luisse
474 930 609 988 occisam
630 931 665 989 in
680 950 754 1008 rnpc
776 946 828 991 serr
852 948 936 999 saxo,
959 933 1031 991 scri·

81 1010 121 1070 bit
140 1010 336 1071 Barchardus
356 1009 436 1070 Part.
460 1008 474 1068 1
497 1011 645 1088 Descript.
675 1010 783 1073 Tarm
806 1010 932 1073 Sanctae
957 1010 1030 1089 Cap.

81 1088 158 1153 vlu.
176 1089 367 1159 hiantium,
383 1109 438 1151 seu
460 1110 497 1152 ex
513 1093 578 1151 luto
599 1094 697 1152 coctili
721 1095 907 1165 coniectum,
931 1102 1033 1157 censet

81 1171 309 1253 chrysostomus
338 1170 478 1233 Sermone
503 1173 544 1234 od
572 1171 670 1252 Caput
692 1174 718 1235 ll
746 1176 868 1247 Lucae,
893 1178 1031 1253 quamvis

46 1267 48 1271 “
81 1274 174 1317 sermo
195 1255 246 1316 ille
266 1256 378 1315 dubius
399 1254 430 1314 S.
453 1253 660 1333 chrysostomi
683 1258 779 1318 foetus
802 1260 850 1318 sit.
874 1258 933 1320 Vix
949 1260 1031 1319 credi

80 1343 172 1415 potest
203 1340 235 1397 iu
257 1343 370 1413 quanta
393 1340 586 1397 veneratione
612 1343 643 1398 et
665 1338 747 1401 cultu
770 1340 930 1399 Christiani
953 1359 1031 1401 som·

81 1438 130 1497 per
151 1420 314 1480 habuerint
344 1418 443 1479 locum
466 1420 575 1489 iilum;
601 1427 635 1480 ut
656 1421 878 1495 quantumlibet
900 1421 1029 1482 Hadria-

82 1520 132 1561 nus
146 1502 316 1578 imperator
331 1500 368 1560 ad
382 1500 559 1561 abolendam
577 1508 676 1562 tantae
692 1505 734 1564 rei
747 1504 923 1563 memoriam
941 1502 1029 1584 (quod

81 1585 177 1645 scribit
197 1584 339 1644 Paulinus
368 1582 403 1641 ad
426 1582 572 1643 Severum
597 1583 730 1662 Epistola
756 1583 800 1644 ΙΙΙ
822 1591 853 1645 et
874 1583 946 1665 alii)
972 1584 1031 1645 Ve-

81 1669 152 1726 neris
174 1671 205 1725 et
226 1665 339 1724 Adonis
363 1665 508 1740 templum
532 1665 662 1741 desuper
683 1668 849 1737 erexisset,
880 1666 1031 1727 nihilomi-

81 1765 130 1808 nus
149 1748 333 1827 percelebris
365 1746 457 1805 ctiam
490 1747 569 1823 apud
600 1743 732 1809 Gentiles
765 1754 844 1808 esset
866 1749 938 1808 tanti
973 1749 1031 1807 loci

12 1903 13 1906 Ἴ
80 1830 231 1890 memoria.
271 1827 303 1888 in
326 1826 451 1887 Basilica
473 1826 601 1888 Sanctae
623 1828 738 1889 Mariae
760 1828 885 1907 Majoris
908 1846 1030 1889 couscr-
1060 1844 1064 1849 ’

12 1909 13 1928 ³
79 1919 160 1973 ratur
182 1910 404 1971 sanctissimum
428 1908 576 1987 Praescpc
599 1909 808 1989 Redemptoris
831 1912 935 1970 nostri.
960 1908 1031 1969 Fer-

79 2000 123 2055 tur
144 2009 279 2069 nempe,
318 1991 346 2049 id
370 1992 406 2051 ad
430 1989 541 2051 Urbem
564 1992 687 2051 allatum
711 1992 803 2053 inisse
826 1999 895 2052 ante
917 2008 1028 2053 anuum

78 2076 153 2136 Erae
178 2074 370 2135 Christianae
392 2072 463 2133 352.
487 2073 557 2140 Sed,
581 2091 651 2133 oum
675 2074 801 2134 Sanctus
822 2071 1029 2152 Hieronymus

67 2154 205 2235 Epistola
234 2153 339 2215 xvltt
365 2154 452 2215 Tom.
477 2155 490 2214 1
514 2154 688 2215 Marcellam
723 2154 887 2216 Romanam
916 2156 1029 2215 Matro-

77 2258 138 2299 nam
163 2240 314 2306 hortetur,
340 2244 373 2298 ut
388 2235 536 2312 Praesepe
557 2244 589 2296 et
609 2235 763 2297 Cunabula
791 2236 908 2296 Domini
932 2238 961 2295 in
977 2254 1028 2296 an-

77 2326 118 2379 tro
139 2320 352 2380 Bethlemitico
373 2322 545 2389 veneretur3
571 2324 601 2376 et
624 2336 729 2379 rursus
750 2320 883 2393 Epistola
896 2315 1028 2378 XLVlll

76 2400 231 2461 Sabiniano
247 2401 377 2459 Diacono
402 2400 567 2477 exprobret
588 2397 804 2477 {legitimnum
828 2402 855 2460 in
872 2399 1028 2460 sanctiori·

75 2483 127 2544 hus
142 2485 215 2544 locis
230 2482 431 2543 Bethlemitici
448 2480 622 2543 Manastcrii
640 2489 823 2558 patraverah
841 2483 916 2542 hacc
932 2488 1027 2540 osten-

74 2565 142 2625 dunt
165 2564 321 2641 Praesepis
344 2563 533 2625 existentiam
558 2565 586 2622 iu
603 2562 675 2622 locis
692 2563 908 2623 Bethlemiticis
931 2579 1025 2637 usque

75 2649 107 2707 ad
130 2648 247 2707 initium
269 2646 381 2707 saeculi
404 2645 512 2721 quinti,
530 2664 591 2721 qrro
612 2650 750 2721 tempore
773 2645 897 2707 Sanctus
918 2642 1025 2704 Hiero-

12 2753 13 2800 ς
74 2747 179 2807 aymus
201 2733 337 2788 mortuus
359 2733 416 2787 est.
434 2726 595 2799 Quocirca,
612 2726 838 2785 translationem
862 2726 897 2785 ad
913 2724 1026 2786 Urbem

73 2818 140 2870 ante
154 2828 266 2871 annum
282 2808 344 2870 352
366 2809 475 2868 iactam
499 2809 602 2876 tuisse,
619 2807 900 2868 concludentissime
922 2807 1025 2868 exolu-

46 2919 48 2924 <
75 2893 144 2953 dunt
159 2890 290 2953 Eruditi.
304 2891 432 2951 Saeculo
447 2896 549 2949 autern
566 2892 701 2966 septimo
718 2888 845 2955 labente,
863 2888 1027 2949 Saraceno-

12 2985 13 3028 t
75 2994 137 3035 rum
159 2973 284 3051 contigit
298 2973 443 3048 irruptio:
467 2988 599 3049 cumque
612 2970 673 3048 jam
694 2972 721 3029 iu
738 2987 821 3030 more
839 2970 966 3045 positum
984 2988 1028 3030 es·

12 3037 13 3094 d
74 3063 126 3126 set,
148 3065 181 3117 ut
202 3055 358 3114 Antistites
379 3050 644 3139 Hierosolymitapi
668 3052 706 3111 ab
729 3050 882 3111 Eudoxias
905 3051 1026 3111 sacculo

74 3140 157 3198 ratde
184 3136 322 3213 liberales
344 3140 444 3195 esseut
467 3136 495 3193 in
517 3152 672 3194 sacrarum
706 3131 915 3209 Reliquiarum
941 3133 1025 3209 largi-

22 3224 27 3235 ’
74 3222 173 3288 hone,
196 3218 360 3279 verisimile
383 3216 543 3277 admodum
566 3222 611 3275 est
641 3221 712 3276 tunc
742 3216 777 3275 ad
800 3212 910 3274 Urbem
936 3215 1053 3273 missa.

74 3302 160 3363 luisse
183 3319 257 3363 saxa
278 3300 379 3360 excisa
401 3318 438 3359 cx
461 3305 547 3358 antro
569 3296 800 3367 Bethlemitico,
825 3300 856 3363 et
877 3296 1025 3373 portiones

71 3382 231 3454 Cunarum,
243 3388 276 3443 et
289 3380 529 3449 Cuuahutorum,
542 3396 621 3455 quae
635 3379 761 3439 subinde
778 3383 921 3455 argentea
937 3377 1025 3437 theca

74 3484 160 3543 quam
184 3461 462 3526 munificentissime
478 3467 547 3523 suut
560 3462 705 3522 inclusae.
719 3462 804 3533 Quae
820 3460 940 3535 quidem
958 3458 1026 3519 reli-

74 3550 156 3622 quiae
179 3553 266 3607 nocte
287 3543 458 3606 Natiuitatis
480 3543 599 3603 Domini
622 3561 715 3619 supra
738 3542 831 3602 Aram
858 3542 1023 3619 principem

74 3628 175 3690 Sacctli
189 3629 297 3689 Sixtiui
310 3624 466 3686 Dominico
481 3624 624 3701 Praesepi
647 3625 854 3685 imminentem
876 3623 911 3683 ad
929 3623 1025 3701 publi·
