2517 4059
477 205 661 277 wliffl·
748 258 751 265 .

18 333 53 397 nil
95 328 206 395 Christo
228 335 256 394 in
272 332 507 397 Circumcisione
529 336 618 397 ellusi
641 341 833 397 consecratae
854 352 889 397 ac
904 336 1041 397 nobiliori
1135 364 1139 373 ·

20 421 51 496 rja
95 430 225 491 purpura
239 415 415 486 illustratae,
440 422 649 479 sacrosanctae
662 423 734 479 sunt
747 418 892 479 redditae.
913 418 955 479 At
968 437 1041 480 vero

18 519 50 581 ma
92 496 164 559 sieut
183 515 237 559 eas
258 497 429 560 celebrandi
461 500 578 561 diversa
604 498 663 561 luit
684 501 760 560 ratio
781 498 970 570 Gentilibus,
1004 519 1040 562 ae

18 580 50 647 ond
92 574 286 652 Christianis3
317 581 357 643 ita
378 582 537 654 diversus,
567 583 629 641 imo
650 586 682 643 et
702 584 868 643 contrarius
890 582 946 644 luit
967 584 1042 644 ritus

23 668 49 728 lit
92 664 121 721 et
139 661 254 725 colendi
277 662 383 726 modus
406 665 553 740 utrisque.
577 662 753 725 Sicutenim
772 664 812 725 illi
835 665 1041 741 multiplicatis

19 751 48 811 ln
92 738 149 801 Diis
168 745 232 805 suis
254 743 385 821 profanis
407 744 567 816 sacrificiis,
585 747 680 807 auctis
701 747 973 823 superstitionibus,
997 748 1041 809 in·

19 855 44 893 pp,
90 822 204 886 decoris
228 828 362 903 corporis
385 828 515 887 motibus
529 828 657 889 choreas
672 828 825 900 ducentes,
849 828 971 904 dapium
988 848 1040 907 pu·

25 921 45 978 pr
90 904 233 987 blicarum
255 908 398 986 ingluvie,
423 908 556 972 nefandis
578 911 770 987 cruentisque
789 908 967 988 spectaculis
983 911 1041 972 ioe-

18 998 43 1059 ‚p
89 986 200 1051 dabunt
214 992 313 1068 potius
329 1008 391 1061 eas,
409 1009 499 1068 quam
516 992 664 1055 colebant:
687 994 726 1051 ita
741 992 791 1053 isti
805 999 909 1053 contra
923 1010 1043 1053 summa

18 1078 39 1145 pl
88 1086 138 1131 eas
152 1074 312 1135 sanctitate
327 1091 361 1133 ac
376 1073 466 1135 animi
482 1076 612 1151 puritate
627 1074 793 1150 transigere
808 1074 979 1144 studebant,
996 1077 1042 1132 at·

18 1180 42 1230 ,p
87 1162 194 1228 quent
210 1154 332 1215 illorum
346 1156 501 1216 vincerent
515 1156 695 1233 impietates,
707 1173 741 1215 ac
757 1156 786 1215 in
802 1154 900 1217 Derim
916 1154 1040 1234 injurias

39 1228 40 1236 ’
87 1234 115 1293 in
138 1252 170 1295 se
185 1238 258 1314 ipsis
273 1236 495 1313 quodammodo
510 1238 705 1308 vindicarent,
722 1255 843 1299 carnem
858 1238 976 1300 indictis
996 1235 1038 1315 jc·

18 1336 41 1392 pp
86 1313 177 1393 juniis
192 1318 387 1394 castigabant,
405 1326 437 1380 et
451 1318 574 1380 litaniis
596 1321 777 1397 quibusdam
792 1327 824 1381 et
840 1320 1041 1381 oblationibus

19 1428 41 1475 :l-
86 1398 234 1461 oliansnm
250 1400 348 1461 Deum
372 1399 488 1473 placare
503 1402 688 1480 satagebant.
711 1401 790 1462 llinc
806 1402 837 1462 S.
854 1402 1033 1463 Ambrosius

19 1472 36 1555 p'
88 1478 225 1541 Sermone
244 1482 284 1542 18
298 1481 332 1540 de
344 1479 488 1543 Kalendis
503 1483 658 1544 Ianuarii:
673 1482 766 1563 Erpa,
784 1484 891 1561 iuquit,
904 1482 1036 1550 lintres,

87 1565 164 1623 omni
185 1563 286 1625 stadio
311 1564 477 1627 Gentilium
498 1566 675 1643 festivitates
690 1576 716 1627 et
731 1566 826 1643 ferior
848 1564 1038 1631 declinemus,

23 1674 36 1715 ,a
86 1652 118 1702 ot
139 1644 261 1723 quondo
282 1646 329 1705 illi
351 1646 512 1725 opulenter
533 1658 560 1708 et
582 1648 657 1708 laeti
675 1657 762 1717 sent,
787 1657 859 1708 tene
881 1667 932 1709 nos
947 1648 1038 1708 rimer

21 1752 35 1799 ,p
86 1726 173 1787 sobrii
195 1737 284 1805 atque
302 1730 423 1809 Jejeoi,·
446 1747 502 1807 qno
523 1730 695 1807 intellipont
715 1730 861 1791 laetitiam
882 1749 969 1792 seam
990 1747 1041 1787 ao·

19 1806 32 1878 p
86 1816 149 1867 atro
169 1810 350 1870 abstinentia
371 1810 574 1872 condemnari.
593 1809 633 1870 Et
654 1811 686 1872 S.
702 1810 885 1889 Augustinus
907 1814 937 1871 in
959 1810 1040 1870 Psal-

18 1916 34 1963 ,n
75 1903 168 1949 ¹rnrrrn
190 1890 250 1953 98:
274 1889 334 1951 Per
353 1892 425 1952 istos
447 1892 510 1955 dies
530 1892 571 1953 ed
592 1894 642 1951 boc
658 1896 842 1974 jejunemus,
865 1903 899 1954 ot
921 1890 1041 1971 quando

18 1972 32 2045 ll
85 1968 141 2048 ipsi
161 1974 334 2042 laetanter,
360 1993 415 2035 nos
441 1994 498 2055 pro
519 1975 581 2035 illis
604 1976 763 2052 pereamus.
788 1970 832 2035 De
853 1970 970 2055 jejunio
991 1991 1041 2034 ce-

18 2080 30 2124 n
85 2048 195 2114 lebrari
229 2055 317 2117 solito
337 2073 372 2115 eo
395 2057 443 2117 die
475 2058 513 2116 ab
535 2055 670 2116 Ecclesia
702 2058 763 2134 agit
783 2055 866 2116 Ordo
887 2055 1041 2118 Romanus

18 2162 29 2205 p,
86 2130 153 2212 Cap.
178 2136 240 2206 20,
271 2136 448 2199 etAlbinus
469 2138 595 2199 Flaccus
623 2139 661 2199 de
682 2139 802 2201 Divinis
828 2134 939 2221 Officiis
963 2136 1037 2215 Cap.

18 2248 26 2288 r
88 2210 116 2275 i.
137 2217 318 2281 Perduravit
331 2217 478 2296 ejusmodi
501 2220 658 2297 religiosus
680 2222 757 2283 ritus
773 2222 801 2280 in
817 2218 953 2281 Ecclesia
968 2236 1037 2298 quo-

87 2314 177 2375 usque
201 2299 366 2363 Gentilium
387 2304 534 2379 superatio
551 2304 732 2381 permansit,
755 2322 814 2379 qua
829 2300 952 2364 demum
968 2304 1039 2362 abo·

21 2386 25 2397 ‘
86 2377 146 2450 lita,
170 2382 305 2445 Ecclesia
327 2384 451 2461 spiritali
466 2386 575 2463 gaudio
590 2388 729 2447 exultans
752 2386 895 2446 laetitiam
911 2385 1042 2462 sumpsit

18 2488 22 2527 r
87 2474 138 2535 pro
159 2466 255 2527 luctu.
280 2463 314 2524 ln
329 2468 454 2527 vetustis
475 2465 653 2544 quibusdam
675 2465 842 2527 Missalibus
864 2467 952 2532 binae
968 2468 1040 2528 Mis·

86 2556 131 2603 aas
151 2545 245 2625 hujus
267 2547 326 2608 diei
349 2548 563 2623 reperiuntur,
591 2547 686 2609 altera
708 2549 745 2608 de
767 2549 944 2618 Beatissima
964 2548 1037 2608 V-ir·

18 2656 20 2692 5
87 2624 171 2697 gine,
207 2630 244 2689 de
266 2628 500 2691 Circumcisione
522 2632 628 2692 altera.
663 2626 703 2691 Et
724 2626 882 2691 Durandus
903 2630 1037 2709 Scriptor

18 2756 19 2767 2
87 2701 158 2769 Xlll
180 2710 294 2772 saeculi
317 2712 346 2771 in
368 2710 526 2773 Ratioooli
548 2712 615 2773 Lib.
639 2711 683 2772 lll
704 2710 777 2789 Cap.
797 2711 836 2773 15
851 2717 978 2773 testatur
992 2730 1040 2773 ae·

86 2790 141 2849 late
156 2810 219 2853 sna
240 2792 314 2853 duas
342 2792 399 2853 hac
422 2793 470 2854 die
493 2793 598 2855 Missas
619 2795 764 2857 celebrari
787 2796 888 2855 solitas
916 2796 953 2855 de
975 2793 1039 2855 Cir·

88 2875 279 2937 cumcisione.
303 2879 334 2934 et
354 2874 446 2955 Beata
468 2874 604 2953 Virgine,
630 2876 710 2955 quod
734 2876 856 2953 quidem
878 2894 957 2938 nunc
973 2876 1039 2936 abo·

87 2948 170 3015 litum
194 2962 251 3017 est.
276 2952 393 3017 Verum
416 2958 483 3019 inde
505 2956 619 3019 facturn
641 2964 705 3029 est,
730 2965 764 3019 ut
785 2960 815 3019 in
829 2957 909 3017 Festi
932 2957 1037 3037 hujus,

87 3035 146 3095 tum
168 3037 296 3104 Officio,
329 3043 393 3099 tum
415 3039 507 3101 Missa
529 3041 618 3116 plura
640 3040 870 3108 contineantur,
903 3056 979 3116 quae
1001 3038 1039 3097 ad

88 3110 291 3183 Beatissimam
313 3120 468 3199 Virginem
489 3126 637 3199 spectant.

124 3196 177 3263 111.
201 3202 394 3278 Quamquam
417 3204 580 3265 Salvatoris
602 3203 698 3263 nostri
719 3199 914 3263 Circumcisio
942 3201 980 3261 ad
1002 3218 1038 3260 ea

88 3284 226 3361 mysteria
249 3288 384 3363 spectat,
410 3303 486 3363 qrrae
509 3285 670 3347 Salvatoris
691 3287 784 3347 vitam
808 3283 964 3345 reddidere
985 3281 1037 3343 ad·
1067 3302 1070 3307 ·

87 3363 262 3435 mirabilem,
286 3366 429 3445 nobisque
450 3368 578 3429 eximiae
600 3368 765 3446 praebuere
787 3368 926 3445 exempla
942 3366 1038 3425 virtu·

89 3439 141 3515 15⁸3
175 3451 242 3525 quis
270 3450 350 3509 enim
379 3466 437 3509 non
465 3450 633 3510 admiretur
660 3447 826 3533 Christum,
847 3446 1038 3525 impollutum

87 3526 170 3602 alque
197 3532 411 3596 innocentem,
441 3533 599 3609 ipsumque
620 3530 814 3611 Unigenitum
835 3530 892 3590 Ilei
920 3548 955 3591 ac
985 3547 1038 3589 ve-

87 3611 292 3685 turoneum,
316 3630 349 3675 se
375 3613 418 3675 illi
450 3612 579 3675 subdere
606 3613 690 3693 legi,
724 3632 817 3691 quarn
837 3612 920 3675 Deus
941 3611 1039 3674 Abra-
