2517 4059
523 192 748 264 wfflliffl·
854 246 859 255 .

166 326 213 380 eet
232 320 340 380 barnas
352 317 540 391 barrotano,
564 327 596 380 et
612 322 684 381 urbs
699 318 863 381 Macetum
879 337 896 377 a
912 317 1040 393 quadam
1050 332 1126 375 ¹mu-

168 402 243 461 liere
266 402 386 462 nomine
408 399 541 463 laureta
562 400 649 479 cujus
670 408 740 463 erat
761 401 891 470 fundus,
923 402 950 457 io
973 415 1032 475 quo
1053 414 1126 458 cou-

167 484 244 543 stitit
265 501 350 543 sacra
368 483 485 543 domus.
509 484 747 546 Translationom
764 483 840 543 barre
856 482 952 542 conati
969 485 1038 539 suad
1053 494 1127 555 prae

167 567 296 625 cacteris
310 564 513 625 Noratoribus
528 582 703 647 oppugnare
720 563 896 641 Vergerius,
919 561 953 620 in
967 559 1050 621 Idolo
1064 565 1127 623 Ma·

168 650 257 707 riano
275 690 282 716 ,
305 647 439 706 Thomas
454 645 654 724 Bernegerus‚
673 648 846 723 Basnagius,
870 652 901 705 et
918 643 1066 721 lllyricns.
1084 638 1128 701 Ar

166 728 216 787 isti
237 747 342 789 omnes
365 729 537 789 refutantur
559 748 576 789 a
600 726 788 807 Hieronymo
809 726 957 803 Arrgelita,
981 724 1014 781 in
1026 720 1129 783 Histo-

167 808 217 868 ria
233 806 450 878 laarctana‚·a
468 807 596 876 Cannio,
610 810 678 872 Lib.
694 809 720 869 V
738 808 772 869 da
789 809 922 886 llcipara
933 806 1006 882 Cap.
1019 802 1125 874 xxm

166 908 184 951 a
208 890 389 960 Tursellino,
413 891 481 951 Lib.
508 890 522 951 l
542 889 693 953 Historiae
722 886 939 959 laorctanac;
967 886 1125 956 alleira,

166 970 304 1033 Historia
328 973 428 1033 almae
452 972 556 1033 domas
581 970 768 1036 Laarctanac
780 992 792 1043 ,·
816 972 853 1031 ab
875 970 1030 1031 llonorato
1052 986 1069 1027 a
1092 966 1125 1027 S.

166 1052 284 1120 Maria,
318 1053 599 1115 Animadversionem
628 1058 664 1114 in
689 1074 776 1115 nsum
802 1064 828 1113 ct
850 1054 969 1130 reputas
1000 1050 1129 1113 Criticcs

166 1134 233 1194 Lib.
256 1134 301 1195 lll
325 1133 401 1194 [liss.
426 1134 461 1203 l;
485 1154 502 1194 a
527 1135 688 1199 Benedicta
711 1133 798 1205 xtV,
821 1132 885 1193 Lib.
903 1133 950 1196 tt
973 1132 1007 1191 da
1028 1132 1129 1193 Ceno-

167 1216 324 1275 nizationc
349 1212 529 1275 Sanctorum
545 1234 575 1292 p.
592 1218 622 1277 2.
648 1216 721 1294 Cap.
745 1215 789 1287 tn
815 1227 842 1277 ct
857 1213 918 1275 Ia'b.
937 1214 972 1274 11
984 1214 1018 1271 dc
1035 1210 1129 1273 Fertis

166 1293 240 1374 Cap.
254 1295 343 1366 XVl3
361 1315 378 1355 a
395 1293 502 1356 la'cobo
523 1295 676 1369 Gretsero‚
697 1298 767 1358 Lib.
791 1297 825 1357 dc
840 1297 935 1357 sacris
953 1293 1129 1375 Pereprina·

168 1378 298 1438 tionibus
312 1376 385 1452 Cap.
403 1377 433 1437 3.
449 1377 780 1445 aTrombelli,Mariae
791 1381 1000 1441 Sanctissimae
1015 1378 1079 1436 citu
1091 1392 1128 1434 ac

167 1470 250 1536 pecta
266 1462 423 1537 cultasque
437 1460 487 1519 illi
501 1461 652 1522 adbibitus
672 1458 750 1521 Tem.
775 1461 816 1522 Vt
831 1460 1011 1521 Dissertatio
1022 1453 1135 1517 XXIV

172 1540 271 1620 Caput
288 1540 309 1600 t
320 1546 352 1601 el
372 1558 456 1616 seqq.
480 1547 511 1601 et
532 1544 570 1602 ab
591 1544 669 1603 aliis.
693 1542 780 1617 Quod
797 1542 895 1603 Aedes
908 1542 1078 1623 Lauretana
1090 1554 1129 1597 ea

164 1621 215 1686 sit.
240 1624 345 1707 inqua
368 1623 541 1683 Beatissimo
554 1623 649 1701 Virgo
672 1632 737 1684 nata
753 1629 811 1694 est,
834 1630 865 1684 et
885 1625 991 1698 inqua
1013 1621 1050 1680 ab
1065 1618 1128 1679 An-

167 1701 236 1785 gelo*
255 1706 380 1765 salutata
397 1702 583 1766 salvatorem
600 1707 704 1765 mundi
720 1705 758 1765 de
773 1704 884 1781 Spiritu
900 1704 1008 1765 Sancto
1024 1718 1127 1761 conce·

165 1784 220 1862 pit,
233 1786 364 1846 dubitari
388 1802 444 1843 non
468 1792 576 1865 potest,
601 1789 645 1847 uti
668 1787 834 1847 desumitur
856 1804 893 1845 ex
909 1785 1029 1857 Litteris
1045 1783 1127 1856 Apo-

166 1866 282 1926 stolicis'
303 1867 384 1926 Pauli
405 1866 436 1926 ll
457 1868 604 1944 expeditis
625 1885 703 1927 anno
726 1866 866 1938 1t71,u
888 1886 925 1927 ex
948 1864 1128 1943 Apostolicis

163 1944 288 2009 -Icitteris
310 1945 379 2007 lulli
392 1947 422 2007 ll
445 1950 593 2025 expeditis
608 1966 686 2009 anno
702 1948 792 2015 1507,
807 1964 847 2009 ex
863 1947 1043 2026 Apostolieis
1065 1944 1129 2003 Lit-

165 2029 241 2089 teris
264 2029 373 2089 Leonis
393 2029 425 2088 X
446 2031 593 2106 expeditis
608 2049 686 2091 anno
704 2029 795 2100 1519,
813 2049 850 2090 ex
868 2029 1047 2107 Apostolicis
1063 2025 1129 2085 Lil-

166 2111 241 2170 teris
255 2108 338 2169 Pauli
355 2109 399 2172 lll
420 2112 565 2189 expeditis
579 2130 657 2172 anno
675 2111 767 2173 1535.
784 2111 871 2186 Quod
895 2117 995 2172 autem
1018 2108 1129 2170 attinet

147 2190 204 2250 'ad
227 2186 460 2252 celeberrimam
480 2194 574 2254 totius
595 2192 685 2253 Orbis
708 2194 959 2258 venerationem,
983 2197 1013 2250 et
1034 2190 1129 2250 conti-

166 2288 259 2333 nuam
275 2272 491 2333 miraculorum
508 2275 665 2341 uirtutem,
683 2276 835 2335 notissima
853 2292 902 2334 res
917 2280 964 2334 est
985 2270 1064 2331 nulla
1083 2273 1128 2329 in-

165 2353 272 2431 digens
287 2354 474 2431 probatione.
487 2356 673 2417 Tursellinus
684 2354 858 2417 inflictorin
875 2356 1004 2417 Sanctm
1015 2353 1125 2413 Domm

165 2432 356 2496 horitanae
377 2436 444 2495 Lib.
467 2434 575 2513 lCap.
607 2436 629 2497 2
651 2438 742 2497 tradit
766 2438 844 2497 illam
868 2455 885 2496 a
907 2436 1013 2514 primis
1034 2431 1124 2494 Chri·

165 2518 271 2578 'stianis
294 2518 322 2575 in
342 2513 512 2578 ‘Ecclesiam
536 2518 627 2579 luisse
650 2536 852 2588 conversam,
877 2523 909 2579 et
937 2518 965 2573 in
988 2533 1024 2576 eo
1046 2519 1125 2576 statu

76 2630 81 2640 ·
166 2598 207 2658 ab
228 2598 352 2670 Angelis
374 2597 500 2660 mirifice
522 2601 614 2661 luisse
637 2601 823 2661 translatam.

209 2679 250 2740 ll.
274 2678 378 2742 Placet
398 2682 498 2756 aliqna
520 2687 717 2741 monumenta
750 2700 785 2742 ex
808 2680 935 2741 laudatis
962 2676 1127 2739 Catholicis

165 2758 370 2839 Scriptoribus
391 2763 569 2839 deprompta
590 2762 699 2823 afferre
713 2764 853 2839 ,··quibus
877 2758 1032 2841 translatio
1057 2777 1127 2819 san-

165 2849 232 2904 otae
257 2840 368 2903 Domus
389 2845 569 2905 ostenditur.
595 2844 734 2905 leander
749 2845 892 2905 Albertus
913 2842 965 2918 qui
988 2859 1044 2899 non
1062 2858 1128 2901 mo-

164 2923 263 2983 dicam
285 2940 323 2983 en
346 2926 450 2985 ltaliae
471 2927 672 3003 descriptione
694 2926 814 2985 laudem
837 2926 894 2985 sibi
916 2924 1124 2998 consumavit,

164 3006 355 3081 apertissime
377 3024 494 3067 sacram
518 3008 595 3066 hanc
618 3008 753 3079 domum,
777 3024 844 3068 eam
867 3008 960 3081 ipsam
983 3002 1125 3075 atllrmat,

166 3089 197 3145 in
219 3103 280 3162 qua
300 3093 364 3148 orta
387 3088 518 3163 Deipara
543 3089 623 3157 luit,
647 3090 677 3147 in
711 3106 769 3165 qtra
802 3088 915 3166 pariter
946 3086 1124 3161 angelicum

164 3166 381 3228 lucernationis
409 3172 550 3229 nuncium
578 3172 708 3246 excepit.
733 3171 843 3230 lleatus
876 3170 1003 3229 loannes
1031 3166 1128 3227 Fesu·

163 3247 251 3309 lanus
272 3249 310 3309 de
330 3242 434 3310 inclito
463 3250 730 3312 Dominicanorum
752 3251 865 3313 Ordine
897 3260 988 3325 utrem
1016 3249 1128 3308 merito

166 3329 344 3407 Angelicum
366 3331 514 3393 Pictorem
537 3333 648 3409 vulgus
670 3332 852 3410 appellabat,
878 3333 993 3390 iconem
1016 3329 1126 3390 colori-

165 3410 225 3471 bus
247 3412 405 3489 expressit,
430 3414 460 3471 in
475 3431 533 3489 qrre
549 3412 655 3490 Angeli
678 3432 794 3474 sacram
818 3412 996 3473 Nazaretbis
1017 3410 1126 3471 aedem

167 3491 197 3549 in
218 3510 289 3552 aere
311 3494 468 3554 sustinent.
504 3493 647 3572 Ejusdem
671 3501 781 3561 sacrae'
798 3493 892 3555 Aedis
915 3500 994 3554 tecto
1017 3493 1126 3553 insidet

166 3571 262 3650 Virgo
283 3574 407 3636 brachio
429 3577 561 3637 Puerum
583 3576 685 3639 lesum
707 3578 875 3639 sustinens·
891 3573 1012 3637 Flavius
1035 3574 1127 3637 Bion·—
