2517 4059
568 191 793 264 amaldi&-

203 322 286 381 stinis
302 322 534 382 dissensionibus
550 323 700 384 turbetur.
724 321 772 383 Η
791 323 911 402 Reparc,
935 325 983 386 vel
997 327 1097 384 dando
1114 345 1171 402 per

203 411 299 464 tolum
323 405 426 464 arbem
450 401 587 464 Pastores
615 406 782 466 secundum
809 423 861 465 cor
881 425 999 475 snum,
1034 425 1168 483 quornm

203 487 266 562 ipse
290 493 405 546 mentes
427 493 457 545 et
478 487 575 546 studia
597 487 729 565 dirigat3
755 486 803 548 vel
819 505 873 548 sua
894 490 1092 566 omnipotenti
1108 490 1170 546 vir·

202 574 276 632 tute,
301 567 436 628 iaciendo
459 585 495 628 ne
513 569 593 642 pravi
609 574 641 628 et
655 571 790 646 perversi
813 566 951 641 Putares
969 577 1098 631 noceant
1112 568 1172 628 Ilo·

202 650 313 708 minico
329 651 423 725 gregi,
442 649 592 725 simulque
608 653 825 728 nequidquam
840 653 972 712 Ecclesia
989 652 1167 712 detrimenti

202 732 333 805 paliatnr
356 749 373 790 a
396 731 543 791 malornm
566 727 808 792 Christianorum
830 736 955 810 perditis
977 735 1117 794 moribus
1137 739 1166 791 et

202 830 288 874 exem
313 812 359 871 lis.
1016 819 1022 828 ’

244 832 310 952 lll.p
324 893 356 952 ln
380 895 502 970 singulis
525 891 623 952 Missis
646 912 768 956 oramus
783 883 951 972 spedulias
965 915 1021 975 pra
1037 897 1171 970 Summo⁴
1249 904 1250 915 ¹

201 973 364 1041 Pontifice,
389 991 443 1051 pro
465 973 627 1044 Antistlte,
652 995 708 1052 pro
729 979 831 1053 Rege,
854 995 908 1038 seu
923 996 1068 1056 supremo
1085 978 1164 1037 Prin·

202 1058 268 1134 cipe
293 1058 347 1116 loci
378 1057 455 1116 illius
484 1058 512 1115 in
540 1074 600 1132 quo
629 1057 739 1118 Missae
767 1060 966 1120 celebrantur.
996 1060 1027 1121 S.
1054 1058 1166 1119 Paulus

201 1138 285 1198 nobis
308 1138 500 1199 commendat
527 1144 560 1197 ut
581 1156 637 1214 pra
663 1137 837 1200 Pectoribus
863 1159 966 1217 preces
989 1141 1164 1202 tundamus.

199 1220 395 1280 Peculiariter
415 1236 511 1288 vero,
544 1224 575 1278 et
596 1221 697 1297 prima
720 1222 784 1280 loco
805 1221 962 1284 Summum
986 1222 1164 1282 Pontificem

201 1303 416 1367 nominamus,
451 1303 500 1377 qui
524 1318 602 1360 unns
624 1319 697 1377 prae
723 1305 850 1364 caeteris
870 1307 1011 1365 omnibns
1035 1304 1166 1364 Sanctus
1250 1302 1251 1317 ,

200 1381 302 1448 Pater,
327 1381 405 1460 Papa
429 1391 540 1452 noster,
563 1383 653 1442 Pater
675 1386 790 1445 scilicet
811 1394 1010 1464 nvrncnpatur.
1034 1384 1076 1444 Et
1093 1403 1165 1445 sane

199 1467 309 1524 rationi
332 1483 495 1525 consonum
518 1467 655 1542 apprime
676 1473 737 1536 est,
762 1471 813 1536 nt,
836 1468 908 1527 dnm
931 1486 986 1545 pro
1008 1467 1167 1527 Ecclesiae

201 1549 317 1608 unitate
339 1553 461 1614 oretur,
485 1547 536 1621 qui
551 1545 776 1607 Communionis
791 1556 929 1609 centrum
951 1555 1008 1618 est,
1032 1550 1084 1626 qui
1108 1549 1166 1608 Ec·

200 1631 308 1690 etesiae
338 1636 467 1705 praeest.
496 1626 621 1688 Praeest
647 1629 711 1705 ipse
737 1636 771 1689 ut
796 1628 907 1696 Christi
936 1630 1099 1695 vicarius,
1131 1636 1164 1690 ut

199 1711 231 1771 S.
257 1709 337 1772 Petri
359 1710 541 1777 Successor,
566 1727 770 1786 superquam
793 1709 928 1772 Ecclesia
952 1718 1063 1772 statuta
1094 1711 1161 1771 luit.

198 1791 275 1852 Eam
299 1791 380 1852 Dens
412 1795 440 1852 in
463 1809 498 1850 eo
519 1809 579 1850 uno
606 1793 779 1864 constituit,
814 1795 912 1869 inquit
939 1793 969 1854 S.
993 1791 1164 1872 Cyprianus
1251 1804 1252 1825 ³

198 1874 289 1944 Libro
312 1876 348 1934 de
375 1871 493 1934 licitare
517 1871 682 1941 Ecclesiae,
706 1880 739 1934 ut
761 1876 790 1932 ia
813 1875 876 1951 ipsa
899 1876 1052 1936 Ecclesiae
1075 1874 1163 1952 origi-

201 1973 237 2014 ne
260 1958 403 2016 unitatem
427 1956 608 2016 ostenderet.
633 1954 722 2015 Teste
744 1955 869 2017 lranaeo
891 1955 958 2015 Lib.
981 1955 1026 2018 lll
1049 1953 1126 2032 Cap.
1145 1954 1164 2012 3

200 2036 241 2096 ad
264 2037 433 2098 Romanam
456 2036 619 2097 Ecclesiam
636 2044 760 2116 propter
771 2039 966 2117 potentiorem
979 2040 1163 2118 principali·

200 2129 289 2178 tatem
311 2138 423 2180 neccsse
446 2129 487 2179 ost
510 2137 627 2179 omnem
650 2121 807 2179 convenire
830 2117 1007 2185 Ecclesiam,
1031 2121 1162 2196 quiani·

200 2201 336 2270 mirum,
360 2207 395 2261 nt
416 2201 520 2261 scribit
541 2200 726 2277 Augustinus
749 2201 882 2277 Epistola
905 2199 965 2261 162
990 2217 1107 2278 semper
1127 2203 1162 2259 ia
1252 2274 1253 2281 ἵ

202 2299 237 2340 aa
269 2283 366 2360 oipuit
389 2281 571 2364 Apostolieac
596 2279 763 2342 catedras
784 2282 981 2362 principatus
1001 2299 1019 2341 a
1040 2282 1163 2343 Christo
1252 2284 1253 2287 ’

199 2362 330 2423 Domino
352 2365 485 2424 nonnulli
513 2365 568 2422 viri
591 2363 668 2421 docti
692 2362 771 2423 hunc
802 2365 892 2422 ritum
914 2364 1078 2430 derivant,
1110 2363 1161 2440 qui

199 2448 230 2505 in
252 2444 352 2508 Coena
376 2445 491 2523 rogavit
512 2463 566 2522 pro
588 2443 693 2508 Petro,
718 2451 823 2504 utnon
839 2443 959 2505 deficiat
979 2443 1054 2504 lidos
1069 2445 1160 2505 illius.
1212 2496 1216 2503 ,

199 2528 244 2588 lta
267 2527 400 2589 Thomas
422 2526 613 2592 Waldensls,
638 2530 719 2584 etex
735 2524 978 2601 ipso'Gavaatus.
1002 2527 1035 2586 ln
1059 2524 1163 2586 Litur·

200 2610 270 2687 gia,
295 2628 373 2687 quae
397 2607 490 2668 Marci
514 2609 633 2668 nomine
655 2607 800 2682 inscripta
821 2614 886 2675 est,
914 2606 1012 2684 Papae
1034 2608 1162 2667 mentio·

201 2707 268 2750 nem
292 2700 338 2754 ter
361 2689 426 2751 fieri
450 2689 586 2765 legimus.
622 2685 685 2747 Nec
707 2705 779 2748 sane
800 2691 959 2766 quisquam
982 2690 1049 2748 iore
1072 2705 1164 2766 nega-

199 2775 297 2842 verit,
323 2774 351 2831 in
372 2771 509 2832 Ecclesia
531 2767 678 2830 Orientali
703 2769 741 2829 de
768 2769 892 2830 Summo
917 2768 1060 2830 Pantilice
1087 2771 1162 2830 olim

199 2857 384 2917 mentionem
418 2854 484 2923 fieri
518 2852 720 2912 consuevisse.
744 2849 850 2912 Refert
880 2851 1069 2927 Nicephorus
1092 2851 1158 2912 Lib.

179 2923 276 3000 ‘xvi
297 2936 369 3014 Cap.
396 2935 434 2995 17
466 2935 608 2996 Acacium
640 2929 997 3010 Constantinopolitanum
1026 2935 1159 3010 primum

200 3021 334 3081 omnium
355 3019 453 3094 Papae
477 3033 584 3076 nomen
607 3013 691 3094 (erat
712 3020 783 3074 tuac
803 3011 887 3074 Felix
910 3012 958 3095 ll)
980 3016 1105 3076 caderis
1120 3020 1162 3074 ta·

200 3103 279 3164 bolis
302 3102 440 3170 erasisse,
463 3098 541 3175 quod
565 3112 653 3156 nemo
674 3101 743 3156 ante
764 3113 834 3156 eum
851 3099 1031 3166 tentaverat,
1054 3113 1160 3174 quam·

200 3186 247 3245 vis
269 3185 298 3241 in
320 3201 357 3244 ea
379 3182 489 3243 throno
510 3179 613 3255 plnres
635 3175 774 3257 Episcopi
796 3177 950 3238 haeretica
972 3177 1038 3237 labe
1059 3177 1161 3240 inlecti

202 3266 358 3328 sedissent.
382 3264 466 3324 ldem
489 3277 577 3322 ansus
598 3263 645 3320 est
669 3259 698 3316 in
720 3258 852 3319 Ecclesia
877 3259 1079 3320 Alexandrina
1105 3262 1161 3320 im·

201 3351 269 3428 pius
289 3347 471 3415 Dioscorus,
496 3343 638 3402 adversus
660 3337 791 3401 honam
815 3338 970 3418 Magnum.
994 3339 1065 3403 Post
1086 3343 1161 3403 Aea·

203 3433 283 3492 cium
307 3445 416 3489 nomen
439 3421 588 3486 Pontificis
610 3423 640 3480 in
663 3419 804 3500 Liturgr‘is
834 3424 998 3500 repositum
1021 3428 1093 3492 est;
1117 3429 1161 3483 ast

205 3511 373 3573 intermissa
402 3511 512 3570 iterum
538 3509 584 3564 est
604 3503 682 3563 haec
706 3504 892 3564 eomuatudo
913 3511 1038 3583 propter
1063 3502 1158 3565 Photii

205 3587 550 3666 schisma'l’ostl’apnm
563 3583 734 3652 nominatas
745 3577 914 3664 Episcopus
928 3588 979 3664 qai
994 3603 1061 3648 cam
1075 3580 1160 3648 Dioc-
