2517 4059
452 224 677 297 ospitat&-

92 353 224 430 quae'in
248 354 304 415 illis
332 353 435 414 abeo
463 353 651 432 impetranda
680 351 829 428 postulata
857 359 937 415 sunt.
969 354 1051 414 idem

92 441 193 496 autem
216 433 363 497 Sacerdos
386 437 457 497 dicit
480 436 625 497 Dominus
644 435 816 503 Vobiscum,
840 435 972 495 salutans
987 437 1054 512 qui-

92 517 161 582 dem
184 520 340 596 populum,
365 517 416 579 sed
439 536 496 577 non
520 519 556 578 ad
579 519 678 594 ipsum
701 533 886 582 conversum
910 517 958 576 vel
981 519 1054 593 quia

92 617 163 658 curn
187 599 260 660 dixit
285 597 377 660 Orate
399 598 538 666 Fratres,
562 598 785 676 quodammodo
801 599 944 675 populum
967 599 1054 659 dimi·
1090 634 1094 643 -

93 680 188 747 serit,
213 682 259 741 rel
282 683 443 759 quisenta
465 681 682 742 Praelationem
703 678 789 757 juxta
811 679 962 757 Liturgias
980 679 1056 740 San·

93 765 212 822 clarum
230 761 340 834 iacobi,
358 763 471 834 Basilii,
488 770 520 824 et
534 761 738 842 Chrysostomi
754 761 961 822 Sanctuarium
977 764 1056 824 clau·

94 843 242 912 debatur,
267 851 298 906 et
319 846 433 904 circum
456 846 559 906 hilare
580 845 681 904 velum
704 844 941 921 appendebatur,
954 845 1056 909 xadeo·

95 942 160 1002 que·
177 926 206 984 in
229 926 277 986 illa
301 927 480 988 salutatione
503 945 560 986 non
583 944 661 1004 opus
681 932 768 992 erat,
802 932 835 984 ut
856 943 888 984 se
910 923 1057 986 Sacerdos

95 1007 132 1066 ad
150 1007 292 1083 papulum
309 1015 509 1077 converteret,
526 1025 616 1084 quem
631 1009 735 1078 videre
751 1025 809 1066 non
825 1011 953 1082 poterat.
971 1009 1056 1068 Prae·

95 1087 223 1149 taliones
238 1105 341 1150 omnes
357 1090 501 1167 incipiunt
516 1108 569 1166 per
584 1089 660 1148 haec
675 1091 786 1151 verba:
811 1088 939 1150 &ream
954 1088 1055 1151 cerda,

96 1168 206 1246 quibus
229 1172 388 1249 respondet
403 1174 537 1233 minister
553 1191 559 1230 :
584 1169 734 1231 Habemus
749 1171 789 1231 ad
803 1169 981 1230 Dominam.
998 1169 1059 1230 Ve-

96 1251 295 1314 tustissimum
318 1259 363 1312 est
385 1252 533 1331 ejusmodi
556 1253 683 1312 initium.
715 1253 757 1313 Ea
781 1253 860 1312 enim
886 1253 979 1312 verba
1001 1253 1058 1312 ha·

96 1334 205 1392 bantur
227 1335 255 1393 in
280 1333 419 1412 Liturgiis
441 1333 618 1395 Sanctorum
637 1333 757 1401 iacobi,
782 1332 1055 1410 et,Cbrysostomi.

97 1413 128 1473 S.
153 1412 323 1492 Cyprianus
356 1417 392 1475 de
417 1416 577 1477 Dominico
604 1412 767 1482 Oratione,
797 1414 921 1491 pulchre
952 1433 1058 1476 eorum
1098 1433 1134 1487 ¹,

97 1495 262 1568 verborum
285 1496 531 1573 significationem
555 1497 705 1572 explicat:
729 1495 874 1558 Sacerdos
899 1507 969 1555 onte
991 1513 1061 1554 oro-

97 1577 211 1635 tionem
230 1578 397 1656 prelatione
417 1581 582 1658 praemissa
605 1589 701 1657 parat
720 1579 855 1655 fratrom
883 1587 992 1636 mentes
1014 1577 1060 1635 di·

99 1655 211 1716 cende:
234 1659 361 1720 Sursum
384 1661 501 1730 eorda,
522 1672 578 1729 at,
602 1661 686 1736 dum,
697 1659 854 1736 respondet
871 1660 971 1738 plebs:
994 1656 1059 1718 Ha·

99 1741 198 1798 lemos
220 1739 260 1798 ad
281 1739 461 1810 Dominam,
489 1742 686 1802 admoneatur
708 1743 785 1801 nibil
808 1741 893 1801 aliud
915 1759 943 1799 se
966 1758 1057 1819 quom

99 1820 266 1881 Dominum·
288 1825 416 1900 copitare
439 1823 551 1883 debere.
576 1823 683 1882 Manus
699 1824 814 1883 extollit
835 1822 958 1882 dicens:
985 1819 1061 1880 Sar-

102 1919 167 1961 sam
191 1901 292 1971 cordo,
318 1910 350 1964 ut
372 1906 485 1965 scilicet
500 1924 559 1965 nno
575 1905 742 1980 eademqne
766 1912 900 1980 tempore
922 1903 1059 1963 elevandi

100 1983 200 2042 cordis
223 1985 388 2045 cohortatio
410 2005 479 2047 eum
496 1985 631 2062 ejusdem
647 1987 822 2048 elevationis
838 1991 963 2046 externo
978 1986 1061 2062 signo

101 2065 259 2142 jungatur.
283 2067 357 2128 Cum
374 2068 466 2127 dicit:
495 2068 618 2130 Gratius
634 2086 758 2146 aqamus
772 2086 881 2128 manus
895 2067 1004 2145 jungit,
1028 2071 1061 2126 et

102 2146 207 2206 ceratos
229 2151 371 2223 quantum
395 2156 494 2227 potest
507 2150 542 2210 ad
559 2151 678 2210 coelum
701 2150 801 2226 erigit,
826 2151 884 2210 boc
907 2156 990 2225 gestu
1007 2165 1059 2208 cu·

101 2227 256 2304 piditalem
280 2230 474 2306 exprimens,
509 2248 568 2308 qua
590 2231 626 2290 ad
648 2232 778 2310 agendas
801 2231 863 2292 Deo
886 2231 996 2308 gratias
1017 2231 1062 2288 in·

103 2310 251 2370 cenditur.
276 2309 323 2369 Ab
345 2314 483 2373 omnibus
506 2313 616 2390 percipi
640 2313 789 2374 Praelatio
817 2314 925 2380 debet,
950 2312 1061 2388 quippe

103 2407 180 2467 quae
202 2390 391 2459 Sacerdotis,
416 2400 446 2453 et
461 2395 561 2471 papuli
579 2401 681 2455 mutua
698 2396 864 2456 cohortatio
885 2393 981 2454 estad
997 2410 1062 2468 gra·

102 2473 159 2532 tias
180 2471 244 2532 Deo
267 2474 492 2550 persolvendas,
517 2493 612 2552 aquo
627 2478 740 2537 seilicet
754 2476 918 2556 conjuctim
942 2479 1059 2551 petunt,

102 2561 136 2615 ut
151 2554 204 2612 sibi
228 2555 316 2614 liceat
330 2554 514 2634 Angelorum
537 2558 602 2615 roci
626 2575 711 2617 snam
733 2559 866 2625 addere,
890 2557 1062 2633 junctisque

103 2636 183 2695 votis
205 2653 239 2694 ac
261 2637 399 2711 precibus
422 2654 480 2697 una
502 2636 602 2697 dicere
625 2638 763 2702 Saoctm.
819 2643 836 2670 ‘

146 2715 202 2776 111.
233 2715 375 2794 Sequitur
403 2719 534 2796 hymnus
566 2716 694 2779 Sanctus
725 2718 853 2782 Sanctus
881 2725 940 2779 etc.
970 2734 1062 2794 quern
1145 2711 1150 2718 ’

102 2804 266 2868 hastatos,
280 2800 343 2860 sive
359 2797 572 2876 triumphalem
586 2807 695 2861 vocant
710 2801 828 2862 Graeci.
852 2799 995 2880 Hymnus
1015 2799 1065 2857 hic

106 2884 135 2942 in
159 2882 373 2958 antiquissimis
396 2881 537 2958 Liturgiis
559 2881 680 2958 legitur.
705 2881 797 2944 Extat
817 2886 895 2960 apud
919 2881 950 2942 S.
968 2879 1065 2958 Cyril·
1112 2918 1119 2930 x

105 2965 171 3024 lum
194 2961 526 3041 Hierosolymitanum‚
553 2963 704 3031 abactae·
729 2964 773 3035 V‚·
796 2966 825 3023 in
841 2961 1066 3025 constitutioni·

107 3045 164 3106 bus
186 3046 367 3123 Apostolieis
388 3045 461 3122 Cap.
480 3044 542 3113 16;
566 3051 596 3104 et
612 3045 641 3104 in
657 3045 837 3106 Hierorehio
858 3043 981 3122 quaes.
997 3042 1067 3103 Dio

108 3126 194 3204 nysio
217 3128 368 3188 tribuitur.
392 3125 503 3205 hjebat
522 3125 554 3186 S.
571 3124 737 3204 Gregorius
758 3127 901 3188 Nissenus
922 3126 958 3185 ad
982 3123 1069 3186 Cale·

108 3209 297 3269 chumenos:
325 3207 407 3284 Quid
429 3209 463 3266 ni
480 3210 650 3287 properatis
670 3207 826 3287 Baptisma
848 3212 1009 3287 suscipere,
1032 3215 1068 3264 at

108 3291 188 3350 cobis
210 3291 298 3350 liceat
318 3291 351 3349 id
366 3310 433 3350 cam
455 3289 588 3370 fidelibus
603 3308 728 3359 canere,
753 3291 830 3370 qood
846 3288 1003 3367 Seraphim
1019 3304 1069 3345 co-

107 3381 199 3432 munt.
229 3371 260 3432 S.
286 3372 411 3433 loannes
432 3368 666 3448 Chrysostornus
686 3371 748 3449 jam
771 3373 926 3432 inductum
951 3385 1070 3428 morem

108 3453 191 3514 hune
214 3455 243 3514 in
259 3453 437 3514 Sermonum
460 3469 584 3513 suorum
607 3454 745 3531 plurimis
768 3455 860 3532 ponit,
884 3454 954 3532 dum
978 3467 1070 3527 quae-

110 3535 173 3604 rit,
206 3537 353 3597 undenam
376 3533 448 3604 fiat,
480 3540 514 3595 ut
534 3531 749 3596 Christilideles
771 3537 902 3597 audeant
922 3535 1070 3595 obscaena
1121 3542 1124 3545 “

110 3616 203 3676 verba
218 3657 226 3683 ‚
250 3624 412 3696 turpesque
427 3617 579 3679 cantiones
593 3633 630 3678 ea
645 3618 708 3695 ipsa
723 3617 824 3695 lingua
840 3615 976 3696 prolerre
991 3629 1070 3692 quae

888 3713 903 3740 Ι
