2517 4059
586 207 813 280 wihhffl·

222 356 284 401 nm.
301 336 345 398 Ac
361 336 473 397 Romae
487 335 608 415 quidem
622 338 675 397 ltoo
687 348 775 418 poeto
791 336 859 417 ficri
872 336 962 405 solet„
972 344 1005 393 ut
1019 334 1177 397 duodecim

221 422 386 481 contuntur
400 437 513 497 graece,
530 430 557 479 et
576 418 699 482 totidem
721 420 825 479 lutino.
851 425 886 478 ln
907 419 1061 477 nonnullis
1075 428 1177 479 aulem

221 502 362 564 Ecclesiie
378 504 480 579 legunt
495 509 614 560 tontum
630 500 797 569 duodecim,
815 509 840 558 et
850 502 885 558 in
896 501 1047 558 nonnullis
1059 499 1179 559 dumta-

220 594 278 652 xat
291 592 414 659 septem.
443 580 483 641 Et
504 582 667 642 iterandus
688 582 753 643 Lib.
771 582 812 641 Vl
836 579 1005 641 Rationalis
1026 580 1099 656 Cap.
1117 579 1179 641 81:

222 667 375 729 Lectiones
388 674 488 723 cutem
500 661 721 741 inquientem
733 663 874 725 Ecclesiit
884 664 1025 739 leguntur
1033 673 1176 739 quatuor,

220 744 527 826 maurissionem,
543 746 576 804 in
589 746 768 825 quibusdum
783 743 950 809 duodecim,
968 752 993 801 el
1009 745 1042 801 in
1058 746 1177 821 quibua-

221 829 292 888 dom
309 826 546 905 quatuordeeim.
568 825 658 887 Certe
672 836 802 904 quatuor
817 826 973 886 Lectiones
988 834 1019 885 et
1035 844 1093 883 non
1113 828 1181 901 plu·

221 928 271 971 res
293 915 428 968 recenset
455 908 650 978 Amalarius,
671 909 750 970 .Lib.
776 908 800 969 Ι.
824 906 919 983 Capul
942 904 1002 973 19;
1038 906 1179 985 vulgatus

221 993 377 1056 Alantone,
401 991 562 1066 Ruperlus,
586 989 649 1050 tib.
675 990 731 1050 vlt
758 990 793 1051 de
815 990 935 1049 Divinis
964 985 1094 1069 Officiis,·
1120 988 1179 1051 Co-
1257 988 1258 997 ’

213 1075 278 1133 dex
300 1071 452 1131 Ecclesiae
473 1070 668 1141 Turonensis,
693 1072 810 1133 Rituale
832 1071 863 1131 S.
888 1070 1020 1136 Martini,
1045 1069 1179 1131 Ordine.-
1257 1134 1258 1141 ,

222 1156 300 1216 rium
323 1152 535 1228 Lngtluneuse,
557 1160 589 1213 et
611 1153 730 1214 blissnle
751 1154 939 1215 Arelatense.
967 1151 1179 1213 Sacramenta-

220 1236 300 1296 rium
333 1234 366 1294 S.
389 1231 526 1310 Gregorii
547 1240 617 1295 octo
639 1236 796 1313 designat,
830 1232 1021 1293 Gelasianum
1045 1234 1177 1302 decem,

219 1317 329 1379 Comes
345 1312 522 1393 Hieronymi
537 1317 707 1377 duodecim.
723 1317 811 1391 Quod
826 1322 926 1377 autem
943 1316 1013 1373 dicit
1028 1314 1175 1376 Belethus

219 1397 334 1457 Romae
355 1397 519 1457 'duodecim
555 1398 713 1461 Lectiones
743 1416 851 1477 graece
872 1403 903 1457 et
928 1397 1050 1457 lotidem
1086 1398 1177 1459 latine

221 1478 315 1539 luisse
338 1480 502 1548 recitatas,
528 1479 584 1539 boc
604 1486 652 1541 est
674 1480 777 1557 viginti
800 1485 950 1557 quatuor,
980 1476 1178 1539 confirmatur

107 1632 116 1637 g
158 1561 167 1572 '
218 1579 257 1621 ex
281 1558 444 1620 pontificali
467 1561 666 1636 liconiensi,
690 1563 719 1621 in
743 1580 802 1638 quo
825 1560 904 1620 idem
927 1560 1083 1635 repetitur.
1117 1558 1176 1622 Ve·

219 1660 287 1703 rum
323 1644 351 1700 in
376 1643 474 1716 primo
494 1641 608 1702 Ordine
631 1642 766 1703 Romano
792 1660 830 1701 ex
852 1642 938 1703 editis
960 1660 977 1699 a
1000 1640 1175 1703 Mabiilouic

218 1723 317 1787 Musei
343 1722 445 1782 Italici
463 1723 550 1783 Tom.
575 1723 602 1783 ΙΙ
630 1733 761 1801 qualitor
783 1724 940 1783 dumtaxat
962 1742 1068 1799 graece
1103 1739 1174 1783 cum

218 1816 355 1884 quatuor¹
372 1805 492 1875 latinis,
527 1807 602 1866 idest
623 1814 691 1866 octo
713 1812 916 1867 recensentur.
941 1804 1063 1871 Scribit·
1082 1806 1176 1867 etiarn

217 1887 378 1947 Durandus
409 1903 445 1945 ex
469 1887 515 1947 his
535 1889 587 1963 qui
610 1888 769 1948 duodecim
803 1887 995 1963 pronuntiant
1017 1885 1175 1947 Lectiones

214 1969 335 2043 ‘aliquos
357 1984 411 2035 sex
433 1986 540 2043 graece
563 1970 748 2045 totidemque
771 1970 861 2032 latine
883 1974 1015 2028 cantare.
1041 1966 1098 2027 Hic
1118 1985 1173 2029 au-

216 2056 280 2109 tem
314 2051 389 2108 ritus
422 2048 576 2109 Romanae
597 2047 750 2111 Ecclesiae
778 2050 936 2127 singularis
969 2068 1026 2109 non
1050 2050 1172 2129 extitit,

219 2148 288 2190 nam
310 2129 390 2189 et-in
412 2128 577 2191 Cassinensi
600 2133 672 2191 olim
696 2132 877 2192 Monasterio
901 2131 1056 2191 Lectiones
1074 2129 1175 2209 iuVi·

217 2212 287 2289 gilia
310 2210 442 2271 Paschae
464 2219 495 2272 et
527 2211 716 2274 Pentecosles
738 2230 844 2291 graece
866 2220 897 2273 et
920 2213 1008 2271 latine
1038 2212 1174 2287 legeban-

216 2299 278 2361 tur,
302 2294 345 2351 irti
362 2298 488 2352 testatur
510 2293 572 2353 Leo
587 2294 771 2354 Marsicanus
794 2296 823 2353 in
838 2292 987 2355 Chronico
1003 2292 1173 2354 Cassinensi

217 2373 284 2435 Lib.
303 2371 316 2431 Ι
337 2373 410 2449 Cap.
423 2372 476 2433 32.
500 2374 657 2436 Lectiones
681 2380 753 2436 istae
775 2376 975 2436 diversimode
991 2376 1169 2435 distributae

215 2456 368 2533 propriam
399 2456 549 2517 habebant
573 2458 709 2533 singulae
732 2455 973 2521 praelationem,
1006 2462 1039 2515 ut
1060 2475 1170 2517 earum

217 2555 323 2597 sensere
345 2537 456 2614 populo
477 2546 690 2613 exponeretur.
721 2536 787 2599 Hae
810 2538 966 2599 Lectiones
990 2536 1170 2611 Prophetiae

215 2618 407 2697 appellantur
438 2626 468 2679 et
498 2620 534 2677 ad
558 2620 702 2696 Baptismi
735 2620 961 2680 Sacramentum
984 2620 1168 2695 respiciunt,

219 2699 309 2779 cujus
331 2701 548 2761 administratio
563 2708 628 2761 erat
644 2704 801 2779 pecoliaris
824 2700 915 2779 hujus
938 2704 995 2761 diei
1013 2698 1171 2761 Caereme

214 2782 278 2840 nia.
303 2780 459 2841 Lectiones
480 2790 534 2842 aut
555 2786 583 2841 in
606 2783 755 2852 Ambone,
778 2790 831 2844 aut
854 2784 881 2841 io
906 2784 1003 2843 medio
1018 2779 1108 2841 Chori
1133 2782 1170 2845 ad

203 2861 356 2938 ‘Aquilam
378 2881 432 2923 seu
454 2861 616 2939 Pulpitom,
640 2871 694 2925 aut
717 2867 775 2926 alio
798 2865 863 2925 loco
885 2866 1170 2940 pronuntiabantur:

216 2949 248 3004 et
269 2946 389 3020 qtridem
413 2946 853 3019 adignioribusdeseendendo
868 2948 904 3005 ad
922 2946 1085 3005 interiores.
1100 2945 1171 3008 Sine
1257 2942 1258 3015 ,

214 3024 315 3085 Titulo
332 3029 473 3101 leguntur
488 3026 653 3093 Lectiones,
677 3031 750 3103 quia·
762 3029 861 3087 adhuc
884 3030 948 3087 sine
969 3028 1069 3102 caprile.
1081 3026 1172 3103 Chri·
1257 3032 1258 3051 ³

213 3111 274 3176 sto,
298 3108 429 3167 nondum
453 3108 518 3167 viso
540 3109 577 3167 ab
601 3109 759 3184 Apostolis,
785 3110 990 3169 videturesse
1015 3106 1169 3178 Ecclesia,
1257 3148 1258 3151 =

214 3190 258 3248 uti
291 3190 367 3249 bene
395 3193 477 3250 notat
497 3189 650 3264 Rtrpertus
673 3190 737 3251 Lib.
763 3190 821 3252 Vll
842 3189 958 3267 cape
990 3191 1037 3249 vei
1060 3190 1097 3249 ad
1124 3208 1172 3251 re·
1257 3200 1258 3265 l

205 3272 462 3345 praesentandam
497 3272 675 3332 eaecitatem
699 3272 1015 3342 catechumenorum,
1044 3272 1096 3347 qrri
1118 3290 1173 3331 ne-
1257 3274 1258 3285 ¹

202 3350 314 3412 -sctont
336 3353 489 3412 doetrinae
511 3357 630 3413 nostrae
653 3356 811 3433 originem,
836 3355 879 3416 uti
905 3355 1045 3418 observat
1068 3354 1171 3414 ntcet-
1257 3350 1258 3355 ’

214 3450 280 3494 nus.
305 3432 426 3493 Cantica
449 3434 527 3504 tria,
551 3436 615 3494 sive
636 3433 789 3505 Tractus,
815 3440 885 3495 sunt
908 3436 1009 3495 inditia
1030 3436 1170 3495 extritae·
1257 3462 1258 3515 3

212 3516 290 3574 tium
313 3511 606 3575 catechumenorum
630 3516 667 3575 de
689 3518 1013 3594 proximoliaptismo,
1036 3517 1087 3576 sed
1105 3534 1170 3575 non
1257 3516 1258 3529 ¹

213 3596 278 3654 sine
300 3594 428 3664 timore,
450 3596 529 3657 node
551 3604 584 3659 et
604 3595 757 3667 Tractus,
781 3600 859 3660 idest
880 3600 1004 3669 luctus,
1028 3604 1167 3659 vocatur.
1257 3594 1258 3647 i
