2517 4059
512 139 735 211 walticae
822 156 823 159 ¹

153 270 310 331 desinitur
333 266 455 345 globum
470 268 660 339 eburneum,
679 267 755 329 vel
749 266 911 343 insignum
928 268 1040 337 crucis,
1058 269 1107 327 vel

155 354 184 410 in
208 352 321 428 lignum
346 357 549 409 transversum
566 349 602 409 ad
626 350 719 409 instar
742 349 857 409 litterae
871 346 951 407 Tau:
969 349 1016 407 vel
1032 349 1109 423 duo-

153 434 209 492 bus
232 431 421 508 serpentibus
444 448 480 489 cx
503 432 593 491 ebore
615 437 760 498 ornatur,
784 430 835 505 qui
855 427 975 491 reflexis
1003 431 1109 506 capiti-

153 515 210 573 bus
232 532 264 573 se
288 517 392 572 mutuo
415 512 589 588 respiciunt.
607 511 694 588 Apud
717 508 858 573 Graecos.
884 514 954 571 item
979 530 1036 570 non
1059 529 1106 571 so-

151 597 215 655 lum
238 593 414 670 Episcopis,
439 594 490 653 sed
514 591 677 653 Praefectis
693 594 943 654 Monasteriorum
962 592 1107 653 Bac-ulum

152 676 229 735 tradi
251 676 280 733 iu
303 693 408 734 corum
430 676 617 734 ordinatione
650 676 780 735 ostendit
800 672 880 733 Goar
903 676 931 733 in
949 677 1037 735 'notis
1066 674 1108 734 od

152 755 366 835 Eurbotopium
382 773 456 835 pap.
480 755 549 815 315
568 774 606 817 ex
635 753 770 823 Codino,
795 762 824 815 et
846 754 985 816 Simeono
1012 755 1105 816 Thes·

150 838 339 899 salonicensi.

192 918 247 979 ill.
272 917 344 978 Fuit
364 937 484 1009 quoque
507 938 573 981 mos
595 920 676 995 apud
698 914 840 984 Latinos.
866 923 899 979 ut
920 917 1013 979 sacris
1036 924 1106 981 ima·

154 1002 288 1079 ginibus.
313 1007 343 1059 et
366 992 459 1061 liter'is
481 1000 610 1061 Baculos
643 1001 840 1078 insignirent,
865 1006 898 1061 ut
931 1002 1032 1061 videre
1062 1006 1109 1063 est

152 1082 232 1159 apud
255 1081 437 1142 Garantum.
455 1082 582 1144 Saeculo
597 1080 642 1140 xl
667 1100 703 1142 ne
726 1082 783 1142 hoc
805 1078 894 1142 etiam
919 1086 1106 1180 praetermit-

118 1168 135 1236 ’7
151 1172 260 1235 minus.
284 1163 413 1223 Baculus
437 1164 594 1241 pastoralis
616 1164 862 1225 benedicebatur
880 1160 1004 1241 Legitur
1026 1167 1106 1226 enini

153 1246 320 1304 benedictio
344 1244 446 1305 Baculi
480 1248 509 1303 in
543 1244 769 1307 benedictionali
792 1245 946 1305 Ecclesiae
969 1244 1110 1307 Rotoma-

152 1328 270 1403 gensis,
294 1344 311 1383 a
331 1325 364 1384 P.
391 1313 581 1387 Alabillonio'
596 1327 652 1386 luci
676 1328 795 1389 doriato.
821 1324 912 1385 Porro
945 1328 1055 1389 nedum
1078 1330 1107 1387 in

152 1405 289 1467 Ecclesia
312 1414 426 1467 tantum
450 1426 519 1470 cum
542 1406 727 1469 Pontilicalia
748 1414 934 1478 exercerent.
959 1408 1108 1470 Baculum

154 1491 225 1549 olim
249 1489 405 1565 gestabant
426 1488 589 1567 Episcopi,
613 1507 720 1550 verurn
748 1495 870 1548 etcum
898 1498 984 1550 extra
1006 1488 1109 1551 Eccle-

153 1572 228 1630 siam
252 1571 470 1646 procederent,
494 1576 546 1630 aut
568 1572 624 1631 iter
647 1578 772 1649 agerent
793 1588 845 1647 per
869 1570 960 1631 alium
984 1579 1053 1632 ante
1076 1589 1109 1633 se
1177 1636 1179 1641 ,

152 1652 265 1713 deterri
288 1651 443 1711 curabant.
466 1650 570 1725 Quoad
596 1652 714 1711 Latinos
729 1655 853 1712 testatur
869 1650 1035 1728 Cyprianus
1050 1651 1108 1712 To·

153 1734 284 1794 lonensis
306 1731 391 1808 Scrip
394 1739 441 1791 tor
458 1731 545 1793 Vitae
567 1733 598 1793 S
622 1732 753 1794 Caesarii
770 1731 993 1792 ArelatensisE
997 1734 1109 1811 piscopi

152 1811 217 1874 Lib.
234 1814 267 1873 2
290 1832 374 1873 nani.
396 1816 434 1873 17
448 1814 528 1889 apud
545 1814 750 1883 llacberrum
774 1820 805 1873 et
819 1814 1025 1875 Mabrtlomum
1043 1812 1107 1875 toi.

153 1896 208 1958 SS.
236 1892 310 1954 Orci
325 1896 354 1953 S
378 1893 536 1957 Benedicti
556 1896 641 1971 Sacc.
659 1897 674 1951 l
698 1894 778 1956 Tom.
798 1895 906 1971 lpag.
918 1892 990 1954 673.
1010 1892 1109 1957 Etiam

153 1976 233 2072 apud
255 1974 386 2035 Graecos
409 1994 474 2037 mos
494 1976 636 2052 antiquus
659 1977 714 2037 luit
740 1975 985 2061 Patriarcbarum
1009 1974 1108 2038 Eccle-

153 2060 214 2119 siae
236 2055 579 2135 Constantinopolitanae
595 2058 774 2133 pastoralem
790 2052 970 2120 baculum‘
960 2078 987 2118 in
1004 2058 1109 2119 solem·

155 2140 241 2199 nibus
263 2138 379 2197 actibus
401 2140 456 2198 sibi
479 2137 657 2215 praeterr-‚e
674 2147 727 2200 aut
743 2138 972 2215 praeferendum
988 2158 1107 2201 curare.

195 2218 251 2281 lv,
276 2218 379 2278 Baculi
413 2217 660 2297 significationem
694 2221 824 2297 explicat
854 2221 1043 2281 Innocentius
1064 2221 1108 2282 ΙΙΙ

155 2302 220 2361 tta.
247 2301 263 2359 1
286 2317 352 2379 cop.
379 2298 432 2357 62.
450 2299 541 2380 Mysi.
559 2302 664 2360 Missae
691 2298 769 2361 Tom.
789 2302 805 2361 l
824 2322 852 2379 p.
867 2299 927 2361 333
949 2302 1000 2361 sed
1017 2302 1110 2441 etlpu·

156 2383 358 2442 risdictionem
382 2380 539 2458 designat.
563 2389 594 2442 et
615 2382 682 2442 ideo
706 2383 840 2443 Marinus
868 2382 1021 2443 Romanae
1078 2400 1120 2442 c-·

153 2465 262 2524 clasiae
285 2461 458 2533 Diaconus,
482 2473 514 2523 ct
529 2463 659 2541 Legatus
681 2464 709 2521 iu
732 2462 852 2541 Synodo
868 2462 1111 2541 Constantinopo,

154 2544 245 2604 titana
265 2542 473 2604 Oscumenica
496 2542 568 2605 vill
590 2544 685 2604 oct.7
705 2546 795 2605 1.-10
819 2543 910 2605 Cone.
925 2548 977 2605 cot.
996 2544 1060 2604 568
1074 2545 1110 2605 de

154 2624 262 2687 Photio
285 2626 391 2701 inquit:
419 2622 519 2687 Tottito
540 2622 691 2685 Boeotum
713 2624 749 2685 do
770 2644 864 2685 mana
887 2629 969 2707 ajam·
991 2626 1110 2704 siparum

155 2718 195 2767 eat
218 2708 297 2765 caim
320 2706 481 2785 dignitatis
498 2707 681 2785 pastoralis.
706 2704 783 2785 quod
804 2707 852 2765 iric
878 2708 982 2767 babere
1010 2709 1111 2769 nuta-

155 2793 240 2850 tc'nat
263 2786 356 2848 dabat.
380 2787 511 2848 baculus
533 2787 694 2847 Pastoraiis
727 2807 744 2849 a
777 2792 861 2866 parte
893 2789 1045 2866 superiori
1066 2794 1112 2849 cst

54 2889 56 2894 ·
155 2886 287 2936 currus,
314 2876 349 2929 ut
367 2869 478 2928 indicet
499 2866 683 2947 Episcopum
695 2886 727 2929 se
743 2886 871 2931 curvare
893 2868 960 2929 ad
954 2870 1111 2947 inspicien-

83 2987 87 2998 ι
154 2954 232 3020 dos.
255 2950 509 3027 extirpandosque
531 2967 638 3027 pravos
666 2951 769 3029 populi
797 2968 920 3021 mores;
944 2959 1050 3012 acutus
1071 2950 1110 3014 ab

155 3032 311 3097 interiori,
335 3048 396 3105 quo
418 3030 555 3091 subditos
577 3028 681 3091 fideles
704 3032 861 3108 impellere
890 3033 985 3108 possit
1006 3032 1045 3092 ad
1066 3048 1112 3094 sc-

155 3116 259 3175 mitam
282 3112 491 3171 mandatorum
513 3112 633 3172 Domini
656 3116 904 3190 percurrendam.
918 3113 1021 3189 Atque
1035 3114 1111 3175 hacc

156 3197 194 3255 de
214 3193 327 3255 Baculo
349 3190 495 3253 Pastorali
518 3192 599 3255 dicta
620 3192 780 3255 sufficiant.
798 3192 843 3255 De
865 3194 970 3256 eodem
995 3200 1112 3271 praete·

157 3295 208 3338 rea
230 3276 297 3336 luse
319 3277 506 3351 scripserunt
525 3273 634 3351 loseph
658 3272 851 3343 vicecomes,
875 3276 926 3337 tib.
949 3276 975 3333 3
994 3275 1031 3334 dc
1053 3273 1113 3356 Ap

155 3368 271 3451 parata
292 3358 400 3419 Missae
425 3355 500 3435 Cap.
525 3354 585 3425 41:
606 3356 744 3416 Andreas
766 3354 939 3434 Saussajus.
964 3354 1131 3436 Panoplia·

158 3436 432 3581 illidat*
440 3436 515 3599 cii
523 3438 664 3599 litt}
671 3435 1113 3597 lttll‘ttnitt‘tttlt.
