2517 4059
580 162 704 283 'euro
726 218 787 281 ne

207 340 296 401 laude
313 341 439 403 Sanctus
455 340 543 408 Deus,
570 340 700 403 Sanctus
713 341 813 420 sortis,
831 338 955 400 mnan
969 333 1163 401 immortalis,
1200 344 1206 351 ’
1257 401 1258 406 η

210 424 297 483 istam
314 424 472 484 videlicet:
497 426 555 499 Qui
571 422 736 485 crucifixus
757 428 803 482 est
825 439 879 497 pro
895 420 996 487 uobis;
1021 418 1167 495 quoniam
1257 419 1258 472 ζ

210 504 297 563 nulla
316 501 527 576 Orientalium,
541 515 665 588 praeter
683 516 820 567 uestram.
836 500 887 561 scd
908 520 961 560 nee
974 500 1089 561 Sancto
1105 494 1169 555 llo-

211 602 302 679 mana
319 584 449 647 Ecclesia
464 590 558 661 habet,
575 608 625 649 uos
641 588 732 648 totius
746 584 883 645 scandali
903 582 1081 641 occasionem
1092 593 1169 654 pro-
1257 633 1258 642 ἶ

213 684 313 744 uisque
327 669 497 730 intellectus
508 674 699 753 suspicionem
709 668 845 733 uitantes,
858 662 1058 745 superaddere
1073 659 1110 717 de
1121 676 1171 718 cc·

214 756 277 807 tero
299 752 454 811 omittatis.

215 893 220 899 Ἴ,
255 828 308 889 Vl.
322 828 392 891 Post
408 833 515 892 luctam
528 834 634 897 Crucis
648 832 852 891 adorationem
868 826 1052 886 ulierebatur
1066 819 1172 881 red-hl-

214 916 278 971 tere
300 912 416 989 Corpus
431 912 543 976 Christi
566 934 602 976 ex
626 913 832 993 praecedentis
846 910 902 969 diei
917 906 1056 967 Sacrario
1072 920 1171 963 reser-

215 999 331 1052 vatum.
368 993 501 1071 Longum
525 999 612 1075 plene
635 1001 717 1055 esset
735 994 836 1052 varios
859 989 1061 1051 Ecclesiarurn
1094 986 1172 1044 ritus

215 1076 386 1135 describere
403 1078 438 1141 jn
462 1096 495 1137 ea
520 1080 721 1156 processione,
745 1078 774 1133 iu
796 1092 853 1150 qua
880 1072 996 1143 Corpus
1013 1066 1131 1125 Domini
1153 1082 1173 1123 a
1257 1119 1258 1122 ,

216 1154 385 1230 Sepulchra
407 1159 542 1221 delerlur
558 1162 593 1233 ud
610 1159 726 1219 bitere.
750 1154 795 1215 Ex
811 1155 924 1213 Missali
939 1149 1099 1217 Toloseuo,
1120 1146 1175 1205 urbi
1223 1160 1229 1167 ·
1257 1183 1258 1208 ;

216 1237 342 1295 solemni
359 1256 427 1297 cum
444 1244 633 1317 processione
649 1238 765 1316 Corpus
779 1236 903 1303 Christi,
920 1234 957 1292 ad
969 1230 1074 1291 hilare
1090 1227 1175 1288 deie-

217 1317 349 1380 rebulur.
368 1318 513 1383 Centores
530 1323 605 1383 hunc
621 1321 768 1381 canebant
782 1316 1004 1393 Antiphonem:
1018 1309 1081 1371 Hoc
1100 1308 1176 1371 Cor·

212 1416 272 1477 pus
297 1398 437 1473 Christi,
462 1404 540 1483 qnod
561 1424 620 1484 pro
641 1396 720 1463 robis
745 1398 893 1460 tradetur.
915 1394 1015 1456 Hodie
1035 1396 1177 1451 coutetur
1257 1387 1258 1426 ἶ

225 1480 339 1541 Veae‘lla
355 1479 445 1561 chis
458 1487 616 1565 prodeunt.
634 1485 805 1545 Auctorem
815 1477 1021 1557 ipsius'hymui
1036 1480 1102 1532 esse
1113 1472 1178 1531 Ve-

220 1562 353 1621 nautium
377 1562 588 1630 Forturrutum.
603 1573 669 1644 post
691 1565 851 1623 Burouiunr
876 1566 958 1619 nolet
980 1552 1179 1617 Gaventusiu

223 1640 372 1703 Rubricos
392 1644 528 1719 Missalis
549 1648 646 1708 ‘Parte
667 1646 709 1706 lv
732 1644 790 1704 Tit.
809 1643 849 1702 lV
872 1659 955 1701 uum.
978 1636 1066 1699 Xlll.
1090 1633 1180 1694 Anu-

222 1726 273 1801 qui
296 1742 370 1783 vero
392 1730 466 1788 nihil
489 1730 645 1798 cauebant,
670 1728 722 1787 sed
738 1743 856 1785 summo
877 1740 946 1781 cum
962 1721 1078 1779 silentio
1100 1715 1181 1775 haec
1257 1763 1258 1766 ,

222 1807 320 1865 omniu
352 1813 543 1888 peragebant.
566 1810 727 1871 Celebrans
748 1810 812 1884 ipse
834 1806 1060 1865 Sacramentum
1089 1795 1183 1857 aSe·
1257 1825 1258 1830 κ

222 1887 351 2027 pulchro
368 1892 455 1951 alieri
469 1895 506 1953 ed
523 1896 638 1960 hilare,
661 1892 712 1950 sed
730 1889 906 1965 antiquitus.
923 1884 951 1943 id
968 1883 1059 1942 hebet
1073 1879 1182 1938 adum

184 2018 188 2036 .
246 1986 281 2028 us
305 1966 514 2052 Presbyteru,
540 1981 572 2035 ut
594 1974 697 2034 videre
718 1977 764 2031 est
785 1988 843 2045 epu
885 1966 918 2025 S.
942 1963 1124 2040 Gregorium
1149 1960 1183 2017 in
1257 2013 1258 2016 ,

222 2048 474 2129 sacramentario,
489 2058 516 2116 iu
528 2056 641 2117 Ordine
653 2052 789 2113 Romano
801 2051 825 2120 Ι,
843 2068 871 2108 ru
883 2042 1094 2120 Ossiciohnjus
1108 2041 1182 2108 diei,

223 2138 260 2191 el.
278 2132 464 2197 Aruelerium
488 2138 553 2199 Lib.
571 2136 584 2197 Ι
601 2136 636 2197 de
659 2131 876 2195 Ecclesiasticis
903 2126 1013 2211 Officiis
1034 2126 1108 2201 Cep.
1127 2120 1182 2181 15.

121 2232 125 2243 ·
222 2212 258 2273 lu
274 2224 401 2291 utruque
416 2226 516 2280 temen
531 2220 669 2281 Ecclesia
685 2217 743 2277 hac
759 2215 807 2274 die
820 2212 975 2291 peragitur
990 2207 1079 2268 Missa
1092 2203 1186 2264 Prae-

224 2295 460 2360 sentilicetorum
476 2301 659 2369 Amelerius,
683 2303 715 2357 et
736 2296 891 2358 Alcuinus.
909 2290 1002 2369 hrrjus
1025 2289 1068 2348 rei
1091 2284 1185 2348 retio-

226 2396 295 2437 uem
311 2380 454 2442 afferunt:
476 2380 557 2457 Quia
579 2385 612 2442 in
635 2380 684 2439 dio
700 2377 847 2438 Dominus
860 2395 889 2441 se
903 2376 1001 2454 ipsum
1024 2368 1139 2434 obtulit,
1157 2376 1187 2425 ct

226 2462 293 2541 ipsa
308 2462 418 2522 ablatio
434 2464 538 2546 sufficit
558 2462 598 2523 ad
618 2463 744 2522 salutem
764 2458 958 2517 credentium.
976 2452 1010 2512 lu
1032 2448 1186 2528 ejrrsmoui

227 2551 329 2603 autem
342 2546 431 2605 Missa
444 2546 524 2607 utilia
541 2545 574 2605 ht
589 2540 786 2604 consecratio,
800 2540 850 2600 sed
862 2538 977 2613 Corpus
988 2532 1098 2595 Christi
1114 2533 1187 2589 sats

227 2633 437 2689 consecratum
458 2628 626 2692 adhibetur,
650 2630 682 2683 el
702 2621 844 2681 sumitur.
869 2620 914 2679 De
929 2636 964 2677 ea
981 2615 1101 2689 scripsit
1122 2608 1187 2670 Leo

230 2707 358 2768 Allatius
380 2710 625 2773 eruditissimum,
649 2713 680 2767 et
701 2702 840 2779 omniboe
861 2698 993 2759 animeris
1015 2695 1186 2755 absolutum
1257 2751 1258 2754 ,

229 2788 477 2858 Dissertationum
500 2792 536 2850 ud
560 2788 733 2849 bertoldum
757 2781 916 2843 Nihusium
939 2780 1050 2840 editum
1074 2778 1102 2834 iu
1125 2772 1187 2833 fine
1257 2791 1258 2794 ¹

229 2876 328 2949 operis
344 2873 380 2934 de
397 2871 547 2933 Ecclesiae
566 2867 768 2930 Occidentalis
789 2874 878 2941 atque
900 2859 1064 2921 Orientalis
1081 2872 1189 2936 perpo-

231 2964 285 3014 tua
308 2956 506 3021 consensione,
530 2956 559 3013 iu
582 2969 641 3028 qua
663 2952 757 3010 lector
778 2944 921 3022 quicquid
945 2942 981 3003 ed
1004 2958 1071 2999 eum
1094 2940 1189 3015 perti·

229 3044 283 3097 net
298 3038 440 3115 reperiet.
457 3036 567 3097 Basilio
583 3040 614 3093 et
627 3025 1010 3109 Chrysostomo‘untiquior
1024 3025 1082 3088 est,
1106 3017 1190 3096 ejus·

159 3128 161 3132 '
227 3136 307 3195 ‚sque
329 3120 414 3196 origo
436 3118 472 3177 ed
488 3115 643 3194 Synodum
667 3112 773 3171 saltem
789 3109 985 3169 Laodiceutuu
1009 3102 1117 3165 reterri
1139 3100 1189 3158 de·

227 3199 294 3270 bet,
319 3218 408 3276 qrraru
431 3200 578 3260 Beronius
601 3213 678 3254 auno
700 3190 762 3251 stt
783 3190 946 3251 Nicaeuem
969 3182 1190 3246 antecessisse

232 3282 373 3342 ostendit.
391 3280 543 3341 sancitum
570 3278 597 3335 iu
620 3294 655 3335 eu
678 3275 734 3335 luit
756 3272 877 3334 Cauoue
895 3264 1033 3345 hDsNon
1053 3273 1191 3342 oportere

233 3364 268 3423 in
282 3362 523 3441 Quadraqcsimo
534 3376 642 3438 panem
659 3356 776 3438 offerre,
792 3357 852 3416 nisi
867 3352 994 3413 Sabbata
1010 3356 1037 3409 ct
1053 3344 1191 3407 Domini·

235 3450 276 3505 eis
298 3455 428 3506 tantam.
452 3444 571 3517 Quibus
593 3441 700 3503 diebus
720 3437 784 3509 fiel,
808 3434 938 3497 ostendit
958 3432 1032 3493 Ceu.
1049 3428 1091 3488 52
1112 3426 1192 3487 Cou-
1257 3461 1258 3464 =

235 3525 293 3585 ciiii
315 3526 460 3590 Trullaui.
484 3523 524 3586 ln
548 3523 683 3582 omnibns
704 3520 817 3596 iuquit,
841 3524 963 3577 sanctae
988 3509 1193 3588 Quadrupesi-

231 3627 301 3669 mae
311 3608 427 3691 jejunii
449 3606 561 3676 diebus,
580 3608 799 3683 praeterquam
825 3598 950 3660 Sabbata
967 3605 994 3655 ct
1020 3592 1192 3666 Dominico,
