2517 4059
534 188 753 259 wlibttsste·

537 394 664 459 CAPUT
685 398 753 461 Vll.

171 579 213 619 m:
237 578 389 630 PlE'l'A'lll,
414 578 453 621 AC
473 579 644 624 RELIGIONE
665 580 698 623 ln·
719 578 816 623 suello
839 578 1042 623 teutbaudus
1068 580 1124 623 btt-

211 659 388 711 cessurus,
421 661 459 702 AC
487 660 529 703 bu
559 662 735 713 TEMPORE,
765 660 851 716 Quot)
876 659 958 703 ltus
986 660 1122 704 ffll’ltrtm

209 742 324 785 nuber.

212 886 235 946 l.
260 887 406 949 Sacerdos
427 886 549 947 Missam
579 890 790 967 auspicaturus
812 890 909 966 primo
931 889 1061 965 seipsum
1084 888 1125 947 ad

170 975 285 1030 tanturn
308 987 383 1047 opus
405 969 542 1046 disponit,
567 978 600 1033 ut
621 973 660 1031 sit
682 988 774 1048 purus
797 977 910 1035 mente,
928 976 958 1029 et
980 986 1121 1044 corpore.

170 1048 200 1110 Si
223 1051 431 1111 Sacerdotibus
453 1050 573 1112 Veteris
595 1052 693 1130 Legis,
717 1052 826 1129 quibus
848 1051 946 1112 omnia
970 1051 1006 1120 in
1024 1049 1125 1128 ligura

168 1134 403 1209 contingebant,
433 1134 475 1193 uti
499 1134 629 1193 habetur
652 1134 664 1194 Ι
686 1135 723 1192 ad
744 1133 917 1195 Corinthios
938 1132 1011 1209 Cap.
1035 1132 1068 1192 X
1088 1151 1120 1191 v.

170 1212 340 1284 uernum
364 1214 420 1275 tuit
440 1214 535 1277 Isaiae
558 1214 633 1293 Cap.
656 1214 699 1278 IV
720 1215 935 1286 mundamini,
963 1217 1016 1293 qut
1037 1216 1126 1293 sertis

168 1312 241 1355 nasu
263 1296 410 1363 Domini,
433 1304 545 1373 quanto
569 1301 662 1377 magis
688 1296 791 1357 Novae
812 1297 900 1375 Legis
921 1296 1121 1365 Sacerdotes,

170 1378 221 1452 qui
245 1396 301 1437 non
324 1395 430 1439 carnes
453 1386 630 1450 taurorum,
654 1386 707 1443 aut
728 1380 917 1449 vitulorum,
940 1379 992 1439 sed
1014 1396 1125 1439 rerum

170 1458 253 1518 illum
275 1477 383 1537 agnum
407 1459 483 1531 Dei,
506 1463 557 1538 qui
581 1462 658 1522 tollit
681 1467 803 1540 peccata
826 1462 947 1527 mundi,
971 1458 1125 1521 sacrifica·

169 1540 231 1600 turi
251 1548 330 1608 suut,
356 1543 458 1603 mundi
480 1543 582 1614 corde,
598 1550 629 1605 et
643 1562 771 1622 corpore
785 1561 851 1605 esse
872 1542 991 1603 debent,
1009 1540 1048 1601 llt
1061 1543 1124 1602 aui-

169 1640 237 1683 mae
257 1624 381 1701 quidem
408 1625 569 1703 puritatem
593 1631 747 1705 comparat
768 1625 977 1687 sacramentali
1002 1621 1125 1690 Contes-

165 1704 262 1774 sione,
278 1705 303 1766 si
326 1704 454 1785 alicujus
476 1707 581 1786 culpae
603 1708 659 1767 sibi
682 1710 819 1769 conscius
834 1708 884 1769 sit.
901 1706 934 1767 ld
949 1707 1031 1767 euim
1045 1705 1126 1783 Apo·

167 1786 262 1847 stolus
283 1791 438 1866 praecepit
459 1789 578 1851 dicens:
597 1791 705 1871 probet
729 1799 827 1851 autern
849 1808 878 1849 se
898 1789 995 1866 speum
1012 1788 1121 1859 bomo,

114 1874 120 1880 '
169 1879 197 1929 et
218 1872 260 1930 stc
286 1869 321 1929 de
342 1891 419 1952 ponc
441 1872 492 1932 illo
518 1872 598 1942 odat,
623 1872 706 1933 etde
730 1872 831 1935 Colice
855 1872 946 1931 bibet:
970 1872 1023 1949 qni
1043 1872 1126 1931 enim

166 1950 343 2020 ,manducan
368 1964 396 2013 et
419 1952 488 2014 bibit
510 1954 649 2034 indipne;
661 1954 818 2036 judicium
838 1954 896 2013 sibi
916 1951 1081 2013 manducat
1095 1961 1124 2013 et

168 2033 251 2093 bibit.
277 2032 346 2094 ldoo
367 2034 599 2115 Chrysostomus
623 2038 706 2095 initio
727 2054 799 2096 suae
821 2034 972 2112 Liturgiae
995 2034 1047 2093 ait:
1067 2030 1124 2093 Sa·

167 2114 270 2175 cordos
292 2114 430 2177 diuinum
445 2119 618 2196 mysterium
635 2127 816 2195 peracturus
838 2126 907 2177 onte
933 2117 1035 2175 omnio
1054 2133 1125 2175 con-

166 2194 272 2336 plperi,
297 2208 325 2257 et
351 2219 418 2259 cum
439 2201 573 2259 omnibus
599 2200 830 2261 reconciliatum
848 2216 878 2257 te
897 2198 1001 2257 babere
1026 2196 1119 2257 debet.

197 2284 208 2338 t
228 2277 258 2337 in
273 2279 407 2358 Liturgia
421 2280 519 2341 Basilii
535 2280 685 2342 exclamat
699 2281 846 2341 Pontifex:
863 2279 973 2341 Sancto
989 2278 1121 2340 Sanctis

167 2356 238 2421 Hoc
259 2359 359 2437 ipsum
379 2360 547 2441 Cyprianus
569 2363 756 2441 apertissime
778 2363 865 2423 docet
886 2360 977 2420 Libro
1005 2359 1040 2419 de
1065 2357 1124 2421 Lo-

165 2440 237 2521 psit,
257 2440 326 2503 ldeo
342 2445 455 2521 antiqui
478 2442 655 2506 Sacerdotes
675 2462 762 2505 suam
785 2461 903 2522 semper
917 2442 1122 2503 infirmitatem

170 2530 340 2600 suspectam
363 2525 519 2595 habentes,
543 2526 730 2603 humanique
754 2526 851 2586 cordis
873 2542 981 2601 pravos
1002 2529 1032 2583 et
1053 2542 1121 2601 pro·

168 2603 360 2668 tenuissimos
383 2626 520 2669 recessus
541 2610 759 2679 lormidantes3
785 2610 813 2667 in
836 2607 944 2685 quibus
966 2624 1055 2685 saepe
1078 2604 1121 2665 la-

169 2692 232 2747 tent
255 2690 370 2750 minuta
393 2696 424 2750 et
445 2691 563 2751 occulta
586 2697 720 2767 peecata,
743 2691 870 2751 scientes
891 2705 1011 2765 quoque
1026 2686 1120 2748 multa

166 2786 225 2829 non
248 2769 472 2834 advertentibus
494 2772 653 2851 irrepere,
677 2774 772 2834 multa
792 2791 809 2832 e
832 2770 977 2831 memoria
1003 2769 1121 2831 excide·

166 2868 228 2920 re,
251 2870 322 2913 cum
345 2856 452 2915 timore
474 2861 506 2916 et
526 2861 659 2917 tremore
691 2856 720 2915 in
733 2871 832 2933 opera
855 2852 1054 2932 poenitentiae
1077 2852 1119 2919 in·

167 2934 360 3003 cumbebant‚
384 2942 416 2997 et
436 2938 530 2999 sacris
551 2939 706 3016 operaturi
728 2936 852 3015 prolixis
873 2933 1116 3013 precationibus,

133 3058 135 3062 ,
167 3019 419 3095 quas-Apotopios
441 3018 597 3088 uocabant,
619 3018 657 3079 ad
681 3020 791 3079 ostium
812 3016 929 3077 divinae
950 3013 1120 3077 Misericor-

164 3095 232 3158 diae
255 3100 422 3176 pulsabant,
440 3109 473 3162 ut
494 3101 533 3162 ab
554 3102 636 3162 omni
658 3102 776 3162 macula
790 3104 1037 3178 expurgarentur.
1050 3093 1121 3159 Plu-

166 3196 215 3240 res
238 3180 412 3261 bujusmodi
434 3179 591 3264 Apolopr'ae
612 3186 717 3243 extant
739 3184 767 3242 in
790 3181 896 3260 priscis
914 3178 1120 3241 Sacramentu-

164 3279 233 3321 rum
256 3261 376 3332 Libris,
400 3282 529 3340 quarum
553 3266 733 3343 praecipuae
760 3263 839 3340 apud
861 3261 1038 3325 Menardum
1061 3262 1120 3339 legi

166 3351 290 3418 possunt
312 3362 379 3422 pag.
402 3344 465 3405 21ιὲ
486 3354 518 3407 et
538 3347 615 3408 inlru
636 3348 666 3406 in
688 3339 873 3423 Appendice.
896 3344 1045 3404 Dicuntur
1065 3361 1118 3405 au·

166 3430 226 3485 tem
251 3423 435 3512 Applopr'ae,
463 3429 534 3505 quia
559 3430 588 3487 in
610 3428 659 3490 his
680 3426 825 3490 Sacerdos
845 3431 971 3489 excuset
996 3433 1026 3485 et
1047 3442 1133 3502 pur--

164 3513 215 3583 gat
236 3525 294 3573 se,
319 3509 396 3586 quod
420 3516 561 3587 peccator
587 3517 618 3571 et
640 3511 778 3589 indignus
808 3509 845 3570 ad
868 3525 952 3568 sacra
975 3507 1118 3586 mysteria

162 3588 307 3650 accedere
331 3598 513 3667 praesumat.
537 3591 689 3654 Obserrat
709 3591 872 3652 blenardus
894 3607 944 3650 eas
965 3588 1036 3649 olim
1058 3587 1118 3667 legi
