2517 4059
467 216 692 291 *bibu-

11 347 12 374 ³
112 352 239 405 uocatum
262 355 303 406 eat
336 362 443 405 mmor
471 344 604 426 Virqinia
637 348 749 409 Maria.
773 344 834 405 Nec
860 348 1056 421 praetereas,

111 431 186 501 opta,
210 444 290 503 quac
311 422 420 487 Petrus
435 428 584 488 Blesensis
607 430 636 487 in
653 429 791 492 eamdem
815 428 991 492 sententiam
1008 426 1060 489 alt:

110 503 215 568 Audito
234 509 289 568 boe
304 510 426 567 nomine
442 509 582 569 Sermone
597 509 633 568 de
650 510 850 589 assumptione
865 511 979 569 Mariae
994 507 1062 569 Vir·

10 595 11 603 ’
109 588 181 666 alala
201 590 254 649 aab
268 589 370 670 finem,
383 591 520 670 pericula
543 590 719 671 diffuqiuut,
745 587 897 649 commoda
918 588 1060 661 redeunt,

110 680 135 730 et
156 669 280 747 inferna
296 672 534 750 pertimescunt,
554 672 749 752 perimuntur
770 670 944 749 blasphemi,
969 670 1063 748 despe-

107 750 167 809 rati
188 753 415 823 conciliantur,
450 754 586 833 nullique
608 751 766 837 difficultas
789 769 967 831 recuperare
990 769 1061 829 qra-

106 832 187 903 tiam,
206 833 261 912 qui
283 844 417 894 uotorum
432 853 553 895 suorum
569 834 750 917 adjutricem
766 833 902 892 habuerit
918 834 1060 892 Mariam.

107 913 168 973 ntia
192 916 229 974 ad
255 915 282 973 id
307 916 404 992 ipsum
427 917 621 977 asserendum
645 910 804 984 Noralus,
828 919 859 974 et
881 913 982 973 Plazza
1008 908 1064 975 Pa-

107 999 197 1066 trnm,
215 1001 247 1056 el
269 995 492 1075 Theologorum
516 999 578 1059 loca
603 998 772 1074 proterunt.
795 992 901 1073 nance
923 994 1062 1071 trequen-

106 1078 145 1135 tes
166 1092 289 1154 preces,
313 1079 423 1154 quibus
445 1079 599 1140 Ecclesiae
622 1086 783 1157 praecepto
807 1076 910 1137 moniti
934 1078 1060 1149 utimum

106 1161 284 1234 praesertim
300 1177 373 1220 uero
389 1180 459 1221 cnm
476 1161 687 1221 salutationem
705 1158 869 1237 angelicam
886 1158 1059 1219 recitamus:

105 1236 162 1299 doe
183 1242 289 1300 Maria
311 1243 413 1318 qratia
430 1246 521 1323 pleae
542 1249 602 1303 etc.
625 1240 762 1303 Horreut
783 1257 902 1317 quoque
933 1236 1064 1309 Daemo-

105 1334 152 1379 nes
173 1320 329 1389 Mariam,
355 1324 482 1401 ideoque
506 1323 585 1384 illins
607 1342 739 1392 nomen,
763 1322 840 1397 quud
864 1321 922 1381 iilis
945 1320 1061 1383 biariae

105 1404 338 1476 praestantiam,
363 1423 397 1466 aa
419 1408 500 1466 vires
522 1405 551 1463 in
574 1406 752 1465 memoriam
783 1410 915 1463 revocat.
940 1402 1058 1475 Quibus

106 1486 231 1557 positis,
259 1503 350 1544 nemo
372 1492 407 1547 nt
427 1488 581 1556 arbitror,
604 1487 761 1547 revocabit
784 1485 813 1542 in
836 1484 960 1545 dubium
989 1486 1060 1561 qnia

106 1563 270 1639 plurimum
293 1568 489 1630 emolumenti
512 1587 550 1629 ex
574 1569 712 1628 invocato
734 1566 846 1627 Mariae
870 1565 989 1625 nomine
1012 1584 1062 1627 no

108 1643 149 1705 bis
171 1650 342 1724 proveniat.
367 1647 451 1712 Haec
474 1650 574 1709 omnia
596 1650 735 1726 attingit,
761 1646 953 1724 breviterque
977 1663 1062 1705 com·

107 1725 244 1802 plectitur
261 1728 460 1809 Raymundns
475 1731 619 1800 lordonis,
638 1732 709 1790 olim
732 1730 788 1793 sub
802 1727 918 1787 idiotae
941 1727 1062 1787 nonrine

105 1804 219 1869 latens:
246 1815 358 1871 etenim
383 1817 426 1874 sic
448 1812 600 1890 Angelum
630 1810 758 1871 Mariam
782 1810 983 1886 alioquentem
1017 1810 1062 1868 in-

103 1886 188 1949 ducit.
214 1890 263 1953 Ne
278 1896 383 1953 timeas
397 1898 535 1955 Mariae:
560 1896 698 1972 inopere
716 1893 763 1953 cui
781 1892 903 1951 titulus:
927 1889 971 1948 De
986 1888 1062 1950 Coa-

104 1974 289 2051 templatioae
313 1976 445 2053 Virqinia
466 1978 603 2044 Mariae,
621 1986 683 2034 toto
705 1978 911 2053 supersonota'
929 1968 1062 2030 Trinitas

103 2068 214 2118 nomeu,
233 2055 314 2134 qnod
330 2066 397 2137 poet
420 2076 528 2116 noman
550 2057 784 2136 superbenedicti
805 2052 863 2136 fite·
884 2053 930 2111 tul
952 2063 990 2112 est
1013 2070 1061 2111 su·

100 2150 152 2209 per
174 2154 261 2195 omne
281 2156 389 2197 nomeu
406 2182 413 2198 .
433 2186 440 2201 .
459 2183 467 2197 .
487 2182 495 2197 .
513 2136 623 2197 Tantae
645 2138 790 2205 uirtutis,
815 2145 842 2196 at
866 2134 1062 2195 eccellentiae

48 2285 52 2293 ⁸
105 2224 142 2273 est
161 2224 249 2276 tuum
271 2220 490 2280 sanctissimum
506 2218 635 2289 Nomou,
659 2214 841 2280 Bedla‘au'mu
859 2216 958 2294 Virqo,
983 2214 1061 2295 quad

10 2365 15 2378 Ι
104 2294 371 2359 adinventionem
384 2302 605 2379 spatustoelum
622 2300 712 2369 ridet,
738 2311 819 2359 terro
836 2300 977 2365 laetatur,
1003 2301 1061 2355 Au-

102 2378 155 2454 cett
175 2381 392 2458 conquudant,
416 2381 573 2441 daemones
600 2382 835 2441 contremiscunt
864 2389 889 2438 et
920 2381 1059 2458 infernus

103 2462 306 2522 conturbatur.
340 2461 612 2528 Gennllerionem,
646 2469 677 2523 ct
699 2464 805 2541 capitis
835 2461 1058 2520 inclinationem

103 2539 173 2600 inter
195 2544 344 2620 obsequii,
369 2544 554 2621 honorisqne
575 2552 753 2621 argumenta
771 2541 996 2603 enumerandas
1011 2556 1058 2599 es·

102 2636 151 2691 se,
175 2642 267 2685 nemo
288 2630 351 2694 est,
376 2627 427 2703 qui
451 2632 550 2687 vertat
573 2627 601 2683 in
625 2626 764 2685 dubiam.
788 2622 977 2699 Obsequium
1001 2620 1059 2681 hoa

102 2698 218 2764 Nomini
242 2704 376 2783 Virginis
399 2706 610 2767 Sanctissimae
639 2706 676 2765 ab
699 2706 772 2783 ipsis
794 2703 948 2764 Ecclesiae
971 2720 1060 2765 exor-

102 2782 153 2844 diis
172 2786 267 2848 lnisse
289 2787 460 2847 abdeiibns
482 2787 616 2850 delatum
645 2789 778 2847 nonnulii
802 2786 858 2846 viri
883 2786 921 2861 pii
944 2800 1060 2845 asseve-

102 2873 174 2928 rant.
184 2867 381 2929 Hildebertus
396 2868 580 2930 Turonensis
596 2869 853 2946 acchiepiscopus
866 2866 940 2925 baec
958 2866 986 2925 in
998 2860 1058 2925 fine

105 2944 283 3010 Sermonis!
299 2949 334 3009 de
356 2949 563 3027 Assumptloue
585 2951 688 3012 babet:
714 2948 917 3026 Nec‘sruatro
939 2963 1059 3005 cousue-

101 3029 139 3090 oe't
161 3030 295 3092 Ecclesia
316 3032 553 3093 intercessionem
575 3032 687 3093 Bootae
716 3029 849 3109 l'irqint's
870 3026 1061 3107 affectuosius

103 3116 202 3174 ceteris
224 3114 401 3193 implorare,
431 3114 479 3173 ita
500 3114 578 3193 quod
599 3112 706 3173 audito
730 3115 794 3193 ejus
815 3111 937 3169 nomios
960 3126 1059 3188 qeuua

102 3201 195 3254 lemae
219 3191 336 3277 otilqat,
360 3198 419 3256 imo
436 3213 495 3274 pro
516 3196 646 3255 nominis
668 3194 841 3255 reuerentia
864 3192 953 3269 quasi
974 3207 1059 3249 mare

103 3277 329 3356 contrapadum,
353 3285 461 3336 sonant
481 3286 552 3335 cota
572 3277 765 3356 populorum.
795 3272 907 3334 Eadem
932 3288 1056 3349 prorsus

102 3360 207 3419 monita
241 3364 406 3419 occurrunt
439 3359 468 3416 in
491 3356 633 3417 Sermone
657 3356 690 3416 de
713 3354 920 3433 Assarmptione
942 3350 1057 3412 Bootae

9 3435 10 3441 ’
102 3439 210 3501 lloriae
236 3440 371 3517 Virqiuis
399 3440 449 3515 qni
479 3439 518 3497 ab
547 3439 696 3517 aliquibus
725 3437 814 3497 Petro
836 3434 998 3504 blesensi,
1022 3433 1060 3494 ab

9 3557 10 3578 α
108 3516 168 3579 aliis
189 3522 279 3581 Petro
300 3519 468 3583 Comestori
490 3517 644 3582 Historiae
667 3518 895 3579 Ecclesiasticus
917 3514 1061 3592 Scriptorl

105 3600 256 3664 tribuitur.
279 3601 378 3663 Allius
399 3601 548 3680 superiori
571 3609 617 3664 est
637 3602 830 3678 obsequium,
854 3598 935 3677 quod
950 3596 1061 3659 beatis·
