2517 4059
478 210 684 279 nabina-

112 332 151 394 Do
172 336 398 401 Consecratiana
427 336 506 397 Dist.
530 336 560 398 is.
596 338 628 398 ld
652 342 785 401 sancitur
818 340 847 399 in
872 340 978 417 Capite
1004 341 1058 403 Ve-

110 416 185 476 niens
205 418 238 477 de
260 418 568 499 praescripsimus„
595 422 735 499 idemque
757 429 881 481 monent
900 421 1058 483 Canonum

108 496 293 578 interpretes.
317 500 388 562 Fuit
408 520 479 563 sane
502 520 568 563 mos
589 505 753 580 antiquus,
784 509 817 563 ut
838 504 977 565 absentes
997 502 1054 565 Pa·

107 582 185 641 rachi
207 601 264 641 non
286 601 342 659 per
358 582 494 643 homines
518 582 619 655 laicos,
644 592 696 646 aut
717 603 770 663 per
786 585 937 661 simplices
958 584 1054 647 Cleri·

107 679 161 734 cas,
185 681 291 725 verum
315 664 363 724 vei
380 683 433 741 per
449 666 608 738 Diaconos,
634 675 689 727 aut
702 666 905 727 Subdiaconos
926 667 965 726 ab
980 663 1052 744 upr-

28 750 29 753 ’
107 745 194 821 scopis
215 746 276 805 suis
298 744 439 807 Chrisma
462 753 623 824 peierante
658 749 702 809 uti
724 754 899 809 constater
921 748 1054 810 Concilio

108 824 253 892 Toletano,
278 846 316 887 ex
332 822 463 903 Concilio
484 828 712 907 Carthaginensi
733 827 788 897 1v‚
812 836 845 891 et
865 848 903 889 ex
917 827 1051 891 Concilio

107 906 230 968 Vononen
252 926 367 970 canone
388 909 443 969 lll.
471 909 560 972 Plura
592 913 651 971 alia
672 911 805 971 Concilio
826 910 962 972 Mastane
988 929 1053 971 me·

105 996 204 1058 morat,
230 995 261 1051 el
275 988 441 1051 Cardinalis
461 990 577 1064 Ursius,
602 994 653 1069 qni
676 992 769 1054 multa
792 993 910 1053 arradite
932 1009 1057 1068 conges-

107 1073 140 1133 sit
159 1073 186 1165 igr
209 1088 301 1148 opere
325 1074 373 1135 cui
395 1073 523 1134 titulus:
549 1074 730 1136 Dissertatio
755 1072 911 1135 ffisrorica
937 1071 1057 1134 Theolo-

28 1184 29 1189 1
105 1155 167 1233 aira
188 1152 231 1212 De
263 1146 427 1216 Clarismatc
457 1155 689 1236 confirmatoria
715 1153 788 1232 Cap,
813 1154 833 1214 6
862 1158 891 1217 irs
914 1156 985 1218 fine,
1015 1152 1057 1215 Ul

105 1234 245 1303 Chrisma,
270 1236 348 1313 quod
364 1238 420 1315 ipsi
435 1234 562 1298 Parachi
578 1244 788 1314 susceperunt,
811 1238 869 1297 suh
889 1240 988 1317 sigillo
1002 1255 1056 1297 cu·

106 1318 252 1387 stodiatun
278 1336 375 1395 neque
398 1317 449 1380 ulli
465 1320 577 1380 donare
599 1324 795 1397 praesumant
818 1338 872 1395 pro
886 1322 988 1397 aliqua
1004 1336 1056 1379 ne·

104 1401 243 1467 cessitale,
269 1418 368 1477 neque
391 1401 446 1461 sub
463 1408 622 1479 praetextu
638 1402 813 1468 medicinae,
837 1419 894 1461 non
907 1402 995 1462 modo
1016 1418 1056 1461 ex

102 1479 193 1541 libris
214 1478 462 1551 Pontificallbus,
495 1499 603 1543 verum
626 1485 716 1543 etiam
745 1500 784 1543 ex
805 1483 897 1543 variis
926 1482 1055 1562 Synodis

102 1568 219 1625 cautum
235 1569 301 1635 est,
316 1562 472 1625 Postremo
487 1564 640 1641 cognitum
657 1566 730 1626 salis
740 1571 786 1625 est
800 1566 951 1633 omnihus,
968 1563 1052 1641 quod

102 1646 186 1706 tradit
218 1640 382 1706 Clericatus
416 1645 460 1704 Dc
494 1644 644 1707 Extrema
682 1646 826 1709 Unctione
860 1647 959 1706 Dacis.
993 1643 1054 1705 105

102 1746 178 1795 num.
205 1726 257 1787 16:
285 1724 379 1786 Sancta
394 1726 514 1787 tandem
536 1725 696 1810 difficultas
711 1738 763 1797 est,
788 1747 829 1787 aa
839 1729 933 1803 possit
954 1725 1053 1786 admi·

101 1809 223 1869 nistrari
248 1804 477 1869 Sacramentum
493 1806 658 1869 Extremae
679 1808 831 1870 Unctionis
851 1805 922 1866 Oica
936 1806 1054 1867 benedi-

102 1901 143 1950 cto
157 1890 259 1959 ceteri,
283 1889 360 1949 idest
375 1890 463 1948 annis
473 1892 650 1966 praeteritis
665 1890 851 1951 consecrato?
873 1888 912 1949 Et
933 1907 1054 1967 respon-
1115 1910 1119 1916 ·

102 1971 164 2032 dant
180 1972 330 2039 Doctores,
356 1970 452 2031 aalide
464 1989 556 2047 posse,
580 1991 643 2032 nan
664 1982 766 2033 catam
781 1972 884 2040 tician-
907 1973 979 2049 qaia
994 1970 1057 2030 sin-

29 2078 30 2081 ¹
101 2054 173 2131 eatis
195 2054 285 2113 annis
305 2063 388 2113 actas
418 2049 522 2111 Oieam
544 2071 666 2113 sacram
688 2064 728 2121 cst
749 2052 1002 2126 comburendum,
1027 2062 1056 2112 ct

101 2154 203 2195 nonam
220 2133 457 2195 consecrandam
472 2132 563 2195 Faria
578 2136 685 2213 quinta
703 2136 817 2199 Cocnce
834 2133 970 2193 Domini.
995 2132 1056 2194 Sed

102 2219 162 2294 quis
184 2218 304 2293 ignorat
324 2222 412 2276 velus
433 2212 542 2277 Oleum
566 2217 825 2282 comburendum,
850 2234 919 2275 cnm
944 2234 1056 2277 novum

101 2304 304 2359 consecratum
327 2296 446 2358 fueriti
472 2297 557 2357 Vetus
587 2309 688 2359 antem
717 2298 857 2361 Cirrisma
878 2298 920 2357 sic
944 2298 1055 2374 legitur

101 2380 128 2439 in
149 2376 315 2439 Pontificali
338 2380 494 2445 linusano,
519 2388 546 2438 et
573 2377 679 2439 Oleum
698 2378 994 2444 Catachamcnoram,
1019 2396 1056 2437 ac

102 2459 303 2543 infirmorum,
327 2462 355 2521 si
370 2460 449 2539 qaod
472 2460 650 2521 remanserit
663 2461 698 2518 in
711 2462 862 2537 ampullis,
883 2462 1009 2537 panitur
1022 2460 1059 2517 in

101 2540 297 2624 lampadibus
312 2541 462 2603 Ecclesiae
484 2550 553 2601 ante
578 2539 820 2612 Sacramentum,
843 2551 879 2603 at
901 2542 1059 2603 combura-

103 2634 158 2686 tur.
182 2624 355 2702 Reliquum
369 2633 481 2692 autem,
507 2621 584 2701 qaod
605 2634 645 2684 est
666 2625 700 2683 in
716 2621 897 2701 Pyrcidibas,
920 2625 980 2684 siae
998 2623 1063 2687 Ca·¹

100 2708 189 2786 psaiis
211 2724 279 2768 cam
302 2707 437 2777 bombice,
454 2706 526 2783 ,idai
548 2706 746 2774 comburitur,
771 2714 797 2763 ct
817 2724 927 2766 nanum
950 2703 1059 2765 deinde

105 2807 165 2849 cum
180 2806 259 2851 aeon
274 2786 401 2848 bombice
417 2791 451 2849 in
466 2786 632 2865 Pyxidibas
646 2790 708 2847 siae
723 2784 862 2864 Consulis
875 2788 1057 2865 imponitur.

28 2882 29 2885 ’
139 2870 180 2931 X.
205 2868 312 2943 Quoad
334 2887 407 2929 vero
430 2870 580 2933 Missam,
604 2872 719 2928 constat
742 2866 800 2927 hac
821 2870 870 2929 die
892 2869 971 2928 olim
987 2866 1060 2929 luis.-

105 2967 132 3011 sa
162 2952 411 3012 consuetudinem
446 2956 546 3009 ternas
576 2948 771 3017 celebrandi,
802 2967 931 3026 quarum
961 2948 1061 3023 prima

104 3038 162 3095 erat
184 3051 240 3112 pro
263 3030 487 3093 Paenitentibus
510 3030 749 3101 reconciliandis,
774 3031 904 3091 secunda
932 3046 987 3105 pro
1008 3045 1057 3087 sa·

106 3109 157 3175 cris
171 3113 255 3175 Oleis
270 3114 491 3184 benedicendis,
518 3112 604 3173 tertia
621 3112 753 3189 denique
774 3112 804 3171 in
820 3112 998 3172 memoriam
1016 3110 1061 3168 ln·

105 3197 192 3259 stituli
216 3194 370 3257 aChristo
388 3196 514 3255 Domino
528 3194 740 3254 Eucharistiae
762 3192 959 3253 Sacramenti.
984 3189 1065 3250 Ter-.

106 3280 145 3339 nis
159 3282 262 3339 autem
278 3278 337 3337 illis
352 3278 550 3339 caeremoniis
565 3276 593 3334 in
609 3294 705 3335 unum
720 3276 881 3336 contractis
896 3291 951 3334 sua
965 3289 1059 3349 quae·

106 3379 160 3438 qne
176 3356 265 3420 nnius
278 3359 388 3419 Missae
404 3377 473 3436 pars
488 3357 635 3435 assignata
649 3362 706 3417 est.
715 3356 807 3417 Missa
822 3374 900 3433 quae
911 3355 1062 3430 hodieque

105 3443 162 3519 ipsa
185 3443 233 3502 die
256 3442 451 3513 celebratur,
486 3456 606 3516 semper
629 3440 687 3498 iam
712 3438 771 3498 luit
793 3438 903 3514 ubique
926 3437 989 3497 lere
1011 3453 1061 3495 so·

106 3522 217 3591 lamnis,
235 3522 327 3583 etiam
350 3529 509 3600 antequam
523 3519 664 3581 Urbanus
676 3518 718 3594 lV
741 3520 914 3581 institueret
928 3517 1060 3579 Sanctis·

28 3622 29 3625 ’
108 3606 167 3666 simi
182 3604 371 3667 Sacramenti
386 3604 521 3673 Festum,
545 3601 626 3681 quod
639 3600 759 3679 egregie
776 3602 805 3659 in
821 3598 982 3679 Opnsculis
997 3596 1061 3659 suis

454 3696 456 3699 '
875 3696 889 3722 4
