2517 4059
477 205 702 276 neptum

110 332 202 392 cesim
224 332 422 392 administrat.
448 332 478 392 S.
497 331 591 393 Paulu
630 335 666 392 ad
680 330 838 392 Hebraeos
857 331 931 408 Cap.
948 330 1023 391 Xill
1039 351 1066 387 r.

111 413 150 474 17
172 410 321 473 Hebraeis
342 415 550 484 commendat,
576 434 594 474 u
631 433 685 491 pro
708 417 794 491 ipso,
817 421 848 473 et
870 431 923 489 pro
946 411 1068 472 Pastori·

109 495 166 554 bus
190 502 291 565 orent3
317 513 385 556 cum
410 513 591 572 magnopere
613 503 758 574 congruat
780 513 834 572 pro
850 495 885 553 iis
901 496 994 565 orari,
1019 494 1069 569 qui

107 576 273 652 inuigilant
295 577 410 653 inquit,
436 579 522 660 quasi
544 579 695 636 rationem
713 596 772 655 pro
787 575 950 636 animabus.
966 576 1070 636 cestria

107 656 276 718 reddituri.
304 657 415 718 Omnia
438 661 532 718 terme
555 660 757 718 vetustissima
779 660 963 732 exemplaria
992 657 1068 716 sacri

106 734 237 798 Carrenis
259 738 368 800 Missae
390 746 456 817 post
478 739 644 800 Romanum
661 738 834 799 Pontificem
852 757 959 800 nornen
981 736 1068 796 Anti·

107 820 188 880 stitis
210 820 384 895 designant,
408 822 486 900 quod
510 823 629 898 quidem
654 840 762 882 nomen
784 818 915 890 Florus,
940 825 972 880 et
992 820 1069 878 anti-

106 903 231 976 quiores
253 897 461 978 Expositiones
482 902 591 964 Missae
614 907 864 964 commemorant.
890 903 920 962 Si
942 917 1015 961 vero
1030 898 1068 959 E-

105 983 248 1060 piscopus
270 984 318 1042 vel
340 983 592 1062 Arebiepisropus
615 986 768 1052 celebret,
791 990 858 1043 orat
881 1003 935 1060 pro
957 985 1066 1058 scipso,
1181 988 1184 996 '

105 1061 209 1126 dicens
227 1075 253 1124 et
269 1066 455 1145 mutastique
471 1083 553 1126 seruo
568 1075 631 1126 tuo.
655 1067 738 1127 idem
755 1067 867 1126 iaciunt
888 1067 978 1124 etiam
994 1062 1067 1124 Car-

105 1144 242 1214 dinales,
274 1148 342 1207 lieet
364 1165 422 1207 non
444 1148 503 1208 sint
524 1148 686 1224 Episcopi,
711 1155 834 1227 propter
859 1146 1067 1206 excellentiam
1162 1150 1167 1158 “

105 1225 271 1302 dignitatis.
299 1227 413 1290 Romae
435 1228 611 1290 Sacerdotes
635 1231 777 1296 omittunt
804 1238 833 1288 ct
855 1227 993 1287 Antistitc
1018 1244 1070 1284 nov

103 1315 168 1367 stro
181 1331 192 1379 ‚·
222 1327 289 1369 nam
314 1327 450 1371 summus
473 1309 630 1381 Pontifex,
660 1310 747 1387 eujus
770 1311 992 1377 meminerunt,
1021 1316 1067 1366 est

104 1386 197 1451 Urbis
219 1389 408 1464 Ordinarius.
432 1391 596 1468 Regulares
619 1410 677 1453 non
696 1397 819 1470 possunt
839 1391 904 1450 loco
929 1389 1068 1466 Episcopi

104 1474 288 1532 mentionem
313 1471 412 1534 iacere
435 1471 605 1549 Superioris
621 1467 788 1542 Generalis.
811 1472 972 1551 Presbyter
990 1470 1067 1530 eele-

103 1554 197 1614 Brans
220 1556 248 1612 in
273 1553 365 1614 aliena
389 1555 523 1614 Dioecesi
554 1573 610 1614 non
634 1561 730 1632 potest
751 1556 933 1615 substituere
957 1569 1065 1610 nomen

102 1636 151 1693 sui
175 1634 314 1713 Episcopi
338 1637 366 1694 in
391 1637 488 1696 locum
512 1635 652 1715 Episcopi
675 1637 847 1702 Itioeeesis‚
871 1636 900 1693 in
916 1651 975 1710 qua
991 1631 1068 1692 cele·

103 1715 183 1777 brat.
210 1717 304 1776 Amor
327 1718 387 1794 ipse
409 1735 468 1794 quo
485 1717 652 1778 Ecclesiam
675 1719 814 1794 prosequi
834 1717 989 1780 debemus,
1013 1731 1066 1774 nos

104 1814 160 1872 pro
182 1797 316 1874 Regibus
338 1817 425 1858 orare
449 1799 548 1875 cogit,
573 1805 606 1859 ut
621 1801 650 1858 in
667 1799 729 1858 dics
753 1798 857 1876 magis,
882 1794 999 1872 adeius
1015 1813 1066 1872 pa·

103 1894 194 1948 cem,
218 1887 249 1938 et
271 1885 385 1940 rectum
408 1881 542 1939 ordinem
567 1881 732 1941 conserant.
756 1879 788 1940 S.
812 1880 921 1940 Paulus
945 1878 1065 1937 disertis

101 1961 204 2020 verbis
228 1962 254 2020 id
279 1967 386 2037 urget,
419 1961 618 2036 mandatque,
653 1966 810 2022 uteretur
835 1980 888 2036 pro
910 1960 1062 2036 Regibus.

103 2057 157 2100 seu
181 2040 387 2119 Principibus,
424 2042 602 2118 discipulum
631 2061 718 2103 suum
740 2042 934 2103 Timotheum
957 2058 1065 2101 curare

101 2122 190 2189 vult,
219 2131 251 2183 ut
272 2129 377 2184 oretur
398 2141 453 2200 pro
475 2121 628 2199 Regibus,
657 2127 753 2201 iisque
774 2126 916 2184 omnibus
937 2124 989 2199 qui
1010 2122 1064 2181 ali·
1100 2127 1103 2132 '

102 2220 159 2278 qua
183 2204 324 2284 dignitate
348 2205 476 2281 insigniti
499 2209 579 2264 suut.
603 2205 662 2266 Hie
679 2208 754 2267 ritus
776 2208 881 2282 primis
902 2208 993 2264 etiam
1011 2200 1062 2261 Ec·

103 2283 213 2344 etesiae
229 2285 361 2345 Saeculis
384 2293 519 2345 servatus
542 2291 598 2354 est,
616 2295 648 2347 ut
669 2293 784 2348 constat
804 2305 842 2348 ex
856 2287 970 2348 Iustino
986 2283 1066 2361 Apo·

101 2367 180 2442 topia
202 2366 256 2434 11,
281 2385 316 2427 ex
333 2366 473 2427 Melitene
495 2366 655 2437 Sardensi,
681 2375 762 2428 etex
778 2368 982 2445 Athenagora.
1005 2365 1064 2426 De·

102 2448 192 2522 nique
208 2446 280 2507 lusis
296 2465 350 2523 pro
366 2447 518 2509 Ecclesiae
534 2451 648 2509 unitate
664 2451 821 2526 precibus;
841 2467 893 2522 par
908 2455 954 2509 est
968 2449 1059 2507 etiam

102 2545 156 2603 pro
181 2529 215 2588 iis
238 2527 376 2588 omnibus
399 2531 562 2588 universim
586 2533 682 2600 orari,
707 2533 757 2608 qui
780 2532 809 2588 in
827 2529 909 2590 Fidei
933 2529 1063 2604 puritate

100 2611 273 2686 persistunt.
305 2609 367 2669 lam
387 2610 554 2670 Ortbodoxi
581 2617 650 2670 sunt
678 2613 697 2682 ii
719 2629 847 2688 qnorum
875 2629 949 2688 pura
972 2607 1061 2670 Fides

101 2695 166 2757 est,
192 2697 223 2751 et
243 2694 301 2752 vita
325 2688 407 2752 Fidei
430 2691 616 2767 responden
639 2693 719 2769 quod
743 2698 842 2751 tamen
866 2711 924 2752 non
947 2694 986 2753 ita
1012 2709 1062 2752 ac·

101 2771 269 2848 cipiendum
291 2777 358 2842 est,
388 2777 422 2832 nt
443 2774 492 2848 qui
515 2780 642 2850 peceat,
667 2791 705 2834 ex
726 2771 972 2835 Ortbodoxorum
995 2773 1061 2834 albo

101 2861 268 2928 expunctus
283 2854 332 2920 sit,
349 2873 416 2915 eum
431 2852 514 2915 Fidei
530 2856 673 2915 unitatem
691 2861 848 2931 peccatum
864 2875 921 2915 non
937 2857 1058 2916 adimat.

141 2931 196 2994 IV.
222 2935 367 2995 Sacerdos
390 2935 525 3006 extollit,
549 2934 710 3013 jungitque
725 2953 831 2996 manns
847 2954 1008 3013 parumper
1023 2936 1060 2994 ad

101 3021 299 3090 pectuscum
323 3017 410 3078 dicit:
435 3014 592 3084 Memento,
618 3017 745 3081 Domine
765 3019 949 3096 {amatorum
963 3019 1062 3095 fumu-

101 3098 258 3175 tarumque
280 3107 425 3168 tuorum,
451 3115 561 3160 novum
578 3099 657 3175 quod
673 3115 692 3156 a
706 3097 770 3157 Deo
788 3099 861 3175 petit
883 3097 1061 3160 beneficium

100 3176 135 3236 ad
150 3195 257 3238 novam
274 3197 418 3240 manuum
435 3179 634 3240 elevationem
647 3182 744 3257 ipsum
757 3180 893 3257 impellit,
903 3199 955 3256 per
969 3197 1060 3256 quam

99 3274 131 3318 se
146 3263 253 3335 optare
267 3259 435 3336 significat,
460 3268 493 3321 ut
506 3260 588 3322 Deus
603 3260 707 3322 tacites
722 3279 812 3321 aures
834 3264 987 3340 praebeat.
1004 3259 1060 3321 Per

101 3338 218 3416 aliquod
242 3348 360 3420 tempus
382 3344 479 3418 eapite
502 3361 558 3401 non
577 3342 648 3401 nibil
667 3343 807 3402 inclinato
828 3344 979 3404 sitentium
995 3360 1058 3402 ser·

98 3425 171 3490 vat;
196 3427 231 3482 nt
253 3423 289 3481 ad
311 3441 362 3482 eos
384 3423 527 3483 attentius
547 3424 757 3499 cogitationem
782 3425 913 3495 referat,
943 3443 1018 3500 quos
1042 3443 1060 3482 a

86 3506 131 3562 ee
153 3499 216 3562 Deo
239 3504 464 3565 commendatos
487 3504 562 3564 vult.
586 3502 670 3564 llaec
692 3507 834 3583 precandi
857 3507 983 3568 tormuta
1006 3523 1060 3584 per

99 3583 229 3644 verbum
263 3583 413 3647 Memento
446 3591 590 3647 consonat
610 3603 679 3646 cum
702 3585 795 3649 Sacra
817 3587 994 3668 Scriptura;
1029 3590 1059 3648 in
