2517 4059
335 182 340 191 ·
435 147 664 216 wilti&-

90 274 199 335 nimium
222 273 391 339 adductus.
416 273 523 336 Sanet'o
546 275 694 353 Perpetuo
716 270 1027 351 Turonensi'Episco·

90 374 131 433 po.
152 357 200 431 qui
221 353 457 415 circamedinm
479 353 641 423 anlum
665 357 690 417 V
714 356 798 423 vixit,
816 354 894 416 illins
911 356 1027 415 institu-

88 439 184 497 tionem
215 436 559 514 adscribit31ejunium
589 456 643 515 pcr
672 445 734 499 tres
761 438 824 497 dies
852 436 882 495 in
904 434 1025 511 singulis

88 518 269 579 hebdomadis
300 522 370 577 arrte
393 517 514 580 Festum
538 520 570 581 S.
593 521 715 581 lllartr'ui
745 536 838 595 usqne
862 516 897 575 ad
919 517 1026 579 Natale

86 600 191 661 Domini
212 601 251 659 ab
276 600 381 660 eodem
398 601 506 661 Sancto
520 602 671 679 Perpetuo
687 602 871 679 propositum
888 606 1025 661 testatur.

86 681 135 743 aen
153 681 328 743 auctoritate
343 681 375 740 P.
392 682 541 751 Marione,
558 683 713 744 Adventus
730 682 847 741 initium
870 680 906 739 ad
924 698 1028 742 saecu-

86 766 137 825 lum
154 763 194 824 vl
217 762 383 823 referemus
398 774 417 834 ‚'
429 771 463 825 ct
482 763 626 826 Sanctum
649 762 830 842 Gregorium
854 760 1026 823 Pontificem

86 851 224 906 auctorem
248 845 488 914 affirmabimus;
510 865 604 923 quum
630 846 805 922 praesertim
829 844 865 903 ad
888 845 1026 904 eamdem

86 929 251 989 sententiam
277 926 466 997 Amatorius,'
477 932 508 988 et
529 928 630 987 Abbas
646 926 743 989 Berno
766 942 798 985 se
822 924 938 1001 penitus
960 944 1029 984 eon·

21 1069 22 1072 ,
86 1008 280 1069 formaverint.
294 1005 453 1069 Praeterea
469 1010 498 1070 in
510 1008 748 1069 sacramentario
761 1007 793 1067 S.
806 1008 941 1083 Gregorii
955 1023 1030 1082 qua-

21 1115 22 1158 3
87 1098 144 1151 tuor
164 1090 313 1150 Dominici
334 1090 397 1149 dies
412 1091 567 1151 Adventus
583 1092 785 1158 nominantur,
799 1089 907 1165 quibus
922 1088 1028 1148 deindo

21 1183 22 1252 l
89 1173 112 1231 in
131 1172 278 1247 aliquibus
300 1172 373 1231 locis
396 1173 530 1247 quintus,
554 1179 585 1233 et
606 1178 708 1233 sextus
724 1175 925 1237 accesserunt,
941 1170 1029 1250 jrrxta

21 1257 22 1264 ’
87 1250 176 1313 liiturn
199 1253 455 1323 Ambrosianum,
479 1255 532 1329 qui
554 1272 572 1313 a
594 1256 691 1331 prima
714 1252 869 1313 Dominica
893 1259 958 1327 post
973 1250 1029 1311 Fe·

21 1368 22 1402 2
87 1339 156 1395 stum
176 1332 209 1399 S,
233 1335 358 1395 llartini
391 1335 598 1395 celebritatem
621 1335 776 1395 Adventus
798 1334 936 1394 orditur:
963 1336 1029 1391 Am-

21 1448 22 1488 r
84 1417 223 1478 tronione
246 1415 399 1477 Adventus
421 1417 463 1476 ait
484 1414 663 1494 ltonotpnus·
677 1416 861 1489 Tnugrensis
876 1415 961 1473 babet
976 1432 1029 1475 sero

89 1498 264 1576 septimanos,
290 1509 317 1557 et
339 1498 446 1576 incipit
470 1497 627 1559 Dominicis
639 1510 703 1579 post
724 1495 845 1556 Festum
870 1493 901 1555 S.
919 1492 1031 1556 Morti·

88 1582 120 1637 ni.
145 1578 221 1639 Duos
243 1578 410 1639 Salvatoris
425 1579 582 1641 Adventus
598 1579 785 1658 perpendere
802 1594 972 1652 possumus,
990 1578 1029 1637 ob

21 1677 22 1680 ’
87 1678 149 1735 quos
162 1660 271 1720 Sancta
285 1660 383 1721 Mater
396 1658 529 1721 Ecclesia
546 1662 721 1741 hujusmodi
739 1658 942 1719 celebritatem
961 1676 1030 1719 con-

88 1742 180 1810 stitnit;
203 1740 284 1801 alter
306 1743 366 1801 iam
390 1744 553 1819 praeteriit,
571 1746 700 1804 alterum
717 1747 922 1818 expectamus.
939 1739 1032 1799 Primi

89 1821 227 1884 Adventus
254 1826 376 1883 nomina
400 1830 519 1900 tempos
534 1825 607 1884 illud
632 1823 816 1900 intelligitur,
834 1840 927 1898 quum
951 1838 1032 1880 mor·

21 1973 22 1978 η
91 1902 219 1966 talitatem
253 1911 388 1965 nostram
412 1906 465 1965 Dei
488 1903 581 1965 Filius
604 1906 719 1974 induit,
751 1910 781 1963 et
802 1903 1031 1963 acerbissimum

21 2042 22 2046 ,
90 1987 181 2045 mortis
209 2004 306 2063 genus
332 1987 463 2055 subivit,
488 1992 521 2046 ut
544 1986 725 2063 captivitatis
747 1986 898 2052 vinculis,
922 1984 1031 2059 quibus

21 2113 22 2118 ,
89 2064 241 2129 diutissime
265 2070 447 2129 tenebantur
461 2068 612 2139 homines,
629 2069 805 2128 vindicaret.
824 2064 961 2126 Secundo
978 2066 1031 2127 ite·

89 2166 144 2207 rurn
165 2150 304 2211 Salvator
325 2151 474 2218 adveniet,
499 2168 594 2225 quum
620 2151 657 2209 ad
674 2146 861 2210 formidabile
882 2146 1031 2225 judicium

21 2268 22 2316 p
90 2230 230 2291 universos
254 2232 393 2291 homiues
414 2233 602 2292 corrvocabit.
619 2232 695 2293 Eam
718 2231 757 2291 ob
772 2247 897 2289 causam
912 2235 946 2289 nt
959 2228 1032 2290 Pou-

21 2323 22 2390 l
90 2317 131 2384 gei
157 2314 185 2373 in
210 2313 373 2377 Catholicis
396 2314 777 2378 lnertrortomtonsmeiito
806 2312 962 2387 perpendit
984 2312 1032 2371 die

21 2392 25 2464 ζ
89 2392 170 2464 primo
193 2393 359 2454 Dominico·
376 2392 531 2455 Adventus
552 2394 626 2456 illud
649 2392 847 2471 Evangelium
872 2392 1032 2463 coniicitur,u

21 2469 22 2530 ἶ
89 2472 112 2529 in
130 2493 182 2550 uuo
203 2475 351 2554 majestas
375 2473 444 2537 lesu
465 2474 578 2535 Christi
600 2475 710 2537 Indicis
725 2474 917 2542 describitura
936 2490 1032 2549 quum

88 2554 187 2619 scilcet
207 2558 290 2619 nulla
315 2556 489 2618 infirmitate
503 2557 709 2619 circumdatus
725 2558 802 2617 siout
817 2556 845 2615 in
862 2558 958 2615 terras
975 2558 1033 2632 pri·

21 2658 26 2677 ³
89 2652 129 2697 mo
147 2640 277 2701 venienti
299 2639 435 2713 contigit,
453 2639 505 2699 sed
529 2640 606 2700 coeli
629 2640 756 2701 nubibus
774 2636 914 2708 insidens,
931 2642 962 2697 ot
977 2640 1033 2699 im·

89 2733 178 2780 menso
199 2720 281 2791 beati
304 2722 451 2796 corporis,
475 2720 701 2799 majestatisque
724 2720 837 2781 lumine
860 2719 1031 2781 circumtul-

88 2803 203 2875 gennad
225 2820 321 2882 genus
342 2802 501 2863 hominum
523 2801 723 2880 judicandum
745 2799 915 2861 descendet.

110 2880 156 2949 ll.
166 2885 324 2947 Adventus
339 2884 423 2958 velut
435 2886 583 2959 quaedam
598 2879 713 2944 Natalis
728 2879 966 2957 Quadragesima
981 2880 1038 2941 ha·

21 2987 22 3030 3
89 2958 155 3024 bitus
165 2966 230 3037 luit,
245 2965 444 3042 qnadraginta
459 2966 694 3044 praeparationis
709 2962 813 3023 diebus
824 2961 928 3021 Natale
951 2980 1034 3038 prae·

90 3044 336 3118 radentibus‚.non
358 3063 494 3110 secusne
508 3046 743 3125 Quadragesima
760 3044 979 3121 praeparationi
996 3042 1033 3102 ad

89 3121 186 3189 vaano
204 3125 383 3189 inservitis
398 3131 498 3206 primo
512 3148 550 3189 ex
560 3127 681 3207 Regula
696 3126 901 3203 Chrodugangi
918 3130 1034 3201 specta·

90 3220 154 3275 mus,
166 3212 215 3286 qni
237 3210 394 3271 Canonicis
417 3212 479 3270 suis
503 3212 687 3277 mandatori
709 3208 876 3269 otronsitrv
892 3205 1031 3274 Martini,

89 3302 165 3365 smne
180 3292 219 3350 od
234 3290 345 3352 Nalote
361 3292 485 3352 Domini
509 3313 530 3352 a
543 3311 632 3352 corne
648 3292 827 3355 obstineant.
846 3300 872 3350 et
886 3307 977 3367 napus
993 3288 1032 3349 od

91 3362 192 3432 Nonum
202 3376 354 3454 je‘unent.
381 3372 414 3431 lu
436 3371 618 3434 Kalendario
639 3374 719 3449 quod
737 3370 912 3447 praeligitur
928 3371 1034 3433 Sacra·

91 3396 1036 3534 montorio{latoldiAbbatisCorbejensisXVlllKalendaoNo·

89 3534 204 3596 vembris
219 3541 341 3597 notatur
361 3534 597 3614 Quadragesima
608 3534 797 3599 anteDlatale
814 3534 944 3595 Domini.
957 3534 1030 3597 Con·
