2517 4059
476 211 697 281 *927¹*

407 456 412 463 ·
484 422 608 483 CAPUT
629 421 685 483 xl.

450 604 492 647 pe
513 564 707 646 curreretis.

143 749 170 808 1.
198 747 451 811 Chirotlrecarum
481 752 509 809 iu
531 750 664 809 Ecclesia
699 768 807 816 usum,
831 760 923 816 sunt,
948 756 997 827 qui
1020 755 1060 815 ab

98 831 262 907 Apostolis
284 834 356 909 ipsis
377 832 550 891 deducunt:
579 830 821 893 Cirirotlrecorom
842 850 912 892 usus
932 834 968 893 ab
983 832 1057 912 Apo·

96 915 188 973 stolis
213 924 254 972 est
280 915 430 985 traditum
451 915 547 990 inquit
569 910 721 971 Honorias
737 914 1013 985 Augustodunensis
1028 918 1059 975 in

98 1013 154 1055 sua
183 994 312 1056 Gemma
337 999 457 1056 Animos
472 992 534 1054 Lib.
561 994 578 1053 1
602 994 708 1073 capr
729 1004 755 1054 et
781 995 856 1072 Cup.
877 993 992 1058 CCXV
1010 998 1059 1059 cui

96 1078 273 1136 sententiae
285 1075 550 1154 adhaerentiiugo
568 1076 745 1143 Victorinus,
761 1073 822 1136 Lib.
836 1076 857 1136 I
868 1076 1060 1139 Eruditioois

100 1155 299 1235 Theolopieoe
311 1158 345 1218 de
357 1160 566 1227 sacramentis,
587 1157 663 1235 Cep.
676 1156 733 1226 1V‚·
748 1157 914 1229 Duraudus,
932 1158 998 1221 Lib.
1015 1159 1059 1221 ΙΙΙ

96 1238 277 1300 Rationalis
302 1241 378 1320 Cep.
402 1239 478 1308 XII,-
498 1239 603 1315 loseph
627 1240 823 1310 vicecomes,
848 1239 911 1301 Lib.
936 1239 993 1301 111
1014 1242 1059 1303 De

96 1322 212 1383 ritibus
227 1324 342 1388 Missos,
363 1323 437 1401 Cap.
455 1319 546 1381 XXX
550 1320 618 1389 Vn,-
634 1319 808 1383 Emmanuel
824 1321 980 1392 Gonzale2‚
998 1323 1059 1385 Bu·

96 1401 245 1480 {angerus
268 1402 330 1463 Lu.
355 1403 529 1483 lepusculo
552 1404 594 1463 W
611 1408 642 1463 et
665 1405 714 1463 alii
737 1406 917 1481 complures.
942 1405 1058 1467 Verum
1146 1438 1150 1447 ·

97 1504 170 1545 cum
197 1486 312 1545 nullum
334 1494 418 1546 extet
432 1486 589 1561 vestigium
604 1484 652 1545 rel
669 1486 745 1562 apud
770 1490 881 1562 priscos
898 1486 1057 1553 Auctorem,

96 1570 147 1628 vei
172 1569 203 1626 in
221 1568 345 1627 musivis
360 1569 502 1645 operibus
522 1568 745 1631 vetustioribus,
758 1569 835 1643 quod
858 1568 988 1644 Apostoli
1006 1568 1058 1627 sci·

97 1648 173 1709 licet
195 1649 370 1709 Chiroteces
391 1652 547 1726 gestarint,
570 1650 662 1725 gratis
685 1650 823 1710 videntur
844 1650 872 1709 id
895 1651 1059 1711 asseruisse

97 1731 231 1807 praelati
254 1733 425 1808 scriptores.
443 1730 537 1791 Porro
552 1730 676 1791 inficiari
693 1748 744 1790 nus
760 1732 881 1791 minima
896 1731 1053 1801 audemus,

96 1815 173 1888 quin
198 1814 275 1873 haec
299 1814 447 1889 praeclara
470 1831 613 1874 manuum
631 1814 773 1890 tegmina,
791 1814 851 1873 sive
874 1818 1055 1889 guanlorum

96 1896 164 1955 sire
180 1895 447 1964 Chirothecerum,
464 1896 527 1955 sive
542 1896 725 1955 manicarum
743 1898 861 1953 numine
878 1894 1055 1971 significata,

97 1976 136 2036 ab
159 1996 239 2037 aevo
261 1977 319 2037 sint
332 1979 534 2054 antiquissimo
551 1976 766 2054 Episcoporum
782 1983 956 2036 ornamenta
970 1994 1055 2054 pecu·

97 2057 201 2129 liaria3
216 2065 246 2118 et
261 2060 290 2117 in
305 2063 398 2119 sacris
409 2060 562 2131 liturgiis,
576 2076 611 2116 ac
621 2058 825 2119 Caeremoaiis
841 2058 1057 2119 Ecclesiasticis

100 2158 157 2201 usu
176 2147 308 2215 recepta.
326 2142 358 2201 in
375 2142 469 2202 veleri
482 2140 570 2200 Missa
586 2140 718 2218 lllyrici.
742 2158 833 2217 quam
857 2140 981 2201 Saeculo
998 2139 1056 2203 Vll

98 2224 246 2299 scriptam
259 2223 368 2283 erarditi
384 2229 554 2292 collimant,
569 2220 627 2281 ubi
635 2220 799 2300 Episcopus
815 2240 897 2283 sacra
910 2222 1054 2294 lecturus,

98 2302 277 2364 Chirotecas
301 2305 415 2372 induit,
440 2306 518 2363 hauc
541 2305 646 2363 recitet
667 2306 862 2381 praecelioais
878 2305 1055 2365 formulam:

101 2383 231 2446 Creator
246 2388 336 2447 totius
351 2397 516 2453 creatorae,
530 2385 656 2464 clipeare
672 2406 715 2445 me
730 2385 889 2464 iadipoum
905 2388 1055 2464 samolum

98 2475 188 2528 tuum
210 2468 393 2527 indumentis
410 2469 563 2549 justitiae,
586 2477 614 2527 et
628 2469 764 2529 laetitiae
784 2467 936 2533 iuducere,
954 2478 989 2526 ut
1000 2487 1056 2547 po·

99 2549 145 2612 ris
157 2552 304 2611 mentibus
320 2561 388 2609 acte
399 2559 582 2627 conspectum
594 2559 682 2608 tcum
697 2550 830 2609 assistere
842 2567 957 2609 mereor
969 2566 1056 2607 moc-

100 2628 169 2691 dos.
197 2629 299 2691 Fuisse
322 2632 396 2691 haec
420 2650 563 2691 manuum
586 2636 758 2705 tegumenta
783 2648 839 2688 non
864 2632 959 2690 solum
984 2628 1055 2707 Epi·

100 2715 220 2789 scopis,
244 2713 295 2773 sed
318 2714 468 2773 interdum
491 2712 582 2773 etiam
599 2709 785 2791 Presbyteris
799 2713 981 2779 communia,
999 2711 1052 2770 ad·

99 2792 244 2854 discimus
266 2796 353 2868 piane
373 2795 411 2854 ab
428 2794 560 2855 Auctore
577 2792 734 2871 Anonymo
750 2795 777 2851 in
793 2792 986 2869 Eccpositioree
1002 2789 1051 2853 lo·-

99 2877 222 2953 torpiae
246 2874 424 2938 Gallicanae
445 2876 524 2952 apud
547 2874 729 2935 Matienium
752 2872 876 2934 lomoV
897 2871 1054 2934 Auecdolo·

101 2972 182 3026 rum‚
230 2976 278 3017 o.
304 2956 358 3017 99.

34 3049 36 3052 ’
141 3036 181 3099 ll.
205 2977 309 3112 guilis
330 3040 401 3098 olim
434 3042 533 3099 essent
564 3038 709 3098 materiae
730 3036 904 3099 Cliiroiecae
927 3018 1050 3114 Episco-
1120 3067 1121 3071 =

101 3134 231 3193 porum,
257 3122 375 3182 difficile
396 3127 442 3181 est
463 3118 599 3180 definire.
623 3119 724 3181 Bruno
746 3119 907 3199 Siguieasis
929 3115 1050 3194 Episco-

27 3239 29 3243 ,
101 3214 173 3273 pus,
198 3202 243 3261 De
266 3200 468 3263 &momentis
484 3200 654 3269 Ecclesiae,
677 3220 715 3262 cx
737 3202 796 3262 lino
819 3202 883 3261 illas
899 3199 1052 3261 coniectas

101 3279 189 3355 elicit,
213 3302 342 3361 eamque
374 3286 517 3345 rationem
546 3284 695 3359 assignat,
720 3291 753 3345 ut
781 3284 893 3343 scilicet
915 3299 1046 3349 manus,

101 3378 176 3448 quae
199 3366 284 3426 lineis
305 3366 495 3427 Chitotirecis
523 3365 709 3437 induuntur,
734 3372 831 3429 castae
858 3366 938 3431 siut,
962 3382 1049 3423 mun·

100 3442 154 3505 dae
184 3449 264 3516 sint,
287 3454 320 3508 et
351 3447 470 3509 nilidae.
494 3446 539 3507 Ex
568 3446 696 3506 Batonio
729 3447 768 3508 ecl
798 3464 910 3507 aecum
934 3443 1051 3507 Christi

101 3521 275 3593 Mecum
291 3536 311 3601 t
332 3527 380 3591 IX
395 3528 596 3591 Chirotirecae
612 3528 754 3604 ,cuibus
775 3530 908 3607 sepultus
923 3527 981 3587 luit
994 3526 1052 3587 Bo·

101 3608 223 3673 nilacius
246 3610 318 3673 Vlll
332 3617 421 3673 orant
440 3628 477 3671 er
492 3610 589 3670 serico
611 3610 679 3671 albo
700 3610 736 3671 sd
758 3629 845 3673 acum
867 3627 936 3671 cum
960 3608 1051 3687 phry-
