2517 4059
442 200 580 273 ermdbl
605 208 666 272 m·

75 333 302 409 scripturarum
326 345 400 407 quas
415 329 518 406 legunt
532 330 561 387 in
578 327 671 389 Missa
688 347 745 388 non
760 346 880 407 semper
894 329 1031 406 congruit

78 432 149 476 cum
173 409 303 471 editione
325 411 471 487 vulgata:
496 411 524 469 in
548 410 724 477 niseum,
748 417 779 471 et
800 413 976 486 praesertim
1000 410 1030 469 in

76 494 205 555 Psalmis
227 498 353 554 utuntur
376 493 513 552 versione
535 490 619 553 itala.
650 490 684 552 ln
708 490 872 551 Dominicis
894 491 1030 566 Quadra·

77 579 210 654 gesinrae
233 575 313 635 dicto
335 572 481 635 Dominus
503 573 680 639 Vobiscum.
706 591 808 649 preces
828 574 956 635 recitant
978 590 1031 653 pro

76 657 225 727 Ecclesia,
250 674 304 734 pro
319 652 473 722 Pontifice,
497 660 529 715 et
549 657 629 715 omni
651 654 752 727 Claro,
777 672 831 733 pro
846 655 1031 731 imperatore

76 750 107 805 et
128 740 226 816 Rege,
252 756 305 814 pru
320 738 402 797 omni
424 743 502 798 statu
518 736 688 808 bominum,
712 742 743 797 et
765 754 819 813 pro
839 738 966 797 diversis
982 754 1033 798 ue·

76 820 281 885 cessitatibus.
305 818 407 881 Cboro
421 821 468 879 vel
485 820 622 881 Ministro
638 820 675 879 ad
691 819 823 895 singulas
837 818 1033 894 respondente

74 903 205 970 Domine
227 903 383 967 miserere,
408 901 454 961 vel
477 898 570 978 Kyrie
592 901 715 961 eleison.
741 898 773 959 ln
787 901 835 960 dio
849 907 952 961 sancto
975 898 1031 961 Re·

77 984 273 1047 surrectionis
289 987 319 1042 et
341 998 394 1059 per
405 987 543 1043 octavam
569 980 597 1040 in
614 980 757 1041 Ecclesiis
771 981 943 1061 Collegiutis
959 983 1034 1043 duas

79 1066 189 1127 Missas
205 1070 336 1129 cantant,
351 1080 440 1123 unam
464 1081 517 1139 pro
543 1063 709 1138 baptizatis,
731 1064 857 1125 aiteram
880 1067 917 1125 de
932 1061 1032 1123 Festo.

77 1149 136 1209 Per
160 1153 252 1209 totam
275 1144 543 1222 Quadragesimam
568 1144 682 1205 nullam
705 1145 818 1206 babent
832 1147 961 1209 Missam,
980 1162 1033 1223 pro

77 1230 154 1293 teria
176 1234 282 1296 sexta,
307 1243 361 1285 nec
382 1228 536 1287 celebrant
557 1242 592 1285 ea
615 1227 687 1287 die:
712 1227 802 1303 idque
823 1230 945 1288 omnino
969 1246 1034 1303 pro

79 1312 179 1373 hibuit
200 1309 231 1371 S.
248 1307 374 1369 Carolus
396 1309 425 1368 in
449 1308 537 1368 tertie
560 1305 692 1385 Synodo.
717 1305 831 1369 Diebus
852 1308 1037 1371 seroDomi-

80 1393 167 1460 nicia,
192 1398 223 1456 ei
244 1392 308 1451 eliis
323 1389 554 1449 solemnioribus
577 1395 646 1451 ante
670 1387 837 1466 Epistolam
859 1392 967 1469 legitur
984 1389 1036 1452 Le·

81 1475 142 1536 ctio
166 1491 224 1535 uua
248 1490 286 1533 ex
308 1472 405 1531 reteri
427 1470 621 1531 Testamento
647 1489 718 1532 curn
741 1471 897 1548 psalmello
931 1476 965 1533 ut
985 1489 1039 1533 vo-

79 1556 285 1625 cant;.iustar
307 1550 465 1613 Gradualis
488 1550 627 1611 Romani.
653 1548 830 1614 lmmcdiate
852 1560 920 1615 ante
935 1570 1038 1613 conse·

80 1639 247 1700 orationem
265 1634 438 1712 priusquam
454 1635 545 1693 dicat:
564 1632 626 1709 (lui
637 1632 751 1714 pridie,
765 1635 881 1695 accedit
894 1635 930 1694 ad
947 1652 1040 1694 cornu

81 1718 248 1796 Epistulae,
271 1720 303 1775 et
323 1717 512 1776 summitates
527 1716 690 1795 digitorum
708 1715 789 1776 lavat
802 1722 832 1776 et
853 1717 983 1793 extergit
995 1715 1040 1775 ni·

81 1802 124 1861 hil
148 1801 262 1861 dicens.
285 1797 319 1857 ln
345 1795 478 1857 Ecclesia
502 1794 731 1874 Metropolitana
754 1798 811 1856 boe
827 1798 1040 1858 inlcrcaetera

85 1883 256 1961 specialiter
278 1878 469 1946 observatur,
493 1880 571 1955 quud
588 1879 746 1938 celebrans
768 1884 884 1939 canmia
907 1880 1041 1939 oratione

84 1982 177 2041 super
199 1960 354 2023 sindonem
378 1961 494 2019 medius
518 1960 594 2020 inter
618 1960 808 2031 Diaconum,
832 1969 862 2020 et
882 1960 1039 2021 Subdinco·

88 2064 173 2117 num,
191 2043 439 2121 praecedentibus
455 2041 575 2101 duobus
590 2040 751 2118 Acolythis
772 2060 842 2101 cum
858 2043 975 2103 dnobus
989 2059 1042 2103 va·

83 2131 126 2191 sis
150 2125 312 2204 argenteis,
336 2123 489 2185 descendit
511 2123 547 2182 nd
571 2123 739 2201 ingressum
762 2121 965 2203 presbyteris,
989 2124 1042 2183 ubi

86 2211 195 2287 recipit
215 2205 380 2267 oblationes
403 2206 487 2282 penis
509 2210 539 2264 et
555 2205 614 2263 nini
639 2207 870 2282 momentique,
894 2224 968 2281 quas
983 2205 1043 2267 duo

88 2310 175 2352 senes
197 2291 235 2349 de
249 2288 366 2357 schola,
390 2304 480 2363 quem
505 2293 613 2346 vocant
634 2284 665 2345 S.
684 2287 846 2354 Ambrosii,
871 2288 966 2347 induti
988 2288 1043 2346 lin·

87 2380 136 2433 teu
158 2371 240 2434 albo.
265 2371 410 2446 nigroque
433 2369 554 2443 caputio
578 2370 706 2429 caeteris
729 2369 852 2429 senibus
873 2369 1045 2430 comitanti-

86 2456 145 2515 bus
159 2454 303 2519 uiieruni,
327 2450 437 2525 singuli
454 2450 595 2508 videlicet
610 2455 672 2510 tres
687 2451 812 2517 hostias,
837 2458 869 2511 et
885 2451 1043 2510 vasculum

87 2541 265 2614 argenteum
282 2533 352 2591 vino
373 2531 441 2590 albo
466 2531 599 2607 plenum.
624 2531 694 2592 Post
709 2532 786 2593 baec
802 2532 985 2593 descendens
1006 2531 1044 2591 ad

87 2621 255 2696 ingressum
272 2613 359 2674 eburi
382 2611 529 2672 inieriuris
553 2615 660 2689 recipit
683 2615 842 2675 mulierum
866 2611 1043 2680 oblationes.

89 2714 165 2776 quas
188 2699 265 2759 duae
288 2698 361 2767 item
384 2696 517 2755 seniores
545 2695 652 2755 iisdem
674 2695 874 2758 caeremoniis
900 2694 1043 2756 offerunt.

88 2781 164 2842 Sunt
185 2786 216 2841 et
238 2780 295 2839 alia
318 2776 426 2842 multa,
450 2794 527 2852 quae
549 2776 587 2836 ab
604 2778 655 2836 illa
670 2776 777 2852 insigni
792 2783 824 2837 et
845 2777 1046 2838 celeberrima

89 2860 224 2922 Ecclesia
248 2858 371 2938 speciali
395 2858 454 2917 ritu
477 2858 697 2926 observantur,
727 2859 778 2918 scd
802 2876 854 2935 pro
876 2876 944 2919 meo
966 2856 1043 2917 insti·
1102 2930 1113 2943 ι

92 2944 254 3005 iulobaec
277 2956 372 3020 pauca
394 2938 557 2999 sufficiunt.

467 3098 594 3161 CAPUT
616 3099 674 3159 lx.

361 3280 403 3323 DE
424 3278 575 3323 urrisun
598 3279 786 3327 euthicetis.

102 3507 104 3509 Ι
135 3430 161 3490 l.
185 3428 319 3507 Liturgia
340 3425 492 3489 Gallicana
514 3432 561 3489 est
583 3426 655 3497 iila,
689 3444 766 3503 quae
798 3428 834 3495 in
849 3425 958 3488 Galliis
979 3431 1048 3486 aute

96 3510 251 3589 Pipinum,
274 3515 306 3571 el
326 3508 465 3571 Carolurn
488 3509 629 3587 Magnum
646 3508 753 3569 usitate
767 3513 845 3570 erat.
869 3507 935 3569 Non
956 3525 1048 3569 unam

98 3598 197 3655 lemen
220 3597 358 3663 lantum,
374 3590 425 3651 sed
441 3589 536 3666 plura,
562 3597 591 3651 et
613 3590 731 3651 diversa
754 3589 877 3653 luerunt
898 3588 1049 3668 exempla-
