2517 4059
481 193 705 266 &didm-

125 320 194 384 tuidi
210 320 327 384 Saecuii
342 322 386 394 X,
410 315 440 384 et
455 325 482 384 in
499 323 740 386 Sacramentario
755 323 925 386 Trevircnsi
938 324 1076 404 ejusdem

123 405 248 468 saeculi.
272 402 372 483 Hujus
388 408 524 468 meminit
539 407 741 484 morologus,
763 413 796 468 et
808 407 1000 468 Caniusiani
1019 407 1077 468 idi·
1166 429 1171 438 ¹

124 485 243 564 oroiogo
264 490 349 548 ooevi
371 488 450 550 hanc
473 491 639 551 orationem
661 506 793 565 semper,
815 491 953 550 etsoionr
970 490 1077 550 recita·

122 574 215 637 runt3
240 569 325 630 sicuti
347 577 378 632 et
397 569 607 638 neminimus,
631 572 683 649 qui
697 588 715 631 a
728 568 976 634 cisterciensibus
992 571 1074 633 hunc
1110 633 1116 646 ,

122 650 213 712 etiam
236 669 323 712 usum
340 657 565 724 mutuaverunt.
589 653 691 714 Tertio
705 655 750 712 est
764 655 929 730 Percopts'o.
951 650 1031 714 oum
1046 672 1078 716 e·

121 732 194 792 tiam
217 738 286 794 ente
308 734 508 810 sumptionem
537 733 768 802 Eucharistiae,
802 738 869 812 post
888 751 980 810 quam
1003 736 1077 796 dixit

13 865 15 892 f
121 811 278 876 Sacerdos:
302 816 504 876 semineces
517 835 582 878 sum
599 817 719 895 diones,
742 821 802 876 etc.
825 816 971 877 submissa
989 834 1075 886 voce,

12 895 15 976 ξ
121 896 170 956 vei
194 897 289 972 potius
313 902 411 958 mente
427 897 547 960 dicebat
560 899 638 960 hanc
656 896 843 959 Orationem:
866 896 993 960 Domine
1007 898 1075 959 iesu

12 977 14 992 '
126 975 241 1040 Christe
264 977 303 1038 dc
323 978 414 1049 miti,
438 990 465 1040 ct
485 981 618 1042 omnibus
640 979 774 1059 fidelibus
796 981 857 1041 tuis
878 981 1019 1058 prusiam,
1043 988 1076 1040 ut

119 1056 198 1119 sicru
219 1068 247 1119 te
267 1061 397 1120 ericium
416 1060 550 1122 uidemur
572 1073 598 1123 te
614 1064 778 1123 revolutum
799 1061 913 1128 cidere,
936 1073 964 1123 ct
979 1062 1013 1122 in
1026 1077 1076 1122 ue·

121 1149 242 1204 manum
265 1159 332 1202 cum
353 1143 488 1204 omnibus
509 1141 618 1204 Etesiis
639 1144 701 1204 tois
722 1143 849 1205 loedere
870 1159 1051 1206 mercemur.

445 1263 748 1368 esrur‘xxxru.

348 1485 391 1530 DE
413 1436 607 1532 sscuaoorls
626 1485 844 1531 ΟΟΙΙῦΝΙΟΝΒ.

375 1575 378 1582 v
547 1573 559 1595 ι

162 1629 189 1693 1.
212 1627 400 1694 Momentum
423 1631 543 1696 tandem
565 1632 666 1702 adest,
690 1651 751 1710 quo
772 1629 916 1694 Sacrificii
938 1648 1077 1714 copsum·
1197 1655 1203 1666 ·

121 1713 215 1774 matio
238 1714 411 1791 peragitur,
440 1715 584 1792 adestque
606 1715 731 1791 proinde
755 1721 898 1791 tempus,
927 1713 1077 1793 quocies

9 1837 10 1872 3
119 1794 317 1871 participandi
340 1794 487 1873 cupiditas
509 1802 666 1874 augeatur.
694 1795 723 1856 Si
746 1795 907 1862 Christus,
935 1813 996 1871 uuo
1020 1813 1076 1858 nos

9 1877 11 1954 i
119 1893 225 1938 amore
248 1876 523 1954 complectebaturr
542 1884 693 1956 postremo
715 1875 860 1939 Paschate
880 1877 963 1938 uesci
984 1877 1076 1939 rehe-

9 1957 11 1982 *
117 1961 236 2024 menter
259 1958 362 2038 cupiite
387 1977 440 2018 rsus
454 1975 526 2022 sane
542 1960 597 2036 ipsi
613 1961 713 2021 multo
730 1957 1076 2022 vehementiusderscu·

8 2051 10 2106 t
118 2040 238 2116 tiusque
261 2041 447 2118 aspiremus,
471 2047 606 2118 oportet,
629 2049 664 2103 ut
683 2058 844 2103 vescamur
865 2043 923 2103 hoc
945 2042 1074 2119 pretioso

116 2117 286 2193 Paschete,
311 2122 392 2200 quod
413 2123 505 2184 animi
528 2124 620 2186 nostri
642 2125 703 2186 uite
725 2131 789 2193 est3
811 2130 903 2200 atque
917 2122 976 2184 hoe
991 2129 1075 2188 certe

8 2197 9 2230 r
116 2200 185 2264 loon
208 2205 247 2264 ita
270 2205 521 2280 comparatiesse
543 2205 708 2276 debemus,
736 2213 770 2267 ut
791 2207 890 2268 dicere
909 2222 983 2266 vere
1005 2221 1075 2282 pes·

114 2284 232 2346 simus:
256 2304 308 2348 oor
328 2304 446 2348 mcum.
471 2296 499 2347 et
521 2303 591 2349 coro
613 2306 682 2348 meo
702 2291 838 2349 musam
859 2289 895 2348 irs
915 2285 1012 2352 uun
1026 2287 1071 2350 oi·

115 2385 196 2436 cum.
221 2365 364 2429 Sacerdos
387 2367 477 2444 igitur
502 2367 699 2454 genuflectit.
728 2372 845 2447 surgit,
875 2374 906 2429 et
926 2369 1075 2432 suenum

115 2465 190 2510 uoce
213 2449 417 2510 dicturusne
440 2453 588 2512 coetestem
609 2451 758 2530 occipiunt
780 2460 809 2526 ct
824 2450 1075 2514 comendentes·

114 2531 269 2592 inocoobo.
300 2528 358 2590 Pro
376 2548 487 2610 ponem
512 2533 684 2602 coetestem,
714 2533 743 2594 in
764 2531 877 2611 lllyrici
898 2532 1012 2599 Missa,
1041 2531 1072 2594 in

117 2609 316 2674 Trecensibus
332 2610 503 2672 Missalibus
518 2613 638 2674 duobus
653 2615 865 2690 manuscriptis
882 2629 942 2674 uno
957 2612 1071 2676 saeculi

115 2691 162 2754 lX
184 2695 278 2756 altero
294 2693 325 2754 X
348 2693 467 2768 iegitur:
491 2691 566 2754 Ecce
582 2693 650 2754 Isse
663 2696 881 2773 deoipnissimu
905 2694 983 2772 qood
1003 2713 1071 2756 oon·

116 2776 236 2856 cupivi,
256 2778 324 2856 jam
345 2774 446 2845 uideo,
469 2775 547 2854 quod
567 2777 697 2856 morou,
716 2780 784 2857 jam
805 2786 889 2838 teneo
900 2798 910 2845 ‚-
932 2777 1001 2838 triac
1016 2777 1071 2840 stoi

117 2875 239 2936 quaeso,
259 2857 432 2938 iuniperis
453 2859 562 2928 coelis,
587 2857 664 2936 qood
686 2869 771 2920 tuom
796 2858 921 2936 Corpus,
946 2867 973 2918 ct
994 2857 1073 2921 Son·

116 2941 235 3016 quinem
258 2939 392 3017 quemuis
412 2936 556 3016 indipoor
578 2959 647 3000 cum
668 2939 778 3018 predio
798 2941 926 3019 suscipio
953 2941 989 2999 io
1012 2944 1096 3002 ior-f

114 3020 169 3080 ris.
192 3018 253 3082 Aac
275 3019 309 3079 io
325 3035 428 3080 cecum
444 3019 637 3084 Sanctiuimo
658 3037 740 3093 coro,
761 3035 830 3082 meo
849 3021 1070 3100 inperpetuum

113 3118 231 3162 summo
244 3099 379 3164 dulcedo.
405 3099 505 3161 Verba
522 3103 631 3162 Pacem
646 3102 872 3165 codesrcmetc.
894 3102 1071 3179 deprompta
1131 3181 1146 3198 ⁶
1190 3136 1194 3143 ·

113 3188 184 3248 sunt
204 3202 241 3244 ex
263 3181 382 3244 Psalmo
406 3180 475 3246 115.
499 3181 617 3258 Quibus
638 3184 838 3248 verbissuam
853 3181 957 3250 fidem.
979 3202 1075 3248 suum·

105 3283 185 3343 erga
201 3265 301 3326 lesum
317 3261 469 3332 Christum
485 3282 622 3328 amorem
638 3265 760 3328 excitat.
777 3263 890 3327 Deinde
900 3283 975 3327 voce
990 3264 1071 3343 paui·

110 3345 207 3410 iuirrm
229 3347 352 3409 elatiore
375 3353 420 3408 ter
442 3346 534 3414 dicit,
558 3348 731 3425 percutiens
753 3352 856 3424 pectus
877 3364 985 3411 snum:
1009 3345 1071 3408 uo-

110 3429 192 3488 mina
214 3447 275 3488 non
295 3447 361 3490 som
383 3427 492 3506 dianus
513 3439 547 3489 ut
567 3427 662 3492 intres
682 3430 734 3491 rud
757 3436 868 3490 tectum
889 3446 998 3496 mecm,
1020 3427 1071 3491 red

110 3519 229 3572 tuntum
251 3508 298 3571 dic
312 3510 398 3592 cerdo
413 3519 439 3573 et
456 3508 612 3574 sonabitur
632 3512 738 3572 ocimo
752 3527 831 3572 mco.
854 3508 888 3570 in
905 3509 987 3598 hunc
1002 3527 1077 3575 rao-¹

112 3591 184 3656 dum
207 3597 347 3670 precatus
367 3597 413 3654 est
434 3591 576 3656 Centurio
599 3609 653 3670 pro
667 3589 780 3662 famulo
802 3597 987 3670 aegrotantes
1008 3592 1069 3655 iio·
