2517 4059
494 244 551 301 efen
574 234 635 291 :lat
656 242 708 299 aaa

128 378 278 437 pauperes
301 362 528 437 colligebantur.
546 361 588 419 De
608 362 750 430 collectis,
775 363 886 439 inquit,
910 382 986 442 qnae
1007 365 1084 443 fiunt

127 446 162 500 in
179 442 311 507 Sanctae,
337 442 412 501 sient
434 440 585 501 ordinarit
599 440 740 501 Ecclesiis
756 442 906 512 Galatiae,
929 446 974 504 ita
996 459 1023 507 et
1036 466 1084 509 oos

128 523 240 601 facite,
264 533 378 582 utnon
401 542 467 583 ram
489 541 621 592 renero,
647 534 717 583 tnnc
742 523 887 585 Collectae
907 527 992 606 fiant.
1016 526 1083 590 Hae

128 622 203 663 vero
226 605 432 663 indicebantur
455 606 529 663 intra
551 604 711 663 Missurum
734 606 889 671 solemnia,
913 615 943 667 et
964 610 1084 684 saepius

129 688 158 744 in
175 686 318 745 Sermone
344 703 395 761 pro
411 686 545 745 subsidio
568 686 778 763 indigentium,
796 690 858 747 sive
880 688 916 746 ad
934 691 1084 750 redimen-

128 768 183 827 dos
206 768 360 842 captivosr
384 768 421 827 de
444 783 502 842 qua
527 785 559 826 re
580 768 690 826 ditiuse
713 773 822 827 tractat
835 767 992 830 Ferrarius
1014 769 1080 831 Lib.

129 848 142 908 1
166 847 200 907 de
224 850 287 908 rita
301 849 467 910 Sacrorum
485 849 667 910 Canetonum
689 848 762 926 Cap.
780 847 831 909 26.
849 849 1004 927 Accipiter
1019 857 1082 911 lan·

128 930 196 989 dem
217 930 360 993 Calleetae
384 947 491 988 namen
515 944 570 1003 pro
593 929 676 989 brevi
700 931 846 999 oratione,
870 949 959 1007 quam
977 931 1082 991 Sacer-

128 1010 182 1077 dos
205 1013 330 1071 salutata
353 1013 464 1087 populo
487 1010 604 1075 recitat,
621 1028 698 1086 quae
722 1012 788 1071 ideo
807 1012 936 1074 Collecta
958 1014 1083 1083 dicitur,

127 1094 198 1169 quia
222 1093 331 1169 populo
355 1094 382 1150 in
406 1110 498 1152 unum
521 1100 712 1168 congregato.
735 1094 904 1153 etcallecto
926 1096 1081 1155 recitatur:
1143 1088 1148 1095 ’

126 1174 175 1232 vel
199 1176 267 1250 quia
291 1173 436 1233 Sacerdos
467 1173 612 1247 legatione
639 1175 718 1250 apud
740 1173 839 1234 Deum
867 1194 922 1252 pro
944 1178 1084 1236 omnibus

45 1320 47 1323 .
127 1252 254 1331 fungens
277 1256 408 1314 omnium
425 1259 492 1313 vota
517 1255 545 1311 in
569 1272 661 1313 unum
679 1254 802 1330 colligit:
826 1259 874 1315 vel
891 1257 960 1333 qnia
983 1275 1020 1315 ex
1037 1276 1083 1318 se-

127 1336 213 1397 lectis
236 1335 345 1396 Sacrae
367 1336 566 1412 Scriptnrae‚
598 1343 628 1395 ct
649 1332 804 1395 Ecclesiae
825 1339 924 1397 verbis
946 1355 1083 1415 campen·

13 1484 17 1491 ,
122 1418 209 1477 diosa
227 1418 374 1478 brevitate
390 1418 553 1494 colligitur:
578 1417 625 1476 vel
643 1419 710 1493 qrria
727 1436 830 1477 omnes
846 1420 980 1478 collectis
1003 1422 1083 1479 unio·

128 1501 173 1558 nis
196 1498 322 1559 allectus
348 1518 444 1567 suos,
473 1504 503 1558 et
526 1505 657 1558 mentem
686 1498 721 1556 ad
745 1498 842 1558 Deum
875 1502 1023 1559 attollunt.
1048 1500 1082 1559 ln

127 1581 269 1639 eumdem
293 1598 411 1640 sensum
436 1578 608 1639 Valalridus
631 1579 739 1638 Strabo
762 1580 797 1637 de
821 1580 917 1639 Rebas
939 1579 1083 1641 Ecclesia·

96 1660 98 1667 '
127 1661 209 1721 stiria
230 1661 303 1739 Cap.
325 1660 378 1720 22:
402 1660 494 1728 Iade,
519 1662 570 1727 ait,
600 1659 759 1720 Orationes
781 1661 879 1721 dietae
900 1672 969 1720 sant
993 1664 1082 1724 Calle-

128 1752 204 1807 ctae,
223 1747 294 1821 qnia
310 1746 490 1802 neccesarius
506 1760 610 1801 earam
628 1743 787 1817 petitiones
802 1742 1007 1821 compendiosa
1021 1745 1083 1801 bre·

125 1825 218 1883 saltate
242 1825 416 1901 colligimus.
441 1824 633 1883 Innocentius
657 1822 711 1890 Ill,
736 1822 802 1881 Lib.
828 1822 855 1882 Il
879 1820 1082 1900 deMysteriis

126 1903 238 1964 Missae
259 1903 328 1982 Cap.
346 1904 403 1972 27;
427 1911 459 1964 et
481 1905 605 1964 loannes
619 1904 739 1970 Beletln
756 1904 822 1962 Lib.
840 1903 875 1962 de
891 1905 1009 1964 Divinis
1030 1903 1083 1981 Os-

126 1986 203 2065 ficiis
225 1985 298 2063 Cap.
323 1985 362 2045 37
386 1986 544 2047 Colleclarn
573 1986 695 2062 proprie
718 1986 776 2043 dici
798 1984 903 2045 volunt
923 2004 991 2045 eam
1014 2003 1082 2045 ara·

126 2069 250 2132 tionem,
268 2086 345 2144 quae
369 2068 438 2126 olim
462 2086 554 2144 snper
569 2065 713 2143 populum
737 2065 802 2125 lieri
818 2067 943 2132 solebat,
961 2067 1081 2144 qrrando

126 2149 270 2209 collectus
294 2151 321 2207 in
346 2167 436 2207 unrrm
453 2154 520 2207 erat
541 2166 609 2205 cunr
634 2149 773 2208 raniverso
789 2146 876 2208 Clero
898 2148 927 2205 in
951 2166 1009 2208 una
1025 2146 1081 2207 Ec-

125 2230 227 2295 clesia,
253 2234 286 2289 ut
307 2230 342 2289 ad
359 2230 446 2289 aliam
469 2229 658 2305 procederet,
675 2230 704 2288 in
720 2246 778 2306 qua
799 2231 887 2290 statio
903 2231 1080 2289 celebranda

125 2315 201 2371 enat.
216 2310 298 2370 Tunc
314 2312 393 2371 enim
410 2308 588 2387 Episcopus
612 2310 676 2369 sive
692 2310 837 2370 Sacerdos
858 2310 982 2371 collecta
998 2312 1079 2370 omni

125 2389 328 2453 multitudiue.
346 2394 429 2453 brevi
452 2394 587 2451 oratione
611 2410 701 2468 snper
716 2392 861 2475 populum
884 2393 927 2451 uti
944 2392 1077 2459 solebat:

126 2492 164 2533 ex
186 2480 244 2548 quo
261 2471 325 2533 fieri
349 2474 445 2549 potuit
467 2479 501 2533 ut
521 2474 557 2532 ad
581 2473 713 2550 reliquas
735 2470 907 2547 hujusmodi
929 2475 1080 2534 orationes

129 2554 277 2616 Collectae
299 2572 406 2613 nomen
429 2555 599 2614 dimanarit.

168 2634 223 2695 ΙΙΙ.
247 2634 277 2693 S.
296 2634 431 2695 Pontifex
447 2634 631 2695 Caelestinus
655 2636 683 2692 in
705 2635 839 2711 Epistola
861 2634 896 2693 ad
912 2632 1078 2694 Galliarum

125 2714 290 2793 Episcopus
313 2716 347 2775 de
372 2715 484 2778 Gratia
507 2716 564 2775 Dei
585 2732 646 2784 ea,
674 2732 751 2791 quae
774 2712 907 2776 sol'emns
929 2717 958 2774 in
985 2715 1081 2778 Colle-

125 2798 179 2858 ctis
199 2797 291 2858 alleo
307 2804 420 2875 petere,
438 2814 688 2864 commemorans,
705 2813 756 2856 eas
769 2794 928 2857 Orationes
943 2798 988 2857 'ab
1002 2797 1082 2872 Apo·

125 2880 250 2956 postolis
273 2881 396 2939 traditas
418 2879 536 2938 asserit.
554 2878 609 2939 Ast
630 2880 707 2938 haec
729 2876 931 2955 intelligantur
953 2878 990 2939 de
1011 2878 1081 2938 bre·

125 2960 213 3021 vibus
236 2960 293 3019 illis
308 2959 509 3027 Orationibus,
533 2960 642 3034 mribus
664 2959 767 3036 paucis
788 2959 889 3021 verbis
910 2960 1080 3019 continetur

126 3059 245 3101 summa
268 3060 386 3110 carram,
411 3059 489 3117 quae
510 3038 606 3101 aDeo
630 3042 754 3117 petenda
773 3045 851 3100 sunl.
870 3038 947 3099 lslac
968 3038 1080 3115 qrrippe

126 3127 198 3181 suut
219 3124 455 3199 antiquissimae.
490 3121 607 3182 Verum
645 3122 740 3199 quoad
767 3122 935 3190 Gallaecos,
969 3121 1079 3196 quibus

126 3220 206 3263 nunc
235 3206 264 3264 in
286 3205 383 3265 Missis
415 3204 554 3271 utimur,
579 3203 653 3263 istae
675 3220 732 3270 non
754 3204 793 3263 ab
818 3204 990 3278 apostolis,
1029 3218 1080 3261 ao·

124 3302 258 3361 rumque
282 3286 452 3345 immediato
467 3282 699 3343 Successoribu's
721 3289 790 3343 sunt
812 3282 1001 3360 repetendae,
1025 3283 1078 3343 sed

127 3383 145 3424 a
166 3363 286 3427 Gelasio
300 3368 434 3427 Romano
450 3362 604 3431 Pontiano,
627 3370 658 3425 et
680 3382 697 3422 a
719 3365 750 3424 S.
767 3362 924 3441 Gregorio.
941 3362 1078 3425 Gelasius

126 3448 225 3517 enim,
250 3453 324 3507 teste
347 3446 503 3509 Anastasio
525 3446 554 3504 in
577 3445 645 3524 ejus
666 3444 758 3515 Vita,
780 3448 851 3525 feeit
871 3445 1079 3507 Sacramnta·

128 3546 198 3587 rum
215 3529 426 3608 praefationes,
451 3535 478 3587 et
496 3524 665 3587 Orationes.
677 3523 857 3605 Gregorius
870 3534 946 3587 teste
966 3526 1079 3588 loanne

127 3606 258 3669 Diacona
274 3610 338 3671 Lib.
355 3609 384 3669 ll
395 3610 472 3696 Cap.
488 3608 526 3667 17
541 3626 577 3669 ex
592 3606 751 3671 Gelasianu
765 3607 873 3670 Codice
896 3608 990 3669 multa
1005 3608 1077 3669 sub·
1140 3635 1145 3641 ·
