2517 4059
564 185 790 260 «mitade

197 323 253 384 bus
267 318 423 398 exegetica
437 315 565 378 illustrat
579 317 702 396 insignis
717 315 851 394 Scriptor
864 314 1044 393 Augustiani
1060 313 1156 373 alum·

188 421 264 475 nus,
288 401 322 462 Ρ.
344 400 472 461 loauuas
492 397 676 460 Laurentius
696 397 777 460 Berti
798 399 836 458 de
855 394 1033 475 llreetepieia
1055 394 1155 456 Diaci-

192 485 291 564 plinio
311 482 347 542 T.
364 479 406 541 lV
429 479 495 540 Lib.
512 479 620 541 XXlll
640 481 714 556 Cap.
733 478 783 540 13.
808 479 885 540 Sunt
906 479 1002 539 etalii
1017 475 1156 555 ejusdem

197 563 427 627 sublimissimae
458 564 561 623 orandi
583 562 737 636 lermulac*
764 562 848 621 nobie
870 561 1011 622 divinitus
1044 576 1063 619 a
1084 559 1155 620 lesu

196 643 315 709 Christe
337 645 464 705 traditae
492 645 637 720 praeclari
660 641 900 722 Explanatores,
929 650 961 704 et
983 640 1154 720 Paraphra·

196 735 272 796 stae,
295 727 348 788 scd
370 725 533 786 recensitos
554 727 702 787 iudicasse
722 725 861 786 sufficiat.
1091 760 1094 761 ν
1245 770 1246 807 ;

241 809 283 877 ll.
309 808 463 883 Dignum,
492 814 523 866 et
542 808 725 869 conveniens
750 806 807 867 init
829 811 897 883 post
917 806 1069 866 actionem
1091 819 1156 864 san·
1245 834 1246 879 3

201 892 366 952 ctissimam
389 885 545 960 Sacrificii,
561 889 736 952 Orationem
760 889 880 951 recitari
903 905 993 963 quam
1017 886 1156 947 Salvator
1245 958 1246 965 ἵ

200 973 325 1042 decuit,
348 975 382 1031 ut
403 969 468 1048 ejus
490 971 686 1032 acerbissima
711 969 861 1030 Passionis
886 969 1054 1046 praemissa
1075 985 1157 1027 com-
1245 982 1246 985 ’

200 1054 422 1116 memoratione
450 1049 599 1114 Fidelium
623 1052 782 1132 petitiones
805 1052 922 1111 [acilius
944 1069 962 1110 a
982 1049 1049 1111 Deo
1072 1050 1158 1110 Patre

200 1135 338 1198 exaudiri
367 1139 552 1195 mereantur.
582 1133 693 1195 Errant
720 1140 821 1194 aetem
849 1133 900 1210 qui
927 1137 1034 1210 putant
1061 1131 1159 1208 hoca
1245 1202 1246 1209 ἵ

199 1218 348 1296 Gregorio
370 1215 479 1293 Magne
501 1223 647 1278 statutum
669 1214 785 1286 luisse,
808 1219 943 1276 veterem
970 1215 1105 1292 quippe,
1128 1219 1160 1273 et

200 1297 406 1376 Apostolicarn
429 1299 677 1359 consuetudinem
698 1315 763 1358 esse
784 1298 912 1372 ipsemet
926 1294 1094 1373 Gregorius
1116 1299 1160 1355 te·

201 1385 300 1442 statur
322 1377 387 1438 Lib.
412 1377 470 1438 Vll
485 1375 619 1456 Epistola
633 1377 686 1441 tt.
703 1377 908 1458 Hieronymus
923 1377 1014 1438 ctiam
1033 1378 1078 1438 ait
1090 1377 1159 1437 Lib.

205 1460 250 1523 lll
271 1460 417 1521 adversus
444 1459 619 1538 Pelagianos
646 1461 806 1538 Apostolos
827 1460 960 1536 quetidie
981 1457 1162 1535 Orationem

204 1543 394 1604 Dominieam
423 1541 530 1602 solitos-
547 1542 650 1604 dieere
677 1542 708 1601 in
731 1539 896 1604 Sacrificio.
920 1539 966 1601 De
986 1542 1086 1618 prisco
1107 1557 1162 1600 an·
1245 1534 1246 1557 ¹

206 1631 269 1686 tem
292 1624 385 1700 ipsius
405 1641 462 1684 usu
484 1625 513 1684 in
528 1623 638 1686 Missae
652 1623 854 1686 celebratione
869 1622 1074 1687 testimonium
1091 1639 1161 1698 per·
1245 1628 1246 1633 ’

203 1707 396 1768 bibentium
425 1721 530 1767 omues
550 1705 728 1784 Liturgiae‚
752 1711 817 1768 turn
839 1703 940 1766 Sancti
955 1705 1065 1766 *Patres
1086 1701 1164 1764 Gre-
1245 1742 1246 1753 κ

202 1788 290 1866 gerie
312 1787 506 1864 antiquiores.
530 1783 661 1866 Cyrillus
687 1786 983 1866 Hierosolymitanns
1007 1782 1164 1848 Coteebesi
1245 1804 1246 1817 ¹

201 1867 409 1948 Myrtapegieo
430 1867 461 1929 5:
486 1867 556 1930 Post
576 1870 660 1944 boec,
682 1869 789 1946 inquit,
813 1887 922 1947 nempe
944 1874 1161 1946 postcomme·

201 1953 402 2011 metationem
423 1949 574 2011 Fidelium
590 1949 821 2019 Delnncter'um
837 1950 968 2010 dicimus
985 1945 1162 2009 Orationem

202 2034 288 2094 illem
308 2049 400 2110 qoem
421 2032 563 2094 Salvator
577 2033 639 2094 ruis
654 2034 819 2111 Discipolis
839 2031 981 2092 tradidit.
997 2028 1159 2092 Caesarius

203 2113 390 2175 Arelatensis
411 2111 547 2174 Humilia
568 2113 628 2174 221
651 2131 731 2190 quae
753 2120 800 2176 est
820 2114 857 2176 de
878 2111 1030 2174 Sacrificio
1051 2112 1161 2174 Missae

204 2195 267 2254 ait:
302 2191 432 2268 Quande
463 2192 572 2255 Oratio
599 2195 763 2271 Dominico
791 2194 929 2263 dicitur,
954 2195 1020 2273 quia
1043 2195 1158 2270 estqui

204 2275 384 2343 humiliter,
408 2286 463 2337 ortt
483 2279 629 2338 veraciter
650 2279 790 2338 clament:
815 2277 937 2337 Dimitte
959 2277 1041 2338 reebis
1062 2275 1160 2335 debita

202 2365 316 2418 eostre.
341 2356 450 2418 Eidem
471 2355 608 2418 Ecclesia
636 2357 855 2437 praelationem
881 2359 972 2419 veluti
994 2357 1158 2434 quamdam

204 2437 391 2517 praemittit,
419 2445 454 2500 ut
473 2438 620 2500 Fideliurn
650 2441 758 2502 animis
783 2457 820 2501 ea
841 2441 1051 2501 observantiae
1071 2455 1158 2499 seusa

204 2521 369 2598 imprimat,
394 2521 502 2597 quibus
523 2539 575 2581 eos
597 2522 728 2585 imbutos
742 2540 808 2584 esse
825 2538 947 2582 neccsse
962 2528 1016 2586 cst,
1033 2528 1067 2582 ut
1081 2521 1157 2581 banc

206 2603 329 2679 precem
352 2601 389 2661 ad
411 2601 507 2662 Deum
531 2601 699 2675 conlerant;
716 2619 789 2664 curn
811 2604 892 2665 enim
910 2603 1035 2664 Patrem
1057 2602 1156 2664 dicere

205 2700 263 2742 uon
286 2683 445 2752 auderent,
469 2685 525 2744 nisi
547 2683 577 2742 id
600 2684 695 2762 ipsius
716 2684 853 2747 Christus
873 2685 1056 2746 mandasset.
1072 2682 1155 2746 erae

206 2765 277 2824 latio
305 2765 380 2824 haee
401 2766 605 2826 vetustissima
625 2773 683 2828 est.
699 2766 747 2827 Ad
769 2785 837 2830 earn
860 2766 976 2828 adludit
997 2765 1028 2828 S.
1051 2763 1156 2827 Hiere-

205 2845 1081 3009 itttttltdttatttttttitttitii
1095 2855 1155 3012 tt:

209 3008 352 3089 Corporis
375 3017 402 3068 et
426 3007 590 3087 Sanguinis
612 3010 789 3090 Sacrificio:
812 3010 903 3073 Peter
924 3020 1036 3079 uerter,
1059 3013 1110 3090 pai
1129 3030 1155 3072 er

191 3094 240 3152 ,ie
274 3089 382 3152 Coctia.
410 3090 445 3151 le
466 3091 603 3168 Liturgia
631 3091 664 3153 S.
687 3092 789 3154 Basilii
815 3092 962 3154 Sacerdos
989 3093 1155 3153 haecdicit

206 3169 442 3246 Praelatienem:
471 3171 609 3251 Digeere
637 3173 764 3234 Domine
790 3193 843 3236 coa
864 3183 892 3235 te
914 3171 1039 3235 Petram
1061 3173 1154 3236 Coele·

206 3264 279 3315 rtem
300 3254 462 3322 incerere,
486 3264 514 3314 et
535 3251 635 3315 dicere
657 3255 743 3317 Pater
763 3265 871 3318 norim.
893 3253 939 3316 lle
960 3254 1019 3316 lrac
1039 3253 1153 3318 Praela-

206 3337 288 3397 tieue
310 3333 476 3412 loquuntur
496 3333 604 3396 Elorus
626 3336 793 3413 Magister,
823 3339 852 3396 ie
876 3334 1070 3414 sseportuom
1089 3337 1153 3398 ltr-

205 3417 452 3486 scarbimirus,
478 3415 513 3476 de
534 3415 655 3478 Divinis
680 3415 811 3499 Officiis,
834 3417 1027 3488 melarius,
1050 3417 1083 3478 de
1106 3416 1152 3496 Of·

204 3498 284 3580 ficiis
305 3495 531 3558 Ecclesiasticie.
557 3497 663 3558 Brevis
685 3499 763 3579 haec
784 3499 931 3578 praelatio
945 3501 1150 3578 praemittitur,
1181 3573 1187 3581 ⁴
1225 3527 1229 3536 ·

206 3583 242 3638 ut
262 3577 408 3639 Sacerdos
429 3579 593 3657 agnoscens
615 3596 649 3643 se
663 3581 830 3660 indiguum,
848 3589 880 3646 et
892 3581 1072 3662 degenerem
1086 3601 1148 3663 pre·
1245 3610 1247 3614 ³
