2517 4059
457 180 661 253 iiiiii&-

85 308 280 369 ministrorum
309 318 456 389 apparatu
488 312 615 389 peragi,
644 330 735 388 quam
768 312 901 373 cilicium
932 314 1031 388 ipsum

85 390 287 451 benedictionis
315 394 450 453 oleorum
482 400 514 451 et
544 392 720 455 Cbrismatis
747 391 834 455 Furia
864 393 1029 453 VCoenae

83 462 206 533 il'ornini.
230 472 316 545 Quod
350 479 464 551 spectat
487 473 735 553 Presbyterorum
758 488 948 553 gournerum,
973 492 1031 534 nou

84 554 195 616 videtur
217 555 266 615 itte
289 555 361 613 oiim
384 561 479 615 status
512 555 677 633 fissisque,
700 555 752 617 scd
774 562 921 634 quotquot
942 574 1033 632 prae·

80 644 173 696 sentes
194 638 320 712 reperiri
343 643 501 715 poterant,
532 637 681 717 Episcopo
713 638 900 699 benedicenti
932 638 1028 699 sacris

82 718 210 779 restibus
231 717 330 778 induti
351 718 540 779 assistebant.
563 718 596 779 id
627 721 754 780 innuunt
782 720 976 781 vetustissimi
997 736 1029 779 o·

82 799 190 859 mnium
212 798 476 861 sacramentorum
500 799 607 867 Libri,
633 802 684 876 qrri
717 802 755 861 de
778 801 1028 878 Presbyterorum

80 882 279 943 assistentium
297 899 424 941 numero
441 882 480 941 uit
498 898 619 957 prorsus
634 881 790 944 definiunt.
804 880 893 942 Certe
908 883 939 943 S.
957 883 1028 944 Gre-

79 962 178 1039 gorius
204 965 234 1021 in
257 980 312 1023 suo
334 958 598 1023 sacramentorum
632 964 723 1025 Libro
748 963 860 1026 oratiam
885 966 922 1023 de
944 961 1031 1025 Pres-

80 1044 252 1121 byterorum
287 1060 414 1107 numero
444 1044 623 1105 mentionem
656 1046 736 1107 iacit.
770 1046 898 1119 Quiando
927 1054 1030 1106 antem

80 1127 207 1201 primum
231 1125 485 1203 Presbyterorum
507 1144 652 1187 numerus
684 1128 720 1187 ad
743 1128 961 1190 duodenarium
984 1144 1031 1187 re·

78 1206 179 1267 dactus
201 1208 259 1279 sit,
283 1205 401 1267 ditiicite
424 1211 470 1266 est
490 1206 684 1269 delinire-'Si
706 1211 773 1285 quis
793 1226 866 1270 vero
881 1209 1031 1270 curiosius

79 1289 264 1365 interroget,
287 1306 343 1349 eur
366 1290 394 1347 in
419 1290 480 1365 ipsa
502 1286 650 1350 Oieorum
676 1296 707 1350 et
727 1292 907 1352 Cbrismatis
927 1307 1031 1351 couse-

77 1370 206 1431 cratione
227 1388 266 1429 ex
280 1369 342 1447 jam
365 1372 567 1431 communiter
590 1380 711 1448 recepto
735 1372 857 1433 latinae
878 1372 1030 1432 Ecclesiae

76 1452 133 1511 ritu
155 1452 356 1511 duodenarius
378 1448 627 1528 Presbyterornm
657 1470 801 1513 numerus
827 1442 1028 1523 adhibentem

78 1550 137 1593 rem
159 1534 202 1593 ila
218 1534 350 1609 explieat
369 1530 671 1595 mutuatissime
691 1532 811 1618 Officiis,
833 1536 906 1611 Cap.
925 1532 1032 1595 XViil

75 1616 226 1690 Repertus
256 1615 356 1675 Abbas
378 1613 548 1674 Tuitiensis:
572 1613 741 1675 Duodecim
763 1616 947 1696 Presbyteri,
977 1618 1032 1693 oui

76 1696 262 1755 ordinentur
280 1700 374 1777 jectu
398 1694 574 1775 Episcopum
596 1707 704 1764 testes,
731 1709 758 1758 et
780 1697 933 1778 adjutores
955 1700 1032 1777 ejus·

76 1776 138 1835 dem
161 1774 323 1856 mysterii,
348 1777 505 1836 duodecim
529 1781 676 1854 Apostolos
697 1776 877 1860 siiuific'ent.
909 1776 947 1837 Ut
969 1779 1031 1855 pia·

76 1860 137 1920 nior
161 1857 224 1925 nac,
250 1860 398 1935 simulque
421 1858 557 1927 facilius,
584 1860 748 1921 innotescat
771 1862 846 1919 ratio
869 1860 958 1919 buius
980 1877 1032 1917 nu·

76 1942 148 1999 meri
173 1938 448 2017 Presbyterornm3
475 1940 677 2001 revocandum
700 1944 728 1999 in
751 1943 898 2001 memoria
920 1945 976 2005 est,
1001 1939 1031 2000 id

75 2023 171 2097 prisco
194 2022 287 2081 luisse
322 2024 349 2081 in
374 2038 458 2081 more
481 2020 638 2099 positum,
671 2031 704 2083 ut
726 2026 844 2099 qrroties
866 2020 1031 2100 Episcopus

76 2105 207 2164 solemne
237 2120 356 2163 sacrum
373 2111 488 2181 ageret,
513 2105 600 2163 toties
622 2106 736 2165 circum
759 2106 857 2182 ipsum
878 2105 1031 2166 adstarent

76 2200 175 2251 omnes
199 2184 373 2262 Presbyteri
396 2187 458 2245 suis
491 2183 586 2244 induti
609 2188 741 2246 vestibus
763 2188 879 2253 sacris,
915 2187 1031 2263 ipsique

77 2266 330 2333 concelebrarent,
355 2273 388 2327 ut
410 2265 444 2325 lit
468 2265 557 2324 bodie
580 2266 609 2323 in
634 2266 777 2329 Ecclesiis
798 2267 1027 2329 Orientalibus:

79 2346 228 2424 hujusque
262 2350 335 2407 ritus
357 2348 517 2424 vestigium
539 2346 689 2409 habemus
710 2351 790 2426 apud
812 2368 866 2409 uos
892 2352 921 2407 in
943 2347 1031 2408 Ordi-

79 2430 245 2489 nalionibus
276 2430 539 2509 Presbyterorum.
575 2427 743 2490 Adstabant
774 2450 898 2509 quoqrre
927 2448 1031 2494 omnes

78 2508 214 2577 Diaconi,
240 2508 441 2597 subdiaconi,
467 2511 619 2585 ceterique
642 2512 680 2571 de
701 2510 812 2581 Ciero,
836 2514 897 2572 suis
919 2512 1031 2587 qrrique

79 2594 206 2652 restibus
230 2594 322 2651 saeris
345 2592 451 2651 irrduti.
487 2588 615 2652 Proinde
640 2594 786 2655 babemus
814 2595 864 2654 bic
888 2611 1032 2654 venerans

80 2672 129 2733 dae
143 2674 329 2749 antiquitatis
341 2674 514 2748 uestigium.
539 2671 712 2753 Presbyteri
734 2683 842 2737 autem.
853 2694 934 2736 nunc
945 2675 1032 2735 adbi-

79 2754 181 2816 bentur
197 2771 323 2815 numero
347 2754 517 2823 duodecim,
542 2759 577 2813 ut
599 2757 771 2835 expressius
793 2758 965 2833 designetur
981 2773 1032 2816 nu·

80 2851 175 2906 merus
199 2835 415 2912 Apostolorum
438 2835 621 2907 duodecim,
646 2838 756 2915 quibus
778 2837 863 2900 iesus
891 2839 1032 2900 Christus

81 2918 228 2978 distribuit
248 2916 477 2977 Sacramentum
492 2913 636 2993 Corporis
657 2918 817 2995 sebonius
838 2919 895 2980 bac
917 2921 965 2979 die
987 2934 1031 2979 re·

81 3000 181 3067 celitur
207 3000 366 3059 institutio.
401 2996 521 3057 [liaconi
548 3016 621 3059 vcro
645 3006 677 3061 et
705 2998 884 3061 Subdiaconi
913 3001 1032 3061 adstant

83 3075 135 3151 bic,
158 3082 259 3157 inquit
281 3074 453 3141 Pontificaie
467 3080 650 3151 Romanum,
665 3094 700 3143 ut
720 3082 853 3143 ministri
875 3092 902 3142 et
922 3092 1033 3163 specte·

82 3171 161 3223 tores.
185 3162 263 3223 Sunt
278 3166 379 3221 autem
401 3179 528 3221 numero
543 3170 671 3239 septem,
693 3164 765 3240 qnia
780 3168 897 3242 septem
912 3166 1033 3225 omuino

82 3242 223 3304 Diaconos
245 3244 401 3319 elegerunt
416 3244 570 3319 Apostoli;
596 3246 631 3303 ad
655 3254 938 3321 quorum'normam
955 3248 1033 3307 miri-

83 3331 125 3388 tae
145 3327 218 3387 otim
236 3322 388 3385 Ecclesiae
410 3342 468 3383 non
485 3322 637 3387 habebant
653 3325 800 3389 Diaconos
816 3330 919 3407 plures
939 3348 1032 3407 quam

85 3411 208 3484 septem.
553 3468 555 3474 ,
819 3463 822 3466 ,

118 3486 169 3559 vt.
194 3488 310 3549 Omnes
326 3498 404 3562 pene
425 3487 508 3546 Libri
525 3486 711 3551 Pontifieaies
733 3508 769 3550 ac
799 3494 912 3569 antiqui
928 3492 1034 3553 Sacra-

87 3578 247 3633 mentorum
271 3569 395 3633 Codices
418 3571 583 3642 mandant,
609 3577 641 3633 ut
661 3570 770 3635 Oleum
792 3574 873 3651 quod
896 3572 1033 3633 larbrmo·
