2517 4059
455 210 660 281 &imm

95 345 120 399 et
138 340 252 399 interim
281 340 457 401 cantabatur
480 338 574 402 Pueri
597 340 813 401 Hebraeorum.
841 338 922 401 Duas
943 338 1036 400 habet

93 422 202 483 blissaie
223 422 432 493 Bituricense,
456 422 752 501 Augustod'rrnense,
778 424 982 500 Lingonense,
1006 427 1038 482 et

91 501 276 565 Ordinarium
293 504 503 567 Laudunensc.
528 502 592 566 Non
615 507 702 582 pauci
725 507 843 566 unicam
866 506 1032 565 dumtaxat.

89 584 261 663 Complures
276 588 425 650 orationes
446 604 498 647 seu
515 587 655 649 collectas
676 588 711 647 ad
728 586 845 647 Palmas
860 588 1037 647 benedicen-

87 669 135 729 das
146 670 279 729 continet
295 670 435 745 antiquus
449 667 532 729 Orda
547 668 710 731 Romanus.
729 668 774 729 Ex
796 671 936 747 precibus
958 684 1036 746 quae

86 748 198 811 Romae
221 751 310 811 hodie
331 756 402 813 sunt
423 752 451 809 in
476 769 543 817 usu,
569 752 698 822 videtur,
723 752 765 813 nti
788 752 928 812 observat
942 748 1036 811 Gran-

85 832 173 903 eoias,
192 833 271 909 qrrad
287 834 377 892 Missa
400 834 520 910 propria
544 852 599 911 pro
618 835 676 894 hac
699 834 905 894 benedictione
920 834 976 892 dici
991 849 1038 891 sa·

83 914 168 976 ieret.
195 915 281 987 Quod
305 920 459 983 remanet,
483 932 555 976 vera
577 915 668 977 Missa
690 922 735 977 est
757 934 853 991 usaue
885 916 921 975 ad
943 913 1038 974 Cann-

82 1016 174 1067 nem3
202 996 372 1074 Antiphone
395 994 539 1056 Hnsauna
560 1006 605 1058 est
627 1002 769 1074 tanquam
793 998 952 1064 introitus,
977 1011 1034 1056 una

80 1081 194 1140 dicitur
216 1078 347 1139 Collecta
370 1095 427 1137 una
450 1075 608 1153 Epistola,
633 1078 802 1146 Grabuale,
826 1080 1036 1158 Evangeiium,

80 1161 214 1222 habetur
236 1164 325 1221 etiarn
349 1158 507 1227 Praefatio,
532 1168 563 1221 et
584 1160 722 1222 Sanctus.
747 1162 886 1224 Affirmal
900 1162 1037 1222 Martene

81 1246 156 1304 salis
181 1243 323 1302 audacter
344 1242 372 1299 in
395 1260 485 1319 opere
508 1243 556 1301 cui
579 1244 704 1304 titulus:
728 1245 771 1304 De
786 1245 913 1321 antiqua
936 1242 1040 1303 Eccle-

81 1329 144 1387 siae
172 1323 333 1403 disciplina
355 1325 390 1382 iu
412 1324 521 1383 diuinis
549 1325 731 1385 celebrandis
764 1322 872 1407 Officiis
900 1325 973 1403 Cap.
997 1320 1038 1382 El)

78 1426 165 1469 num.
191 1406 211 1465 Ξ
242 1406 354 1467 nullum
384 1404 472 1483 hujus
500 1407 574 1467 ritus
597 1408 788 1468 benedicendi
810 1405 928 1469 Palmae
953 1423 1040 1481 repe-

81 1490 137 1548 riri
160 1489 323 1565 vestigium
357 1493 426 1546 anic
449 1494 587 1548 octavum
613 1507 766 1549 nanumve
792 1489 959 1550 saeculum.
983 1485 1040 1547 Cui

80 1572 250 1632 sententiae
272 1586 410 1647 magnam
443 1568 603 1631 adfirmare
626 1570 716 1631 tidem
739 1570 858 1631 videtur
889 1570 1039 1631 Kalenda-

78 1654 161 1713 rium
187 1654 353 1713 Romanum
379 1653 474 1711 octavi
497 1653 608 1712 saeculi
630 1672 648 1713 a
669 1651 818 1714 Frontone
841 1654 963 1720 editum,
988 1649 1039 1711 ubi

79 1752 187 1795 sermo
209 1734 332 1809 quidem
356 1731 389 1793 iit
411 1732 447 1792 de
469 1733 525 1794 hac
542 1735 708 1802 Dominioa,
733 1734 784 1795 sed
807 1736 844 1795 de
867 1734 1038 1795 Palmarum

76 1816 289 1879 benedictione
312 1816 433 1874 omnino
448 1816 564 1876 siletur.
590 1816 706 1877 Verum
722 1816 835 1876 iaililur
857 1815 1039 1891 sapientissi-

76 1918 150 1959 mus
173 1900 231 1959 vir.
256 1896 375 1957 Etenim
400 1898 427 1955 in
451 1896 693 1959 sacramentaria
715 1896 746 1956 S.
764 1895 903 1976 Gregorii
925 1895 1037 1973 Magni,

78 2000 98 2041 a
120 1980 288 2041 clarissimo
310 1978 454 2039 Menaria
477 1980 568 2047 edita,
593 1980 686 2058 hujus
708 1978 929 2041 Benedictionis
953 1996 1036 2038 men·

78 2065 193 2124 tionem
211 2060 276 2121 lieri
300 2062 487 2138 apertissime
509 2063 602 2139 liquet
624 2063 653 2120 in
667 2060 824 2132 Oratione,
849 2080 926 2138 quae
948 2059 1040 2121 Com·

77 2146 256 2205 munionem
280 2143 441 2220 piaeoedit,
459 2145 487 2201 in
504 2162 563 2221 qua
579 2144 643 2205 Deo
659 2144 778 2212 dicitur,
796 2150 829 2205 ul
843 2143 1038 2221 quemadmo-

78 2228 151 2287 dum
177 2225 281 2287 fideIcs
303 2242 334 2283 se
350 2224 390 2284 illi
406 2224 573 2287 offerebant
594 2244 630 2286 eo
652 2225 699 2287 die
720 2245 790 2287 cum
809 2224 961 2287 frondibus
976 2221 1041 2284 Pai-

79 2327 203 2369 marum
219 2313 248 2367 ct
259 2306 436 2376 Remorum,
455 2308 493 2367 ita
505 2308 598 2375 vellet
613 2326 664 2368 eas
679 2314 746 2386 post
761 2316 888 2368 mortem
905 2309 1039 2383 recipere
1142 2322 1151 2338 ⁴

79 2390 189 2470 palmis
211 2389 355 2448 victoriae
377 2389 578 2466 praecinctas,
602 2396 633 2450 et
654 2391 800 2451 bonorum
823 2408 949 2466 eperum
972 2389 1038 2448 iru-

79 2474 178 2533 ctibus
193 2477 364 2531 exornatos.
387 2468 549 2533 Praeterea
562 2490 622 2533 una
638 2477 753 2534 tantum
775 2477 842 2548 post
853 2471 1036 2551 Gregorium

16 2598 17 2609 ,
81 2552 203 2615 saeculo
226 2554 276 2613 hio
298 2554 373 2612 ritns
395 2553 553 2632 in·Angiia
574 2554 708 2631 vigebat,
732 2559 807 2613 teste
824 2554 985 2615 Aidheimo
1007 2553 1037 2613 in

79 2636 195 2698 Libro:
221 2635 254 2694 de
270 2632 421 2694 Laudibus
440 2636 572 2715 Virginis
593 2636 667 2713 Cap.
686 2634 735 2696 15.
759 2631 846 2707 Quod
869 2638 892 2696 si
914 2654 978 2695 rem
1001 2631 1041 2693 ai·

80 2720 141 2779 tius
164 2723 303 2793 repetere
327 2716 444 2793 piacet,
470 2718 610 2778 eumdem
635 2720 752 2785 ritum,
777 2718 868 2777 eliam
890 2718 1036 2795 Gregorio

16 2870 17 2875 η
82 2800 294 2875 antiquiorem,
320 2799 347 2857 in
364 2796 497 2859 Ecclesia
513 2798 699 2861 Occidentali
722 2799 814 2859 luisse
837 2800 1035 2860 inveniemus.

83 2881 161 2943 Nam
184 2884 215 2941 in
231 2882 470 2943 sacramentaria
484 2880 594 2942 Gelasii
616 2880 774 2943 Dominica
796 2880 884 2941 Sexta
906 2879 1041 2954 Quadra·

86 2966 217 3041 gesimae
238 2964 330 3025 habet
352 2962 433 3022 huno
456 2964 575 3025 titulum
595 2983 602 3021 ι
626 2962 785 3023 Damiuiea
809 2963 844 3020 iu
864 2960 978 3022 Palmis
1004 2959 1039 3019 cle

86 3044 226 3107 Parsiana
242 3046 375 3106 Domini.
399 3042 465 3117 Quo
482 3047 570 3122 titula
583 3064 654 3107 sane
671 3046 812 3105 docemur
832 3041 895 3120 jam
918 3050 988 3104 tunc
1011 3042 1040 3102 in

86 3125 251 3189 Romanam
275 3125 440 3188 Ecclesiam
463 3124 635 3188 Palmarnm
658 3128 747 3188 ritum
766 3128 919 3186 invectum
935 3124 1039 3187 inisse.

87 3206 119 3268 ln
140 3210 342 3271 vetustissimo
364 3208 547 3269 Kalendario
576 3206 729 3270 Ecclesiae
750 3207 928 3279 Romanae,
961 3209 1040 3286 qued

90 3291 215 3368 ipsemet
236 3290 372 3351 Martene
394 3296 496 3369 postea
519 3290 670 3367 evulgavit
690 3291 726 3352 T.
739 3274 783 3351 iV
810 3289 954 3350 Thesauri
968 3296 1043 3351 Aue-

75 3402 79 3419 ·
94 3371 253 3440 abatorum,
270 3373 410 3451 quodque
432 3373 496 3448 ipse
508 3372 733 3434 eruditissimus
746 3373 793 3432 vir
808 3373 925 3433 labente
936 3380 1041 3449 quarto

93 3456 137 3515 vei
153 3457 272 3515 incunte
294 3457 415 3516 saeculo
430 3453 458 3514 V
475 3456 532 3515 seri
557 3460 620 3515 lum
640 3454 833 3525 existimavit,
851 3455 926 3514 haec
942 3456 1043 3531 legun·

94 3538 313 3597 turzbomiuica
325 3535 487 3598 inPalmas
499 3556 517 3597 a
546 3537 578 3598 S.
588 3536 730 3597 Ioannem
741 3534 952 3597 iuLalerauis.
961 3534 1041 3594 Nulli

96 3617 190 3697 itaque
203 3619 324 3679 dubium
336 3635 404 3681 esse
416 3619 515 3692 debet,
530 3618 601 3697 quin
617 3619 668 3679 hie
679 3619 755 3679 ritus
766 3617 988 3694 antiquissimus
1002 3614 1040 3673 sit
