2517 4059
560 213 764 283 *efflui*

187 349 313 405 enarrat
327 310 491 420 angelicus
507 340 632 402 Doctor.
647 339 738 401 Teste
759 339 867 400 eodem
882 336 1025 415 Doctore,
1049 352 1143 412 usque
1242 319 1243 372 j

188 427 227 486 ad
249 424 394 503 praedicti
416 422 514 500 Papae
537 430 695 500 tempora,
721 422 810 481 Ferit
832 421 907 481 haec
928 419 1033 495 quinta
1054 417 1143 477 desti·

181 513 256 568 'nata
280 512 346 567 erat
366 506 404 565 ad
421 507 616 583 praecipuum
639 502 730 581 hujus
746 502 883 582 Mysterii
897 503 1023 569 cultum,
1047 504 1078 559 et
1092 516 1145 575 ap-

189 589 358 667 pellabatur
383 590 413 647 in
440 586 540 649 Coena
562 588 687 647 Domini
712 592 743 646 et
764 584 886 646 Natalis
909 582 1029 645 Calicis.
1054 582 1146 648 Missa
1242 641 1244 666 ,

188 672 218 730 in
241 666 342 731 Coena
363 670 491 729 Domini·
503 674 564 729 tota
588 671 616 727 in
638 666 849 727 Eucharistiae
871 665 1056 725 institutione
1078 680 1147 721 ver·
1242 671 1244 710 ῑ

189 756 284 812 satur.
309 750 382 830 Ejus
403 752 482 810 enim
505 752 634 812 introitu
656 750 790 809 declarat
811 747 968 815 Ecclesia,
1001 746 1087 806 nulla
1114 762 1147 803 re
1242 751 1244 808 i

190 835 310 912 gloriari
334 833 496 909 semagis,
520 850 611 909 quam
635 830 754 891 Domini
767 831 870 890 ¹nostri
892 829 1015 897 Cruce,¹
1031 827 1081 885 cui
1100 826 1147 883 ri·
1242 881 1244 908 ,

189 922 263 986 tam,
288 916 415 976 salutem
437 920 468 975 et
484 914 736 981 resurrectionem
758 930 843 973 suam
861 911 955 971 refert
975 918 1144 983 acceptam.

188 996 295 1059 Oratio
327 1016 405 1074 quae
438 997 588 1072 hodieque
610 995 745 1059 dicitur,
778 995 858 1054 Deus
883 1011 903 1051 a
925 1010 982 1069 quo
1004 1000 1032 1047 et
1053 988 1148 1049 Iudas

189 1081 324 1139 occurrit
346 1079 470 1154 quidem
490 1080 520 1137 in
545 1076 647 1137 multis
668 1077 799 1151 antiquis
820 1073 995 1141 Ordinibus,
1024 1072 1147 1147 tametsi

189 1162 219 1220 in
251 1161 317 1218 aliis
340 1160 539 1220 desideretur.
571 1157 604 1217 ln
627 1156 761 1234 Epistola
794 1163 896 1216 narrat
917 1156 1011 1215 Divus
1034 1150 1144 1213 Paulus

188 1260 221 1301 se
243 1242 392 1316 accepisse
414 1260 431 1300 a
455 1240 610 1305 llomino,¹
625 1239 779 1299 Christum
801 1238 902 1299 lesum
925 1253 1041 1295 sacram
1065 1236 1146 1295 cele-

187 1324 291 1383 brasse
313 1318 465 1389 Coenam,
491 1327 522 1381 et
542 1322 786 1400 augustissimum
809 1319 1019 1380 Eucharistiae
1041 1314 1147 1376 Sacra·

187 1408 323 1464 mentum
347 1406 520 1463 instituisse.
537 1402 700 1480 Evangelio
722 1404 893 1462 continetur
914 1401 1038 1460 historia
1059 1398 1145 1459 ablu·

189 1488 276 1547 tionis
299 1486 419 1561 pedum.
445 1487 488 1560 De
510 1485 683 1561 disciplina,
707 1502 767 1560 qua
789 1483 912 1561 Hymno
934 1482 1014 1540 dicto
1038 1478 1147 1541 Gloria

168 1568 224 1627 ,tn
246 1570 378 1635 emensis,
401 1565 623 1644 Campanarum
647 1584 721 1625 usus
741 1566 949 1635 interdicitur,
976 1561 1148 1637 Bocquillot

189 1646 365 1726 hujusmodi
389 1651 518 1709 sonitum
541 1666 596 1725 per
618 1658 670 1707 eos
691 1648 755 1707 dies
777 1648 873 1707 omitti
897 1644 1042 1718 testatur,
1065 1641 1148 1720 ejus·

191 1750 251 1809 que
274 1731 339 1790 loco
362 1732 521 1808 strepitum
545 1729 707 1807 quemdam
731 1730 879 1807 lignorum
902 1726 1083 1803 subrogari,
1111 1731 1147 1785 ut

188 1814 358 1890 primorum
388 1812 576 1873 saeculorum
599 1812 677 1887 apud
701 1818 836 1888 posteros
859 1811 1001 1871 memoria
1023 1825 1148 1879 conser-

186 1902 287 1963 vetur,
311 1895 420 1971 quibus
442 1892 545 1955 fideles
569 1912 625 1953 non
649 1892 712 1956 ullo
735 1893 941 1960 tintinnabulo,
964 1893 1015 1951 sed
1038 1890 1147 1949 iisdem

187 1975 274 2051 lignis
289 1975 532 2051 obstrepentibus
553 1976 590 2035 ad
607 1975 714 2034 Divina
735 1974 841 2035 Officia
863 1973 1003 2034 accersiri
1019 1988 1145 2031 consue-

184 2063 307 2115 verunt:
331 2057 401 2115 huic
418 2059 508 2117 etiarn
525 2060 691 2118 sententiae
713 2074 877 2133 congruere
892 2057 1010 2115 videtur
1022 2051 1146 2112 Amala·
1220 2078 1223 2085 ·
1242 2113 1243 2124 ,

186 2140 261 2197 rius.
279 2135 313 2195 ln
328 2138 482 2198 veteribus
497 2138 663 2199 Ritualibus
680 2139 904 2214 praescribitur,
923 2144 956 2197 ut
970 2134 1144 2214 Campanae

186 2234 240 2296 per
263 2218 320 2278 hos
342 2219 405 2279 dies
427 2221 556 2289 sileant,
588 2238 665 2295 quae
694 2236 764 2279 cum
786 2220 899 2281 Christi
920 2218 1145 2280 Praedicatores
1242 2239 1243 2244 ¹

184 2298 363 2377 significent,
381 2301 446 2361 ideo
468 2318 573 2361 earum
596 2317 702 2378 sonum
726 2302 945 2381 intermittitur,
961 2300 1041 2376 quod
1062 2299 1145 2377 *Apo-

184 2371 252 2442 stoli
274 2380 375 2443 lesum
399 2381 554 2443 Christum
577 2383 606 2439 in
630 2383 769 2442 maximis
791 2384 973 2444 cruciatibus
994 2380 1145 2450 Passionis
1242 2375 1243 2456 ᾗ

184 2468 305 2541 arrepta
321 2463 402 2541 luga,
420 2463 629 2525 deseruerunt.
649 2464 749 2543 Iqitnr
761 2484 795 2524 ea
808 2466 895 2536 liora,
912 2464 1009 2541 inquit
1023 2464 1145 2540 Ruper-
1242 2459 1243 2524 l

184 2550 232 2603 tus
248 2545 349 2604 Abbas
371 2544 479 2605 Lih.V
503 2546 538 2605 de
555 2545 675 2605 Divinis
691 2544 801 2627 Officiis
816 2545 889 2625 Cap.
906 2546 957 2612 29,
976 2564 1035 2624 qua
1053 2544 1145 2607 Chri-

183 2632 245 2685 stus
267 2626 399 2686 traditus
421 2638 474 2697 est,
498 2638 575 2687 recte
597 2628 690 2706 siqnis
712 2630 862 2690 Ecclesiae
884 2632 1037 2689 silentium
1058 2626 1144 2700 indi·

184 2708 289 2779 cimus‚
317 2707 527 2788 Christumque
543 2710 639 2769 solum
653 2714 789 2788 torcular
801 2712 975 2780 calcantem,
999 2712 1092 2770 solum
1107 2710 1144 2768 in

183 2790 263 2866 ttpno
290 2789 398 2852 Crucis
420 2802 541 2851 eoctcnso
563 2802 683 2871 corpore
705 2794 982 2871 tympanizantem,
1011 2792 1144 2851 testimo-

182 2871 412 2932 nium-ceritati
433 2874 540 2933 humili
562 2891 596 2933 ac
624 2874 760 2934 solitaria
780 2892 847 2933 coeo
864 2875 1080 2953 perhibentem,
1108 2874 1143 2932 li·
1242 2871 1243 2948 i

181 2968 256 3029 queo
273 2955 405 3013 modiolo
425 2956 459 3013 in
475 2956 576 3015 rotato
590 2972 727 3034 suspenso
749 2965 776 3014 et
794 2967 972 3033 personante
982 2955 1141 3033 populum·
1242 2953 1243 3012 3

182 3034 300 3111 quc-od
315 3032 480 3095 Ecclesiam
502 3036 650 3097 incitante
671 3036 884 3117 siqnificamns.
909 3037 1034 3103 Solitum
1057 3038 1141 3113 pacis
1242 3033 1243 3038 ’

181 3115 317 3175 osculum
343 3116 397 3175 hac
419 3118 467 3177 die
489 3118 565 3177 solet
597 3120 624 3177 in
647 3116 740 3177 Missa
760 3120 882 3186 omitti,
914 3119 1004 3196 cujus
1025 3120 1070 3178 rei
1093 3138 1140 3179 ra·
1242 3113 1243 3170 ἶ

181 3196 293 3261 tionem
315 3197 415 3257 reddit
437 3198 574 3274 virigatus
596 3200 762 3266 alcuinus,
790 3200 826 3264 ad
848 3201 1000 3260 vitandam
1024 3199 1139 3261 scilicet

179 3275 390 3338 salutationem
415 3280 614 3354 pestiferam,
642 3283 765 3357 qualem·
783 3280 871 3341 ludas
893 3284 1028 3357 proditor
1049 3300 1140 3343 erer-
1242 3313 1243 3380 q

179 3358 266 3426 cuit,
289 3364 323 3419 ut
344 3360 567 3421 demonstretur
590 3381 682 3438 quam
699 3362 841 3441 injuriam
863 3380 968 3440 passus
984 3369 1030 3425 est
1050 3362 1139 3427 Chris
1242 3383 1243 3438 t

179 3444 228 3499 his
249 3458 336 3501 asuo
358 3442 522 3518 discipulo,
545 3450 576 3504 et
599 3462 652 3503 nos
675 3446 771 3505 vitare
794 3443 869 3522 erga
885 3446 995 3506 iratres
1012 3453 1136 3524 hostros
1242 3489 1243 3494 κ

177 3522 300 3582 debere.
320 3522 554 3599 Superscribunt
568 3524 695 3585 Alcuino
718 3525 798 3586 Libri
815 3525 1005 3587 Pontifiealcs
1019 3535 1050 3587 et
1061 3528 1136 3605 *llis-
1242 3545 1244 3562 ¹

177 3602 255 3663 sales
274 3610 354 3681 ¹pene
377 3623 497 3677 omnes,
522 3608 574 3682 qui
596 3614 719 3685 prepter
738 3608 968 3670 iraudulentum
991 3608 1082 3669 ludac
1105 3628 1136 3669 0·
1242 3653 1243 3656 ,
