2517 4059
449 140 452 161 ¹
556 156 787 229 spirltum

199 288 252 348 sed
275 288 372 367 plebis
394 287 485 347 etiarn
508 288 651 365 suffragia
666 281 864 347 eontineitur.
882 285 970 347 Tales
985 305 1072 365 porra
1088 291 1162 346 sunt

201 370 369 449 Liturgtae.
395 371 440 430 Aa
463 369 699 446 primoquidem
722 372 790 445 quis
812 370 944 440 neseiat,
962 370 1166 429 nullam-esso·

201 452 394 529 quaerendae
412 452 440 509 in
453 449 536 512 Fidei
553 453 644 512 rebus
658 453 792 512 veritatis
807 453 959 528 aptiorem
970 452 1049 510 viam
1063 467 1158 528 quana

201 551 281 613 uuae
303 532 508 596 Ecclesiaruru
532 538 594 593 toto
616 534 689 594 orbe
711 535 925 605 existentium,
948 552 982 593 aa
1004 532 1164 593 Romanae

201 618 381 693 praesertim
405 616 445 675 de
464 616 522 675 illis
538 616 683 675 sententia
700 614 790 675 luerit
803 617 991 693 inuestigare.
1004 614 1065 692 Age
1075 618 1163 694 jarras

201 698 303 776 ajebat
318 698 523 759 Tertullianus
542 697 578 757 de
593 696 882 774 haeseriptiouilrus
896 698 998 776 Capita
1013 694 1164 757 xxxvt-

201 780 254 859 pai
275 781 350 841 soles
371 780 574 840 curiositatem
594 779 701 839 melius
722 798 860 840 eaereera
886 784 921 840 in
940 780 1058 857 aepotio
1077 782 1160 838 satu·

196 864 240 921 'tis
252 908 259 932 ,
271 856 415 941 percurre
431 861 582 925 Ecclesias
597 860 819 939 Aprustum...
834 861 993 924 Videamus
1009 860 1081 940 quid
1096 858 1164 920 tto·

200 964 251 1003 nro
274 944 413 1004 didicerit
436 946 471 1003 al
493 944 634 1023 apostolia
655 951 714 1003 etos
731 942 816 1003 Falsa
836 944 918 1005 enirn
941 959 1085 1022 essenon
1108 958 1162 1019 po·

204 1031 283 1095 test,
309 1039 399 1102 quarn
423 1025 557 1085 Romana
573 1069 580 1092 ‚
604 1032 657 1085 aut
678 1028 816 1087 anniversa
832 1026 966 1086 Ecclesia
982 1024 1161 1103 perurbane

204 1108 314 1167 diffusa
348 1106 460 1177 tradit,
484 1107 629 1167 duatrina.
660 1106 759 1169 Halna
789 1106 973 1169 etlieaaitatis
1005 1108 1159 1167 maximae

202 1192 300 1249 visum
323 1202 447 1265 semper
461 1189 538 1254 luit,
563 1189 643 1266 quod
660 1189 801 1267 liturgiis
817 1189 996 1267 petebatur,
1012 1190 1159 1248 aduersus

204 1272 376 1332 haereticos
398 1277 625 1348 argumentum.
650 1270 826 1349 Pelagianos
858 1291 915 1333 nnn
946 1272 1039 1331 semet
1063 1269 1160 1332 Litur·

204 1354 321 1433 glanum
346 1354 486 1429 precihus
508 1354 540 1413 S.
565 1354 754 1428 Augustinus
774 1371 933 1432 aggressus
946 1360 1003 1413 est.
1021 1353 1163 1429 ldipsum

202 1433 414 1495 luciferianis
433 1434 595 1514 oltjieielrat
617 1435 649 1495 S.
674 1433 880 1514 Hieronymus
892 1430 935 1495 ''in
958 1436 1083 1509 Dialogo
1106 1434 1164 1493 ad·

200 1532 309 1577 uersus
330 1516 396 1577 illos
419 1516 520 1593 Capita
537 1517 591 1575 tv:
610 1522 655 1575 Au
675 1520 771 1577 uesais
784 1520 889 1594 inanit,
907 1520 997 1578 etiam
1011 1515 1163 1576 Eretriae

200 1613 269 1659 rum
287 1609 366 1659 *tuna
391 1616 451 1657 essa
471 1616 582 1659 morem
604 1608 638 1657 ut
659 1600 822 1679 baptizatis
838 1611 1080 1679 postramanuu
1100 1599 1159 1657 im-

195 1690 383 1759 ponantur,
409 1688 438 1741 et
471 1682 509 1739 lta
543 1682 702 1742 invocatur
722 1681 852 1765 Spiritus
874 1680 1028 1745 Sanetus?
1050 1678 1159 1756 Eripis

201 1763 252 1822 ati
274 1765 422 1842 seriptum
445 1761 513 1823 ait?
534 1764 572 1821 lu
592 1765 671 1823 Aetia
693 1766 915 1840 mortuorum:
933 1764 1048 1824 euamei
1076 1758 1158 1821 Seri·

197 1854 309 1924 pturae
331 1845 499 1905 auctoritas
514 1864 574 1903 nou
590 1846 726 1911 subesset,
742 1847 837 1905 totius
853 1847 932 1905 oritis
952 1846 989 1903 ia
1000 1846 1059 1903 aaa
1066 1851 1161 1921 parta

191 1943 356 1986 renuamus
379 1926 478 1986 instar
503 1930 657 2009 praecepti
684 1927 800 1986 attinet.
825 1927 951 1988 Sanetus
971 1924 1157 1986 Caelestinus

206 2007 306 2087 Papa,
324 2007 355 2065 in
370 2025 422 2065 sua
438 2008 475 2067 ad
491 2006 657 2068 Galliarum
673 2004 835 2086 Episcopus
848 2006 994 2087 Epistola,
1012 2005 1115 2083 Capite
1128 2002 1156 2067 tl

206 2107 348 2167 expresse
372 2088 536 2169 liturgiam
561 2091 651 2150 tradit
665 2097 817 2166 tamquam
841 2092 974 2168 regulam
991 2088 1085 2150 Fidei:
1105 2094 1160 2149 Le·
1198 2129 1204 2139 .

201 2190 266 2250 pem
293 2168 455 2239 credendi,
480 2172 591 2248 inquit,
615 2182 729 2232 statuat
749 2169 812 2231 Lea
833 2172 1032 2253 supplicandi.

242 2250 281 2312 ll.
310 2250 339 2311 Si
362 2252 398 2311 ad
422 2253 610 2328 sequentium
643 2253 831 2313 saeculorum
854 2255 998 2315 uectores
1030 2253 1154 2332 gradum

202 2334 372 2403 laetamus,
398 2336 500 2395 mrrltis
523 2339 655 2396 occurrit
677 2335 810 2396 doctrina
832 2337 937 2396 eadem
955 2337 1155 2397 monumentis

201 2418 389 2493 consignata.
414 2416 520 2477 Petrus
543 2412 712 2484 Dircaeus,
737 2417 766 2476 in
788 2436 842 2477 suo
863 2417 908 2477 lte
936 2417 1063 2479 tenenda
1083 2418 1155 2478 seri-

201 2509 262 2558 tata
279 2499 514 2577 seripturarum
530 2498 621 2559 litua
643 2499 657 2559 l
679 2516 747 2575 pag.
765 2498 828 2559 sta
849 2500 885 2560 ad
901 2499 1068 2578 liturgiam
1083 2498 1155 2559 San·
1255 2559 1256 2564 ,

201 2583 242 2638 att
271 2580 375 2639 Basilii
403 2574 544 2657 appellat.
569 2576 614 2639 Ex
641 2581 774 2658 liturgia
803 2583 893 2641 etiarn
927 2588 1156 2658 argumentatur

201 2661 356 2740 llernigius
378 2661 595 2740 Lugdunensis.
619 2660 734 2723 Oetaeo
756 2666 878 2724 saecula
897 2662 980 2724 Felix
1004 2661 1156 2739 Urgelien·

202 2745 242 2803 sis
265 2742 451 2821 Episcopus,
476 2760 612 2805 errorem
636 2762 726 2805 suum
747 2747 787 2806 ds
808 2744 950 2805 filiatione
971 2743 1083 2805 Christi
1111 2761 1155 2803 ar·

176 2876 180 2883 .
202 2826 352 2903 gementis
372 2842 411 2885 ex
434 2826 567 2903 liturgia
601 2825 788 2905 depromptis
819 2829 952 2888 tentabat
980 2826 1154 2888 defendere.

201 2908 327 2981 Quando
352 2908 510 2968 undecimo
533 2908 670 2967 saeculo·
686 2927 778 2969 ausus
797 2916 844 2969 est
865 2909 1063 2987 Berengarius
1084 2908 1157 2969 Cor·

204 2990 285 3066 poris
306 2996 339 3050 et
360 2989 517 3067 Sanguinis
534 2989 600 3049 lesu
617 2988 729 3050 Cirristi
744 2993 772 3049 in
789 2988 976 3051 Errelraristia
998 2991 1153 3051 ueritatem

203 3087 335 3149 negare,
353 3074 423 3131 atrrn
440 3071 626 3148 impugnavit
642 3070 841 3133 Guitmandns
857 3073 913 3132 lraa
929 3072 1083 3151 Liturgiae
1098 3070 1155 3131 ior·

204 3154 285 3213 mula
310 3161 380 3213 tune
403 3156 547 3230 temporis
569 3152 709 3235 adhiberi
731 3154 840 3213 solita:
865 3155 985 3232 Singuli
1004 3155 1154 3233 arripiunt

205 3236 361 3297 Christum
382 3234 570 3303 Dominumr
592 3245 619 3294 ot
640 3237 676 3295 iu
706 3236 832 3314 siugulis
857 3237 1048 3315 portionibus
1078 3246 1154 3295 totut

204 3328 265 3384 est,
289 3336 342 3376 nee
360 3317 566 3395 persingulas
588 3317 751 3377 minuitur.
769 3317 907 3378 Trullana
929 3336 1048 3396 qrroqua
1064 3317 1155 3395 Syna·

204 3400 260 3460 dus
282 3397 333 3459 SS.
358 3399 479 3467 Basilii,
502 3405 533 3459 et
553 3398 652 3460 laaobi
675 3397 789 3460 Fratris
815 3398 931 3460 Domini
953 3398 1153 3477 Litnrgiarum

202 3480 374 3543 testimonia
391 3481 419 3539 in
437 3482 567 3542 medium
584 3481 691 3551 adtulit
704 3514 720 3550 ‚·
731 3489 764 3543 ut
777 3484 950 3554 Armenes,
974 3481 1025 3559 qui
1048 3500 1152 3559 aquam

201 3582 218 3623 a
241 3562 439 3623 Calicisrino
460 3562 667 3634 abstulerant,
691 3566 900 3642 coargueret
