2517 4059
554 228 778 301 nidd&-

192 347 356 419 Graccolas
369 363 470 415 tamen
487 355 577 417 Libro
601 361 731 420 secundo
746 362 794 420 sui
818 359 1037 422 commentarit
1049 360 1150 423 Hislo-
1254 360 1255 439 3

192 440 252 499 rici
264 438 299 497 in
313 435 510 497 Breviorions
524 426 695 502 diomedem
709 442 782 519 Cap.
796 439 837 500 llll
852 442 1013 508 contendit,
1032 444 1149 505 nullum

192 525 295 581 extare
309 520 467 596 vestigium
485 521 551 580 talis
565 521 651 584 Cerei
668 532 736 585 ante
752 520 919 583 Ennodium
932 523 1023 585 Sexto
1038 525 1151 591 Saecu‘-

196 602 236 672 lo,
263 608 295 660 et
318 607 389 661 anie
411 608 552 677 quartum
567 603 732 666 Concilium
744 604 936 675 Toletanunr,
961 609 1010 665 cul
1026 608 1150 683 quidem

195 683 325 760 opinioni
342 683 509 744 adhaerere
530 704 587 744 non
603 706 775 763 possumus,
802 688 869 763 quia
885 685 973 748 Cerei
994 688 1151 757 Pascbalis

78 818 87 831 ‚
196 764 368 827 Benedictio
382 766 469 826 allius
483 766 521 825 ab
533 764 658 828 Ennodii
675 788 750 830 aevo
767 768 900 845 prolecto
916 774 1074 847 repetenda
1091 778 1150 833 cst.

196 846 292 905 lmmo
307 848 397 907 etiam
409 847 529 907 Zosimo
542 847 620 925 Papa
632 853 830 927 antiquiorem
847 869 912 911 esse
929 871 983 928 pro
998 860 1081 913 certo
1094 854 1151 914 ha·
1254 906 1255 917 ,

197 932 267 989 bcnt
281 928 427 997 Maricae,
455 928 563 989 Merati
584 934 679 993 etalii
696 933 815 1010 plurimi
831 952 838 1000 ς
863 934 931 993 lruio
955 936 1034 994 enim
1050 934 1154 996 Ponti-

196 1008 244 1071 sui
269 1010 359 1075 Liber
374 1009 553 1072 Pontificalis
570 1016 676 1075 tribuit
702 1032 756 1073 non
773 1014 908 1093 ejusdem
924 1014 1011 1075 Cerei
1033 1018 1154 1077 institu-
1255 1078 1256 1103 ,

196 1095 320 1162 tionem,
336 1094 387 1150 sed
403 1094 483 1167 quod
502 1093 650 1155 licentiam
668 1096 859 1155 benedicendi
876 1097 1003 1158 Cereum
1021 1097 1154 1159 Pascha·

160 1230 166 1241 ,
197 1174 256 1232 lem
273 1175 455 1233 concesserit
469 1176 593 1250 singulis
609 1177 777 1246 Paroelriis;
802 1180 878 1238 unde
892 1187 1053 1250 asserunt,
1069 1180 1151 1255 quod
1255 1180 1256 1263 l

197 1253 364 1314 Cardinalis
380 1256 536 1327 Batonius,
554 1275 609 1316 nee
622 1277 680 1318 non
693 1256 869 1319 Franciscus
886 1259 994 1335 Pagina
1011 1263 1038 1319 iu
1049 1260 1152 1321 Histo-
1255 1270 1256 1309 ἕ

197 1336 242 1395 ria
257 1337 330 1395 dicti
346 1336 508 1401 Pontificis.
526 1356 585 1397 non
599 1340 640 1399 ita
654 1341 878 1418 intelligendum
894 1348 951 1413 cst,
969 1344 1052 1418 quasi
1069 1342 1153 1402 Zosi-
1255 1366 1256 1389 2

198 1435 268 1477 mus
283 1416 370 1477 Cerei
386 1418 535 1479 Pasclralis
549 1438 639 1481 usum
657 1425 772 1498 primus
787 1424 959 1493 instituerit,
977 1426 1028 1482 sed
1042 1424 1154 1501 quoda
1255 1424 1256 1429 ’

199 1499 319 1559 Zoslmo
344 1500 401 1561 hoc
418 1504 533 1560 tantum
551 1503 721 1564 institutum
747 1510 802 1571 est,
832 1504 985 1573 nimirum,
1014 1512 1046 1565 ut
1071 1506 1153 1566 idem

199 1578 323 1649 Cereus,
340 1584 392 1658 qui
409 1582 436 1639 in
449 1581 614 1660 majoribus
625 1592 738 1644 tantum
752 1584 884 1645 Basilicis
896 1587 1013 1646 incendi
1029 1589 1151 1658 soleret,

201 1680 295 1737 aeque
310 1663 433 1740 singuiis
449 1662 603 1725 Parecbiis
617 1666 843 1745 concederetpr.
866 1666 1057 1745 Quapropter
1077 1670 1155 1729 ritus

199 1744 391 1813 accendendi,
408 1752 439 1805 el
453 1745 647 1808 benedicendi
663 1747 790 1810 Cereum
807 1746 981 1809 Paschalem
1004 1751 1032 1809 in
1048 1747 1156 1810 Rasili-

199 1828 254 1893 εἰς,
272 1845 325 1888 seu
341 1827 482 1888 Ecclesiis
498 1830 665 1908 majoribus
682 1831 802 1890 inolevit
824 1848 905 1897 sane,
923 1837 1081 1907 antequam
1099 1830 1155 1891 Zo-

199 1910 294 1969 simus
315 1907 482 1970 Ecclesiam
505 1920 636 1989 regeret.
662 1910 804 1987 Ejusdem
828 1911 914 1972 Cerei
931 1912 1153 1988 antiquitatem,
1221 1928 1225 1933 '

199 1995 232 2050 et
253 1990 467 2052 institutionem
490 2001 559 2054 ante
574 1986 727 2055 Zosinrum
745 1991 854 2069 Papam
878 1994 928 2052 alii
951 1994 1095 2069 coliigunt
1116 2012 1155 2055 ex

199 2069 373 2141 Prudentio‚
397 2072 486 2151 cujus
506 2076 637 2155 hymnus
659 2075 695 2137 ad
719 2070 876 2134 lucensem
896 2076 985 2138 Cerei
1003 2074 1156 2136 Poscbolis

119 2190 124 2197 ·
200 2155 385 2229 compositus
400 2156 549 2231 reperitur
572 2159 601 2215 in
617 2156 713 2217 veteri
730 2156 840 2217 Ordine
857 2156 999 2217 Romano.
1024 2156 1154 2227 Verum,
1256 2190 1257 2195 κ

200 2234 268 2311 quia
293 2236 423 2313 hymnus
444 2236 493 2295 ille
517 2240 545 2297 in
560 2239 770 2312 manuscriptis
793 2236 950 2299 Codicibus
965 2240 1154 2300 inscribitur:
1256 2244 1257 2291 l

200 2312 248 2375 Aa
272 2318 424 2376 incensum
450 2314 618 2392 Lacernae,
651 2339 708 2380 non
723 2336 796 2381 vero
818 2322 853 2379 ad
881 2321 1037 2380 Incensura
1069 2320 1157 2383 Cerri
1256 2324 1257 2327 ’

201 2394 377 2460 pascualis.-
402 2399 513 2459 idclrco
535 2403 589 2460 viri
612 2403 749 2469 eruditi,
781 2404 922 2463 nimirum
945 2403 1070 2463 lacobus
1092 2402 1155 2462 Sir·

201 2482 341 2551 mendus,
362 2480 397 2539 in
411 2481 487 2542 notis
501 2483 542 2543 od
557 2482 749 2552 Enuodiunu
770 2483 944 2551 Menardus,
961 2486 995 2543 irc
1014 2482 1157 2545 Obserua-

202 2562 332 2623 ts‘nuibua
352 2561 393 2619 od
410 2564 608 2626 Concordiam
631 2562 816 2641 Requlorom
830 2565 903 2643 Cap'.
928 2564 968 2625 sl
990 2572 1020 2637 ς).
1045 2566 1082 2630 5:
1105 2564 1159 2624 ur·-

202 2644 306 2705 colaus
328 2642 481 2714 Heinsius,
504 2647 538 2704 in
552 2666 627 2707 noua
645 2644 805 2706 Prudentii
819 2648 971 2716 edilioue‚·
997 2653 1027 2705 et
1050 2646 1156 2706 lolran·

202 2744 255 2786 nes
277 2725 430 2796 blabillon,
454 2728 489 2785 in
502 2725 590 2787 Libro
606 2727 801 2791 Secundodo
826 2729 961 2805 Lilcrqia
979 2724 1154 2795 Gallicane·
1229 2762 1233 2770 ·

203 2807 346 2877 inierunt,
370 2809 511 2868 eumdem
535 2810 682 2888 hymnum
707 2812 742 2869 ad
766 2811 970 2871 accendendas
994 2812 1021 2868 in
1047 2808 1155 2869 Lucer-

203 2892 299 2961 nari0‚
324 2910 377 2950 scu
403 2890 544 2966 Vesperis
566 2892 748 2968 quotidianis
772 2891 932 2960 lucernas,
958 2891 1049 2951 luisse
1075 2908 1156 2955 com

203 2975 358 3049 positum3
384 2973 472 3049 idque
494 2973 560 3031 aliis
583 2974 672 3033 etiam
698 2974 862 3033 rationibus
886 2973 1046 3032 ostendunt
1068 2973 1155 3032 iidem

202 3056 377 3116 blenardus.
402 3062 433 3114 el
454 3053 608 3120 Mabillon.
635 3054 861 3115 Advertondum
886 3060 932 3114 est
954 3055 1058 3113 ctiam.
1075 3056 1154 3131 quod

201 3154 260 3196 ntra
284 3156 353 3197 cum
375 3134 472 3196 Cerco
495 3137 726 3196 benedicebatur
749 3138 874 3211 lampas,
899 3152 957 3212 qua
973 3132 1086 3195 Cer-ens
1109 3154 1156 3195 ac·

203 3219 407 3283 cendebatur,
442 3223 474 3276 ut
500 3218 529 3275 in
551 3213 685 3278 Concilio
707 3225 814 3294 quarto
835 3216 979 3278 Toletano
1002 3217 1154 3275 traditur:

204 3296 340 3360 {lacerno
362 3306 393 3360 el
420 3297 531 3359 Carcoe
561 3300 596 3357 ia
619 3300 789 3377 pereipiliis
811 3298 962 3366 Pascitur,-
991 3303 1021 3375 ct
1049 3298 1157 3373 legitur

202 3382 293 3442 etiam
317 3384 346 3440 in
369 3380 480 3441 Missali
504 3381 714 3450 Mozarabico,
740 3382 788 3441 ubi
813 3384 909 3457 primo
933 3380 1083 3448 babetur,
1111 3374 1158 3436 Sic

203 3463 369 3523 benedictio
391 3459 553 3532 Lacenae,
578 3464 607 3521 in
623 3481 680 3541 qua
696 3463 904 3523 benedictione
928 3461 1019 3519 verba
1040 3466 1157 3520 exstant

204 3543 236 3603 S.
260 3543 384 3615 lsidori;
409 3545 526 3605 deinde.
551 3545 695 3623 Seqrritur
713 3544 801 3605 Cerci
822 3542 985 3603 benedictio
1006 3558 1076 3601 cum
1092 3558 1159 3601 ora·

205 3625 338 3685 tionibus
353 3627 493 3705 propriis.
518 3625 552 3684 ln
567 3628 690 3701 antiquo
704 3621 866 3686 Pontificali
889 3623 1031 3684 lisinensi
1053 3622 1157 3687 Sacer·
