2517 4059
598 183 823 255 widim-

143 328 146 333 ·
245 315 422 395 pracsertim
435 312 586 376 institutae
599 321 680 381 sunt,
699 312 798 373 omnia
811 312 857 374 bis
868 311 973 373 diebus
985 312 1208 387 compunctum

245 404 277 461 et
299 396 499 473 poenitentem
522 397 657 455 animum
681 394 853 473 spirabant:
877 394 946 456 binc
969 392 1113 457 solemnis
1137 397 1209 457 nete

245 478 469 557 processionem
485 476 558 537 olirn
580 478 690 539 cineris
711 494 803 554 snper
824 477 922 554 capita
943 474 1134 555 singulorum
1153 472 1209 536 im.-

246 558 366 636 posibo,
391 577 449 619 non
464 576 552 619 secus
574 576 609 619 ac
631 560 772 636 incapite
788 556 1062 636 Quadragesimalis
1078 554 1205 639 jeiuniis

247 640 276 700 id
288 641 380 715 ‘quod
395 640 541 699 discimus
563 644 627 702 turn
650 658 687 699 ex
703 646 878 718 pervetusto
892 638 1002 701 Codice
1016 635 1206 701 Turonensis

245 722 411 785 Ecclesiae
421 728 489 782 ante
511 738 603 781 annos
624 720 688 782 800
709 727 844 787 exarato,
868 728 898 783 et
920 740 957 783 ex
980 720 1102 795 antiquo
1125 716 1206 779 Pon-

245 801 348 863 tilicali
371 822 423 863 seu
447 800 559 863 Ordine
584 804 719 865 Romano
740 804 943 865 Wertinensis
963 800 1142 865 Monaslerii
1163 800 1205 881 ⁸in

245 885 363 945 Diocesi
379 884 619 955 Monasteriensi;
645 892 709 947 tum
732 904 769 947 cx
785 882 947 949 Pontificeli
964 880 1203 965 salisburgensi.

244 965 322 1028 Nam
346 970 374 1026 in
391 966 489 1043 primo
511 967 645 1043 singulae
668 967 791 1045 singulis
806 964 1007 1045 Rogatianum
1030 963 1137 1025 diebus
1154 979 1203 1023 as·

244 1049 398 1124 signantur
415 1045 535 1113 Missae,
553 1050 716 1125 praemissa
731 1048 840 1111 cineris
857 1048 1071 1111 benedictione,
1087 1043 1204 1111 Similis

244 1129 321 1188 ritus
342 1129 443 1189 adbuc
464 1126 554 1199 bodie
574 1131 657 1206 viget
688 1132 718 1189 in
743 1127 877 1193 Ecclesia
909 1127 1134 1191 Mediolanensi.
1167 1123 1202 1187 ln

245 1207 382 1271 Ecclesia
405 1209 566 1270 Viennensi
597 1210 720 1289 aliisque
753 1229 810 1271 non
834 1211 935 1289 paucis
958 1208 1099 1271 solemnis
1131 1213 1203 1270 ante

245 1292 468 1369 processionem
489 1288 640 1367 itaquae
662 1292 793 1355 lustralis
808 1294 951 1370 aspersio.
977 1288 1016 1352 Et
1036 1291 1105 1365 qnia
1130 1306 1203 1363 poe·

245 1373 389 1435 nitentiae
410 1373 660 1433 demonstrandae
682 1392 773 1436 causa
796 1375 974 1451 praesertim
995 1370 1108 1433 fiebant
1130 1370 1201 1437 illae

243 1454 484 1532 supplicationes,
501 1472 616 1521 omnes,
639 1455 695 1532 ipsi
711 1456 803 1517 eliam
819 1456 897 1525 laici,
922 1454 1007 1515 nudis
1030 1454 1058 1513 in
1083 1452 1141 1515 illis
1156 1452 1202 1509 in-

243 1535 391 1597 cedebant
411 1536 549 1615 pedibus‚
566 1542 601 1598 ut
614 1542 731 1599 constat
752 1556 810 1597 non
832 1538 930 1597 solum
953 1554 989 1597 ex
1011 1533 1124 1595 Ordine
1139 1532 1201 1595 Ro·

244 1634 353 1687 mano,
377 1618 428 1678 sed
452 1618 543 1678 etiam
565 1636 603 1677 ex
625 1619 762 1695 pluribus
784 1615 934 1679 Consiliis.
959 1616 1002 1677 Ea
1026 1617 1056 1675 in
1078 1632 1201 1693 proces·

243 1698 327 1760 sione
351 1699 452 1776 plures
473 1698 566 1758 lactas
588 1698 680 1759 luisse
703 1701 844 1761 stationes
877 1705 938 1759 tam
963 1698 1098 1765 Romae,
1135 1704 1199 1759 lum

243 1779 326 1847 alibi,
343 1786 490 1841 testantur
503 1780 584 1839 Libri
598 1779 746 1841 Rituales.
760 1781 838 1841 Reda
855 1782 883 1840 in
896 1781 965 1842 Vita
981 1780 1012 1840 S.
1025 1778 1198 1855 euchberti,

243 1861 281 1922 de
303 1862 492 1937 processione
514 1862 715 1937 Rogationem
737 1862 878 1940 loquens,
901 1862 1110 1939 Reliquiarnrn
1135 1876 1200 1927 me·

243 1943 354 2011 minii,
380 1960 457 2019 quae
480 1944 509 2002 in
531 1944 720 2019 processione
742 1944 980 2013 deserebantur,
1010 1940 1090 2019 quod
1113 1941 1144 2000 in
1168 1958 1200 2003 ο·

237 2024 364 2083 mnibus
379 2026 514 2083 cernitur
529 2021 707 2086 Ordinariis.
724 2025 907 2087 Lanlrancus
930 2041 1048 2101 quoque
1064 2020 1199 2087 Crucem

243 2110 401 2169 memorat,
425 2104 544 2180 dquam
568 2105 769 2173 benedictam,
792 2106 914 2167 Librum
938 2104 1197 2181 Evangeliornm,

242 2190 275 2245 et
285 2186 439 2262 Reliquias
452 2187 480 2243 in
492 2184 683 2247 Processione
699 2188 823 2257 delatas,
838 2186 1091 2264 quemadmodum
1105 2185 1199 2249 enam

112 2338 120 2351 ο
240 2262 407 2330 Udalricus.
431 2265 659 2329 Processionnm
688 2269 762 2329 ordo
784 2270 965 2329 describitur
988 2288 1003 2327 a
1026 2267 1213 2335 Lanlrauco,

242 2348 350 2408 innuis
372 2346 507 2414 Stalrrtis,
531 2353 562 2407 et
581 2349 619 2409 ab
634 2349 774 2411 Udalrico
796 2353 824 2411 in
841 2349 1112 2413 Consuetudinibus
1126 2344 1199 2415 Cin

242 2429 434 2495 riacensium.
452 2428 570 2489 Vexilla
586 2431 816 2506 praecedebant,
834 2430 941 2493 deinde
956 2430 993 2491 ad
1005 2428 1198 2495 tintinnabuli

241 2510 373 2571 sonitum
395 2512 472 2572 alter
487 2508 621 2573 Clericus
642 2514 776 2588 gestabat
797 2532 906 2589 aquarn
929 2512 1128 2577 benedictam,
1155 2511 1198 2573 al·

242 2595 288 2653 ter
302 2587 448 2658 Crucem
472 2589 679 2653 subdiaconus
694 2593 814 2655 indutus
827 2594 894 2659 alba
909 2612 978 2654 curn
995 2600 1078 2659 textu
1094 2589 1198 2657 Evan-

240 2671 399 2749 geliorum,
416 2670 549 2748 juniores
564 2673 685 2743 Clerici,
703 2682 734 2737 et
749 2681 850 2751 postea
862 2674 967 2738 Clesus
982 2673 1195 2751 procedebant.

238 2753 329 2817 Missa
352 2753 492 2815 Stationis
515 2760 580 2815 erat
594 2752 785 2824 Exaudioita
811 2759 839 2817 in
860 2776 921 2833 qua
943 2755 1034 2817 tiebat
1054 2755 1195 2819 Comme·

242 2836 371 2896 morelio
392 2836 430 2897 de
452 2835 581 2896 Patrono
598 2834 752 2898 Ecclesiae
767 2836 927 2908 Stationis3
951 2837 1120 2901 deferentes
1135 2836 1197 2899 Re-

239 2914 349 2991 liquias
381 2919 468 2977 nudis
489 2918 666 2981 incedebant
689 2919 834 2995 Pedibns3
866 2921 894 2981 in
918 2919 1014 2981 reditu
1036 2919 1195 2983 dicebatur

241 2994 351 3062 &aare
375 2995 553 3077 Sanctorgm
575 3000 669 3072 Dens,
693 3003 830 3062 miserore
852 3001 942 3061 nobis.
969 3002 1110 3079 Magnam
1133 3000 1195 3067 dier

237 3086 355 3157 partem
378 3082 582 3156 processiones
604 3082 678 3143 istae
701 3083 908 3159 occupabant,
943 3098 977 3143 ac
1000 3083 1104 3143 sallem
1138 3099 1193 3149 sax

239 3158 386 3233 horarum
410 3163 564 3239 spatium,
587 3163 630 3222 uti
654 3164 748 3239 lucet
770 3180 806 3223 cx
830 3162 975 3231 Sermone
1003 3162 1035 3223 S.
1058 3160 1195 3229 Caesarii

238 3240 433 3308 Arelatensis,
458 3245 508 3319 qui
532 3243 569 3305 de
584 3241 798 3320 Rogationibns
814 3244 962 3321 loquitur:
990 3242 1052 3319 Qu·
1072 3246 1108 3307 in
1126 3238 1194 3311 ictis

237 3340 292 3386 acac
312 3324 395 3385 boris
417 3322 453 3382 dc
475 3337 623 3387 convenia
645 3324 796 3390 Ecclesiae
817 3343 878 3385 non
899 3325 1035 3387 subducit
1056 3346 1103 3395 ac,
1127 3344 1193 3389 ncu-

237 3422 331 3482 onum
352 3403 516 3465 remedium
537 3406 658 3471 enimse
678 3425 748 3470 senc
770 3408 905 3471 noscitur
922 3406 1088 3487 procidere.
1125 3406 1192 3475 Sta-

239 3485 328 3546 tionis
350 3485 453 3556 Missa,
477 3488 574 3564 qualis
595 3506 612 3549 a
635 3489 721 3549 nobis
742 3488 863 3557 dicitur,
888 3488 1018 3554 refertur
1040 3490 1077 3551 ab
1099 3490 1192 3554 Aina-

238 3566 339 3636 lario;
364 3565 504 3633 Officium
528 3568 658 3648 Vigiliae
679 3565 870 3637 ascensionis
891 3570 1042 3649 antiquius
1064 3577 1109 3631 esl
1131 3568 1191 3635 no-
