2517 4059
533 167 592 228 este
616 157 757 229 btdfflr·

167 303 219 348 tur
241 293 273 348 in
295 289 394 365 [orme
417 289 644 348 consecrationis
666 289 778 351 Culicis
798 290 833 346 in
848 285 963 349 latinis
984 289 1123 351 Missnli-

168 375 239 438 bos,
262 371 323 431 sint
337 353 515 448 deprecatio
528 373 663 449 immac,
687 380 786 430 tomen
801 387 901 431 omnes
918 375 1116 439 conveniunt,

168 471 263 513 mones
285 455 352 513 illas
367 470 446 513 ceres
468 470 526 512 esse
541 453 574 511 de
589 454 761 549 intepritnte
782 454 914 530 termae,
938 455 984 514 ito
1004 465 1039 514 nt
1054 456 1124 514 sinc

163 547 285 615 peccato
300 536 385 594 nullo
401 552 505 594 eorum
521 536 618 595 omitti
627 535 742 610 possit,
758 544 785 593 et
800 553 954 594 consensus
968 537 1001 595 in
1015 537 1070 596 boc
1083 555 1120 594 rc

168 615 292 700 sufficit
315 628 349 676 ot
365 617 522 676 babeamus
543 616 661 696 aliquid
682 617 758 676 certi
778 617 811 675 io
828 619 1065 687 consecratione,
1092 629 1123 676 et

99 753 103 762 .
168 701 344 777 confectione
360 700 440 758 tanti
455 697 657 759 sacramenti

209 781 263 843 lll
289 781 383 839 Latini
406 786 526 856 peracta
547 778 797 850 Consecrationo‚
822 779 929 840 Graeci
945 780 1033 858 paulo
1048 788 1123 842 ante

168 863 426 924 Communionem.
452 869 485 921 ut
501 879 542 921 ex*
554 862 697 938 Liturgiis
711 860 822 930 iacobi,
841 861 951 931 basilii,
975 870 1007 922 et
1021 861 1119 941 Chry-

168 945 289 1003 sostomi
311 943 505 1004 manifestum
527 952 593 1013 est,
617 943 735 1018 Corpus
755 944 963 1011 bohemicum,
986 952 1018 1004 et
1038 944 1119 1005 Cali-

169 1044 233 1086 cem
257 1028 392 1090 elevant,
416 1035 450 1084 ut
472 1043 488 1084 a
513 1027 620 1103 populo
643 1027 796 1085 adoretur.
820 1026 914 1102 quue
936 1026 1120 1104 abantiquo

169 1114 304 1182 tempere
326 1107 390 1166 lieri
408 1106 529 1167 solitum
544 1109 674 1167 indicant
688 1106 856 1183 Scriptores
878 1107 995 1168 Graeci.
1012 1106 1121 1184 Neque

169 1191 243 1249 allus
259 1207 331 1250 usus
348 1189 405 1250 luit
418 1188 521 1268 Syris,
547 1195 577 1249 et
597 1189 720 1266 Coptis,
744 1191 787 1248 uti
804 1190 946 1250 observat
966 1187 1118 1251 Eusebius

167 1272 373 1331 lleuaudotius
395 1271 423 1328 iu
446 1269 676 1332 Commentariis
690 1271 726 1329 ad
742 1288 846 1332 eorum
866 1272 1026 1349 Liturgias.
1050 1271 1117 1332 lda-

170 1354 285 1412 ronitae
304 1359 368 1428 post
378 1352 551 1412 Orationem
568 1351 767 1422 Dominicam‚
784 1360 816 1413 et
830 1353 902 1414 alias
916 1371 1019 1431 preces
1034 1372 1121 1415 eam-

170 1437 238 1496 dem
261 1435 319 1494 hoc
342 1437 401 1495 ritu
424 1441 570 1513 peragunt
592 1437 801 1495 elevationem.
825 1433 926 1496 llabet
944 1437 1121 1512 exemplum

170 1520 198 1578 in
222 1517 326 1579 Veteri
348 1517 539 1578 Testamento
562 1517 637 1577 haec
652 1515 777 1578 Hostiae
799 1518 944 1578 elevatio:
968 1535 1035 1577 nam
1052 1536 1123 1594 pas-

171 1601 226 1661 sim
250 1601 377 1675 legimus
399 1606 513 1676 partem
539 1601 679 1659 victimae
700 1617 716 1657 a
739 1599 949 1660 Sacerdotibus
970 1601 1121 1660 elevatam

171 1700 271 1742 coram
287 1682 416 1741 Domino
432 1679 526 1741 Exodi
542 1679 638 1758 Caput
660 1680 781 1745 xxix,
800 1681 922 1742 levitici
938 1681 1033 1757 Caput
1047 1680 1118 1745 vlt.

172 1772 201 1826 et
223 1762 353 1830 xxltt,
377 1762 578 1824 Nummorum
602 1764 700 1839 Caput
721 1763 747 1823 V
770 1762 813 1822 Vl
830 1769 861 1825 et
877 1762 960 1824 Vlll.
984 1762 1126 1824 Eleratio

170 1847 246 1908 haec
263 1851 325 1906 tum
343 1844 477 1913 Hostiae,
494 1854 557 1906 tum
573 1845 682 1907 Calicis
697 1850 763 1923 post
776 1841 1036 1907 Consecrationem
1051 1863 1125 1906 coe-

171 1931 215 2006 pit
237 1929 362 1990 lortasse
384 1927 511 1988 Saeculo
532 1926 598 1998 Xl,
623 1945 718 2003 quum
742 1928 854 1989 realem
878 1929 906 1985 in
929 1925 1121 1988 Eucharistia

171 2008 238 2070 lesu
254 2008 363 2069 Christi
388 2011 583 2086 praesentiam
608 2025 717 2086 negare
732 2026 824 2070 ausus
844 2015 891 2070 est
906 2009 1120 2085 berengarius,

172 2098 239 2168 post
261 2089 348 2168 cujus
370 2091 518 2153 haeresim
541 2092 677 2153 solemne
699 2091 756 2150 luit
776 2091 910 2168 pluribus
931 2090 1045 2150 Sanctis
1066 2109 1121 2153 ex-

172 2190 328 2251 pressam,
352 2180 383 2233 et
399 2175 580 2251 peculiarem
596 2174 686 2233 realis
700 2174 884 2249 praesentiae
906 2172 1121 2250 professionem

172 2255 332 2321 emittere,
357 2257 398 2314 sic
420 2255 544 2316 Sanctus
567 2255 669 2315 Bruno
691 2255 782 2331 paulo
803 2260 963 2332 antequam
987 2272 1122 2316 morere·

51 2395 60 2416 ,
89 2354 93 2360 ’
173 2345 234 2406 tur,
259 2354 336 2396 anuo
361 2337 452 2408 tlon
479 2335 575 2399 Credo
589 2338 663 2397 dixit
678 2336 757 2414 qood
767 2337 859 2413 ponis
874 2347 901 2396 et
914 2338 1027 2404 vinnm,
1047 2356 1127 2415 quoe

173 2419 207 2478 in
221 2416 323 2479 Alteri
336 2429 554 2486 consecrentur,
577 2430 646 2479 sunt
658 2436 761 2478 oerum
780 2419 895 2481 Christi
910 2419 1030 2479 Domini
1047 2419 1123 2482 Cor-

167 2519 250 2581 pus,
276 2511 304 2562 et
328 2518 415 2561 ueros
436 2500 567 2582 ejusdem
590 2500 730 2577 sanquis.
754 2498 892 2576 illucque
913 2499 979 2560 lieri
1003 2502 1122 2576 potuit,

172 2583 250 2659 quod
273 2581 414 2643 fidelibus
431 2589 498 2660 post
520 2582 774 2645 consecrationem
797 2583 911 2642 ostendi
938 2599 1023 2642 sacra
1045 2582 1125 2642 donn

172 2661 307 2724 Ecclesia
329 2666 575 2742 praescripserit.
607 2668 640 2723 ut
663 2663 682 2720 ii
706 2665 846 2724 nimirum
874 2664 923 2724 illa
945 2665 1120 2731 adorando,

172 2746 251 2805 hanc
273 2747 411 2806 eamdem
436 2746 649 2822 professionem
673 2745 752 2805 taciti
775 2747 957 2807 emitterent.
984 2745 1122 2805 Primum

172 2827 302 2907 hujusce
325 2830 399 2888 ritus
421 2828 621 2887 institutorem
646 2825 737 2886 luisse
758 2825 968 2889 Hildebertum
991 2847 1028 2888 ex
1050 2826 1123 2904 Epi-

173 2929 263 2988 scopo
275 2909 507 2972 Cocnomauensi
523 2908 729 2969 Turoneusem
746 2907 1014 2987 Archiepiscopum
1031 2910 1125 2988 conji-

174 2993 214 3053 cit
242 2991 284 3052 Le
307 2993 388 3052 Brun
410 2991 497 3052 Tom.
521 2989 586 3084 lp.
611 2990 710 3051 lert.
734 2987 825 3052 deul
854 2993 1015 3052 subscribit
1038 2991 1119 3053 Clar

174 3073 335 3153 Cajetanus
358 3076 491 3134 Meretus
515 3063 767 3135 Commentario
753 3093 789 3133 en
804 3072 979 3136 (iocantem
1001 3073 1085 3133 Tom
1107 3073 1123 3134 l

171 3162 250 3231 part.
275 3157 299 3216 l
324 3153 428 3253 Neque
451 3163 552 3216 tamen
574 3157 722 3231 quispiam
747 3154 816 3214 hinc
838 3155 893 3215 sibi
918 3156 1119 3232 persuadeat

173 3239 228 3298 hoc
257 3237 349 3298 luisse
378 3240 508 3314 primum
537 3237 719 3304 adorationis
747 3234 954 3297 Eucharistiae
980 3239 1121 3298 initium:

174 3336 252 3394 quae
275 3319 395 3395 quidem
423 3321 558 3379 adoratio
584 3323 648 3376 tum
680 3319 817 3389 iuterna,
847 3323 1079 3387 tumentem,
1104 3340 1122 3379 a

174 3400 312 3476 dogmate
335 3402 371 3459 de
387 3399 457 3459 reoli
473 3398 613 3459 Christi
605 3417 636 3457 m
650 3397 845 3460 Sacramento
867 3403 1033 3478 praesentia
1048 3421 1125 3462 nun

173 3497 264 3555 quam
287 3482 366 3550 luit,
390 3483 543 3559 seJuucta3
569 3486 601 3542 ut
615 3486 718 3541 contra
732 3481 900 3543 haereticos
922 3484 1125 3545 eruditissime

175 3562 283 3633 prohat
309 3551 380 3624 B'oss
368 3569 480 3623 s.uetus
509 3560 661 3625 Constat
653 3579 796 3642 insuper,
824 3567 957 3643 primum
987 3574 1127 3643 tempore
