2517 4059
473 244 698 314 wilh&-
768 257 775 266 ’

101 381 232 449 paretur.
248 366 286 427 Et
299 387 397 428 ornnes
419 371 541 448 antiqui
562 389 717 430 sacrorum
734 366 861 429 usinum
883 371 1062 448 impetitores

106 459 275 510 secretana
299 460 411 508 secreto
434 461 459 508 et
482 452 600 511 silentio
622 451 770 512 derivant.
794 451 967 511 Amalarius
993 451 1058 512 Lib.

104 531 179 592 lde
201 530 419 592 Ecclesiasticis
445 530 471 591 O
500 534 554 593 ciis
576 531 651 610 Cap.
673 535 720 593 ltlz
745 531 866 593 Secreto
887 533 954 591 ideo
969 538 1061 593 inomi-

105 623 223 682 notnr,
248 615 444 694 quiescente
478 615 584 674 icitur.
610 615 695 674 {dem
718 618 747 674 in
771 607 889 691 liclopis
903 615 939 673 de
958 612 1060 696 Officio

106 694 219 756 Missae
241 695 326 755 ortilis
350 712 366 752 a
383 697 447 753 viro
470 697 637 756 clarissimo
658 695 810 773 Stephano
825 696 946 755 Baluzio
962 699 991 754 in
1007 716 1061 772 ap-

106 778 234 855 pendice
256 775 473 851 capitularium
497 776 585 837 Tom.
610 777 637 836 ll
661 779 717 837 eol.
745 775 825 836 taut
847 778 969 838 Secreto
984 777 1060 838 dici·

106 867 172 928 ταν,
198 877 230 917 eo
252 856 332 936 qnod
353 869 495 917 secretam
520 862 682 920 orationem
712 857 765 917 dot
792 855 954 937 Episcopus
974 877 1061 939 super

108 941 298 1000 oblationem.
322 938 378 997 Sed
402 942 449 999 vel
474 940 530 999 hoc
555 942 613 1000 ritu
638 941 702 1000 rnlt
723 942 905 1016 exprimere.
929 947 960 1000 et
976 942 1061 1003 exhi-

105 1021 182 1082 here
205 1039 273 1081 crim
297 1021 397 1080 debito
419 1021 534 1081 honore
556 1022 719 1082 silentium.
733 1038 793 1095 quo
804 1022 944 1082 Christus
962 1020 1061 1081 llomi-

102 1119 164 1163 nus
187 1104 326 1182 dignatus
348 1107 400 1161 est·
416 1103 496 1165 lerre
519 1122 573 1180 pro
597 1103 681 1162 nobis
709 1104 924 1162 immanissima
950 1105 1062 1182 suppli-

105 1185 176 1246 cia.
200 1187 332 1261 seipsum
356 1185 463 1244 tacitus
485 1185 613 1244 ollorens
637 1185 699 1244 Deo
730 1182 808 1246 Patri
833 1186 961 1246 hostiam
996 1203 1062 1262 pro-

127 1268 272 1326 itiatlonis
296 1282 350 1341 pro
372 1268 501 1342 peccatis
530 1267 661 1330 nostris,
691 1273 725 1327 ut
746 1264 848 1324 firmat
868 1266 1061 1328 Innocentius

104 1285 187 1426 gepa
210 1347 255 1409 lll
277 1345 343 1405 Lib.
368 1345 395 1406 ll
419 1346 453 1404 de
469 1345 623 1426 Mysteriis
646 1344 754 1407 mesae
777 1347 849 1424 Cap.
874 1346 914 1407 ot
929 1356 960 1407 et
974 1368 1056 1425 seqq.

102 1429 151 1489 vel
175 1435 262 1506 putat
283 1429 388 1488 eadem
413 1427 470 1486 hoc
486 1430 603 1488 silentio
627 1431 845 1497 reverentiam,
869 1437 899 1489 et
915 1430 1061 1508 majorem

104 1513 300 1571 attentionem
324 1510 447 1570 excitari
471 1511 732 1571 circumstantium
748 1512 867 1579 animis,
891 1510 963 1570 dum
980 1513 1061 1572 solus

103 1591 253 1653 Sacerdos
276 1609 410 1652 seorsum
435 1599 502 1651 orat
526 1610 581 1669 pro
606 1593 738 1667 populo,
762 1592 1016 1668 qrremadmodnm
1034 1595 1061 1652 in

106 1673 270 1735 Sacrlfrciis
294 1674 404 1733 veteris
428 1672 514 1749 legis
535 1673 680 1733 Sacerdos
702 1681 844 1735 oraturus
867 1692 920 1748 pro
937 1683 1025 1752 gente
1040 1675 1063 1735 l·

103 1756 256 1816 sraelitica
284 1753 365 1815 solus
387 1755 516 1814 intrabat
544 1758 572 1812 in
596 1752 816 1812 Sanctrrarinm.
847 1754 936 1815 Putat
958 1763 1059 1816 autem

104 1837 263 1914 Rupertus
291 1836 354 1894 Lib.
383 1835 411 1896 ll
438 1835 472 1894 de
496 1836 617 1896 Divinis
644 1832 754 1917 Officiis
775 1835 848 1912 Cap.
874 1835 893 1894 le
915 1838 981 1897 ideo
1008 1838 1080 1896 has.

104 1918 255 1980 Collectas
277 1923 393 1978 secreto
417 1918 473 1975 dici
497 1935 534 1975 ex
557 1935 616 1985 eo,
641 1918 719 1990 quod
743 1916 882 1977 Christus
904 1928 972 1978 anre
996 1937 1062 1996 pas·

107 2001 225 2062 sionem
250 1999 418 2076 paullulum
442 2003 620 2068 secesserit,
646 2015 698 2055 nec
715 2001 811 2074 palam
835 2000 913 2073 apud
937 2000 1063 2060 ludaeos

108 2083 304 2142 ambularet.
330 2082 400 2140 licet
421 2079 551 2140 salutare
575 2079 660 2138 nohis
682 2096 754 2139 suae
770 2082 915 2156 passionis
938 2083 1062 2142 medita-

104 2171 193 2225 retur
215 2162 455 2223 Sacramentum.
481 2161 608 2220 Causam
631 2177 704 2219 vero
726 2160 757 2220 S.
782 2162 913 2222 Thomas
929 2162 958 2222 3.
977 2171 1060 2243 parte

106 2250 226 2322 quaest.
251 2243 292 2304 83
314 2251 371 2303 art.
390 2241 408 2301 lr
424 2242 461 2302 ad
477 2242 496 2300 6
513 2261 583 2301 eum
601 2261 667 2300 esse
685 2243 858 2302 arbitratur.
884 2247 963 2320 quod
982 2249 1061 2305 circa

105 2327 252 2406 passionis
274 2331 393 2401 tempus
408 2323 550 2403 Discipuli
567 2324 681 2383 nonnisi
697 2326 813 2387 occulte
828 2325 981 2387 Christum
997 2345 1063 2388 con·

106 2407 278 2468 fiterontur.
304 2405 335 2464 ln
360 2405 490 2466 Ecclesia
517 2405 649 2466 Romana
674 2408 732 2467 ritu
747 2410 903 2468 tietasrano
928 2427 986 2468 una
1003 2420 1061 2469 tan·

107 2497 174 2550 trrrn
198 2487 262 2548 lere
284 2504 404 2564 semper
428 2493 523 2548 oratio
547 2500 656 2548 secreto
678 2499 746 2560 est,
770 2491 840 2550 licet
855 2490 931 2547 duae
948 2495 982 2548 nt
998 2492 1060 2566 plu·

106 2572 220 2631 rimam
246 2571 274 2628 in
298 2568 392 2647 prima
416 2569 524 2628 Missae
547 2573 681 2629 oratione
704 2576 885 2630 statuantur.
909 2567 941 2626 ln
966 2567 1061 2646 Expo-

107 2655 215 2713 sitione
231 2651 340 2711 Missae
356 2650 474 2710 Saeculi
490 2650 534 2710 tx
556 2651 649 2710 trecis
671 2652 865 2711 orotinncnle
880 2652 1059 2725 appellatur,

106 2751 145 2796 ex
169 2753 229 2811 qno
251 2733 431 2802 coniicitur,
463 2751 552 2792 unam
577 2738 691 2791 tantum
716 2731 818 2792 luisse.
850 2731 964 2791 Sensim
989 2750 1061 2792 usus

107 2816 247 2884 obtinuit,
272 2820 306 2875 ut
320 2814 421 2888 plures
437 2813 618 2876 dicerentur,
642 2816 782 2888 quocirca
799 2815 888 2873 hodie
903 2821 978 2888 qrrot
992 2820 1060 2874 ante

108 2897 275 2974 Epistulam
294 2896 374 2955 clara
391 2913 464 2953 voce
480 2913 494 2952 a
511 2893 687 2954 Celebrante
703 2897 851 2954 orationes
867 2896 961 2952 dictae
977 2901 1056 2966 sunt,

106 2979 232 3041 totidem
257 2983 372 3038 secreto
395 2978 500 3037 eodem
518 2977 622 3036 ordine
639 2977 675 3035 ad
696 2972 817 3036 Secreto
833 2981 900 3037 sunt
924 2981 1061 3052 repeten-

107 3061 175 3121 dae.
200 3060 345 3121 Sacerdos
366 3075 472 3120 vocem
496 3059 611 3118 extollit
633 3059 734 3116 dicens
755 3058 784 3115 in
806 3057 960 3119 Orationis
981 3055 1056 3117 hue:

5 3145 8 3153 '
111 3139 173 3202 Per
188 3145 288 3202 omnio
303 3145 418 3201 soeculo
434 3141 628 3199 snecnlornm.
658 3139 731 3198 llum
747 3146 849 3200 oraret
866 3156 966 3198 secum
984 3140 1059 3214 ipse,
1118 3167 1125 3178 ·

108 3223 138 3281 in
155 3241 191 3284 eo
214 3223 312 3283 llirini
335 3223 446 3282 amoris
469 3224 544 3298 ignis
567 3239 624 3279 non
646 3221 768 3280 accendi
793 3241 849 3280 non
874 3222 990 3296 potuit3
1014 3222 1062 3279 ol·

107 3307 224 3371 moini,
249 3315 276 3364 et
292 3305 325 3362 in
341 3303 530 3363 meditatione
552 3321 617 3362 meo
640 3300 806 3363 exardescit
827 3303 902 3380 ignis
924 3300 1061 3362 Psalmus

109 3385 293 3452 xxxvllt
318 3386 418 3461 itaque
441 3405 458 3445 e
478 3392 565 3460 raptu
589 3385 681 3445 veluti
705 3384 833 3460 quodam
858 3401 1007 3458 egressus,
1031 3391 1062 3444 et

101 3467 260 3529 ¹adstantes
281 3485 386 3526 omnes
408 3469 436 3525 in
459 3467 601 3526 orationis
623 3483 713 3542 quam
738 3466 845 3533 edidit,
870 3474 985 3541 partem
1008 3484 1060 3525 ro·

110 3565 179 3610 care
202 3551 323 3611 studens
339 3549 489 3609 silentium
508 3547 642 3623 rumpit,
667 3555 697 3608 et
713 3549 838 3608 orationi
859 3543 949 3608 finem
965 3548 1061 3624 impo-

110 3633 154 3691 nit
175 3634 391 3693 exclamatione
415 3629 472 3690 hac
495 3631 578 3708 ipsa.
603 3647 660 3703 qrra
679 3632 852 3690 universum
876 3636 994 3691 caetum
1017 3631 1061 3691 in-

107 3715 204 3786 ritat,
228 3721 262 3776 ut
283 3717 310 3776 ei
333 3731 366 3776 se
387 3713 496 3781 addat,
521 3712 758 3791 respondeatque
781 3717 883 3775 Amen.
