2517 4059
584 181 646 243 w
668 170 729 232 aaa
750 177 812 240 G!-
1016 250 1018 255 .

221 298 273 361 siis
290 300 403 358 intrusa
420 297 543 360 luerunt
558 300 587 358 in
603 299 681 360 liano
702 299 869 360 orationem
885 299 1004 358 nomina
1023 296 1187 360 Coniesso·

220 399 314 442 ram.
339 383 391 455 qui
413 382 584 458 specialiter
608 383 638 442 in
660 383 719 443 illis
741 382 937 446 colebantur,
962 397 996 440 ac
1018 382 1187 442 restibulus

214 464 410 540 postmodum
433 461 490 524 luit
511 470 596 526 vetus
620 481 684 524 mos
706 463 878 524 nominandi
905 464 933 520 in
955 460 1077 523 Cannae
1100 463 1187 522 soloe

220 544 382 622 Martyres.
406 545 477 607 Ritu
500 552 600 606 taurea
623 544 825 605 ambrosiano
846 546 946 620 plures
968 544 1185 622 adjiciuntur,

221 643 390 702 eorumque
413 629 533 688 aomina
555 629 721 688 recitantur
743 628 848 686 ordine
870 643 887 685 a
909 627 1045 686 Romano
1059 624 1187 686 Missaii

221 709 353 768 universo.
381 708 414 767 ln
442 709 553 768 blissali
579 707 716 770 Plenario
740 707 911 778 Vaticano,
943 717 1008 785 post
1036 708 1187 769 Sanctam

220 791 431 857 Anastasiam,
456 791 574 861 additur
597 788 789 867 Eupbemia,
813 789 966 857 Victoria,
992 788 1184 859 Anatbolia,

221 889 299 948 quae
322 876 500 950 martyrium
534 889 640 949 passae
662 879 731 932 sunt
763 874 819 933 sub
843 872 944 930 Decio.
970 869 1013 931 lte
1039 873 1092 932 bis
1116 871 1187 930 vide

220 954 427 1031 Agiograpbos
450 955 658 1015 Bollandianos
679 954 717 1012 ad
738 955 819 1013 diem
841 951 888 1013 IX
911 953 989 1013 lolii.
1013 951 1047 1013 ln
1069 951 1186 1014 Codice

220 1033 335 1093 Tiliano
358 1053 394 1094 ex
416 1033 474 1096 fide
490 1035 623 1100 Menardi
642 1033 737 1097 Notae
758 1037 793 1096 in
809 1036 1089 1095 sacramentorium
1112 1052 1184 1112 pag.

219 1114 256 1174 21
275 1117 394 1176 additur
409 1116 589 1194 Euphemia.
608 1117 691 1178 Alias
705 1118 870 1177 additiones
892 1134 929 1174 ex
943 1115 1109 1177 Codicibus
1125 1116 1186 1176 Va·

220 1199 350 1268 liranis,
376 1200 483 1260 iudicat
505 1199 671 1260 Cardinalis
692 1199 785 1260 Bona.
809 1197 975 1258 Nonnullae
1002 1199 1076 1260 item
1100 1198 1184 1258 addi·

221 1281 317 1340 liones
340 1285 406 1357 post
421 1280 608 1342 Anastasiam
631 1299 671 1341 ex
685 1281 896 1342 vetustissimis
909 1277 1072 1340 Codicibns
1096 1280 1184 1340 exbi-

221 1361 274 1420 bet
289 1361 454 1422 Marieuius
476 1363 541 1422 Lib.
560 1363 577 1423 i
596 1362 630 1422 dc
647 1363 780 1442 antiquis
797 1360 942 1422 Ecclesiae
958 1361 1082 1422 Ilicibus
1104 1361 1180 1438 Cap.

220 1441 265 1504 lv
287 1449 344 1501 art.
368 1443 451 1505 Vlll.
475 1443 536 1506 Cur
557 1449 659 1505 autem
683 1445 826 1505 Matthias
847 1443 1008 1518 Apostolus
1031 1444 1183 1503 hocloco

220 1526 382 1592 recitetur,
408 1546 465 1587 non
489 1545 560 1586 vero
583 1545 651 1586 cunr
676 1529 741 1586 aliis
764 1527 914 1602 Apostotis
946 1527 982 1583 ad
1007 1525 1183 1588 Communi-

221 1618 331 1672 cuntes,
357 1608 497 1668 videlicet
519 1610 589 1683 uaria
605 1609 753 1669 Passionis
775 1614 911 1683 tempore
932 1606 1182 1674 aureatenses

219 1689 404 1766 apostolatus
426 1690 599 1768 dignitatem
624 1691 756 1752 nondum
778 1693 993 1756 evectuseral,
1018 1691 1061 1748 uti
1085 1707 1126 1750 ex
1142 1689 1181 1747 A·
1234 1748 1235 1753 ,

220 1771 275 1829 ctis
298 1771 508 1846 Apostolorum
532 1777 647 1834 constat
667 1771 741 1847 Cap.
765 1769 779 1830 1
802 1788 831 1828 v.
854 1769 907 1829 26.
931 1770 993 1832 Cur
1014 1772 1090 1831 item
1115 1768 1179 1830 sre-

219 1851 337 1929 pbanus
364 1851 422 1912 boo
446 1854 509 1912 loco
537 1861 605 1914 ante
628 1853 788 1916 Matthiam
812 1853 982 1911 nominetur
1004 1855 1084 1912 ratio
1107 1857 1175 1920 est,

220 1936 289 2010 quia
312 1939 380 1993 ante
397 1936 493 2010 ipsum
510 1942 576 2011 post
590 1936 759 2014 passionem
775 1932 895 1993 Domini
919 1935 968 1993 ille
982 1935 1103 2010 primus
1118 1949 1179 1992 om·

221 2017 304 2076 nium
330 2018 498 2096 Martyrum
521 2017 748 2094 triumpharii3
776 2013 911 2076 Ecclesia
933 2017 1042 2092 quippe
1067 2017 1100 2074 in
1123 2015 1177 2074 bac

218 2095 364 2158 Oratione
387 2117 443 2158 non
466 2100 503 2160 ad
526 2099 723 2177 dignitatern,
749 2098 800 2158 sed
822 2097 859 2157 ad
882 2099 1017 2176 martyrii
1040 2099 1176 2157 ordinem

96 2203 101 2214 ·
220 2179 352 2256 respicit.
376 2178 439 2240 Cur
460 2186 560 2242 autern
585 2185 650 2240 tum
673 2186 768 2246 ante,
794 2184 859 2240 tum
882 2187 947 2257 post
968 2178 1177 2240 Consecratio·

221 2278 289 2321 nem
313 2261 380 2321 ideo
403 2259 446 2330 fil,
473 2267 505 2322 nt
527 2279 634 2324 eorum
657 2261 844 2321 obtineamus
866 2260 1018 2338 suffragia,
1042 2262 1173 2336 ipsorum

222 2343 467 2404 communionem
484 2359 718 2422 consequamur,
736 2343 865 2402 virtutes
879 2343 1008 2418 denique
1030 2343 1175 2421 adipisca-

220 2441 305 2492 mur,
330 2429 360 2484 ct
381 2427 514 2502 gratias,
539 2445 614 2503 quas
637 2424 721 2485 nobis
743 2442 781 2485 ex
801 2422 910 2484 Sancto
932 2422 1090 2484 Sacrificio
1113 2439 1173 2500 pos

218 2523 324 2566 sumus
347 2507 504 2582 polliceri;
528 2505 561 2568 iit
583 2523 658 2568 raro
679 2508 771 2568 etiam
793 2513 861 2582 post
882 2505 1171 2567 Consecratiouem‚

220 2588 288 2664 quia
307 2583 401 2649 Deum
427 2606 559 2652 oramus.
585 2595 617 2649 ui
639 2588 834 2648 indictorum
857 2585 1033 2647 Sanctorum
1055 2592 1173 2648 caetum

220 2685 273 2727 nos
296 2668 466 2731 adscribere
490 2670 642 2748 dignetur.
668 2669 712 2728 Ac
737 2673 897 2746 propterea
924 2670 1022 2746 prima
1043 2681 1173 2729 comme·

220 2751 350 2810 morelio
373 2751 482 2814 dicitur
504 2752 545 2811 od
558 2750 750 2833 suffrupiuyn,
773 2750 905 2810 secundo
927 2749 968 2809 od
981 2752 1169 2812 consumtum.

219 2829 381 2892 Caeterum
404 2834 545 2896 observat
567 2833 675 2894 blerati
698 2833 734 2892 ad
756 2829 883 2892 (lavanti
899 2831 1046 2894 Rubricas
1059 2832 1133 2892 Pars
1146 2824 1171 2885 ll

219 2912 280 2972 Tit.
305 2912 352 2972 lX
374 2917 464 2976 etiam
488 2917 603 2994 optime
629 2915 795 2974 institutam
818 2914 909 2974 inisse
935 2915 1012 2974 banc
1034 2915 1171 2991 depreca-

219 2995 357 3056 tionem:
383 2997 454 3073 quia
479 3013 547 3058 curn
571 2993 847 3071 Sacerdos'paullo
871 3001 940 3056 ante
965 2997 1098 3057 oraverit
1122 3005 1171 3070 pro

218 3077 302 3146 aliis,
328 3083 392 3137 turn
416 3080 514 3148 vivis,
539 3083 602 3139 lum
626 3076 795 3144 deiunctisa
820 3077 908 3137 modo
930 3078 1117 3156 progreditur
1135 3070 1168 3132 ad

218 3157 367 3218 orandum
389 3161 479 3221 etiam
502 3177 557 3237 pro
580 3177 613 3220 se
635 3161 720 3237 ipso,
744 3159 813 3234 quia
835 3163 866 3218 et
887 3159 951 3238 ipse
972 3158 1168 3220 circumdatus

218 3247 264 3300 ost
287 3236 482 3310 infirmitate,
506 3245 539 3303 et
559 3241 650 3302 debet
670 3239 924 3316 quemadmodum
949 3259 1002 3317 pro
1025 3242 1109 3309 aliis,
1131 3237 1166 3294 tu
1222 3250 1223 3263 ¹

219 3322 311 3380 etiam
341 3339 395 3398 pro
423 3341 454 3384 se
478 3325 541 3398 ipso
564 3320 749 3383 Sacrificium
772 3320 906 3393 otierrc3
938 3327 1118 3383 nouantem
1137 3330 1165 3374 se
1221 3362 1222 3369 .

219 3402 319 3474 ipsum
344 3403 454 3464 iudicet
474 3403 616 3481 singulari
640 3419 792 3473 numero,
819 3405 871 3464 sed
893 3403 1001 3480 plurali
1021 3401 1162 3465 dicendo:
1220 3434 1221 3473 p

209 3480 313 3541 noua
335 3502 449 3561 qnoque
469 3486 693 3561 peccatoribus:
713 3492 862 3559 qaratenus
883 3484 1071 3547 Sacrificium
1092 3475 1162 3560 quod

221 3561 361 3633 offertur,
379 3573 496 3626 nonest
517 3567 677 3644 singularis
700 3583 856 3643 personae,
878 3568 937 3629 sed·
953 3566 1102 3628 militantis
1116 3562 1163 3624 Ec·
