2517 4059
496 236 721 307 0mti33ildlt‘

129 353 308 432 Sprlmum
333 356 518 425 Sacrificium
543 365 571 425 in
592 364 796 427 pentecostem
821 384 916 443 usque
943 383 1087 447 proroga·

136 440 202 497 lum
224 438 388 513 existimat,
409 461 504 520 quum
524 464 616 525 super
631 465 683 508 eos
697 448 734 511 de
749 446 840 510 Coelo
854 447 1018 512 Paraolitus
1034 450 1087 511 im·

132 519 243 581 missus
263 519 338 593 luit;
363 524 451 602 idque
474 528 559 589 alleri
581 538 804 607 argumentum,
828 532 906 608 quod
928 533 975 594 lex
998 535 1087 594 vetus

132 616 229 679 usque
250 601 288 663 ad
309 601 516 671 Pentecostem
531 612 592 672 rim
613 630 699 673 suam
715 614 879 683 retinuerit,
897 629 991 691 quum
1006 629 1085 675 nora

132 683 265 745 nondum
289 688 359 747 satis
382 693 568 768 promulgata
595 701 691 764 esset,
716 696 862 777 ideoque,
886 714 947 754 noc
968 694 1085 757 decedat

130 782 244 827 novum
264 766 370 848 offerri
390 770 579 854 Sacrificium
600 776 774 838 sacerdotio
796 774 927 838 nondum
948 778 1081 838 translu-

131 855 171 907 to.
184 843 266 907 Huic
288 852 408 927 quidem
434 859 598 918 sententiae
623 861 759 937 congruit
779 858 938 921 Sacrarum
957 857 1084 919 Littera·

129 944 201 988 rum
223 934 398 1005 auctoritas,
420 938 449 997 in
471 939 578 1017 quibus
596 941 731 1019 Apostoli
753 941 842 1003 simul
863 942 893 1001 in
912 939 1082 1001 Coenaculo

131 1010 226 1077 coacti
248 1018 317 1075 anto
344 1016 479 1094 illapsum
497 1020 635 1083 Paracliti
655 1024 864 1085 describuntur
890 1040 1080 1100 perseueran-

12 1090 19 1101 '
131 1100 174 1153 tcr
194 1096 380 1157 unanimiter
400 1100 433 1159 iu
454 1104 598 1164 oratione.
615 1105 729 1166 Deinde
750 1124 843 1184 quum
859 1106 922 1165 dies
943 1102 1083 1165 Penteco-

129 1179 191 1235 stes
212 1178 445 1254 complerentur,
460 1188 489 1244 et
509 1186 565 1245 suh
585 1188 677 1249 variis
692 1189 800 1265 linguis
821 1189 850 1249 in
872 1188 937 1247 illos
952 1185 1081 1264 Spiritus

129 1254 257 1319 Sanctus
279 1260 491 1337 descendisset,
509 1276 579 1328 tunc
601 1288 732 1347 quoque,
757 1275 842 1329 erant
857 1280 1081 1351 perseuerantes

127 1339 164 1397 in
175 1342 436 1405 communicatione
449 1347 605 1424 fractionis
615 1355 716 1432 ponis,
731 1361 759 1411 ct
781 1352 978 1412 orationibus.
992 1349 1081 1424 Quod

127 1419 165 1479 ad
187 1424 319 1498 primum
343 1423 452 1488 Missae
473 1440 650 1511 apparatum
672 1439 799 1513 spectat;
824 1433 965 1511 quidquid
987 1433 1024 1493 de
1046 1430 1076 1494 S.

125 1499 210 1563 Pauli
229 1508 343 1583 poculo
358 1508 568 1591 disceptetur,
594 1522 695 1577 utrum
718 1533 802 1577 sacra
820 1518 922 1585 vestis,
936 1531 971 1574 au
994 1514 1079 1575 volu·

125 1600 195 1644 men
218 1602 319 1647 sacrae
342 1588 428 1667 Legis
454 1592 555 1656 luerit:
576 1597 650 1657 illud
675 1597 861 1657 affirmamus
883 1616 950 1656 cum
966 1595 1016 1655 SS.
1035 1596 1072 1655 1).

124 1662 163 1723 Ν.
187 1666 348 1729 Benedioto
370 1671 456 1742 xiv,
481 1679 557 1754 quod
579 1678 650 1741 licet
671 1697 729 1739 uon
752 1680 855 1755 eadem
880 1696 1003 1757 pompa,
1027 1695 1077 1737 θᾶ-

126 1746 256 1825 demque
278 1746 505 1830 magnificentia,
530 1778 588 1837 qua
611 1762 826 1837 posterioribus
841 1759 992 1820 Ecclesiae
1007 1759 1077 1820 Sae-

125 1829 213 1909 cnlis‚
240 1838 508 1915 sanota'Mysteria
529 1843 679 1903 celebrata
700 1844 827 1914 luerint3
851 1842 1009 1921 Apostolos
1032 1845 1076 1901 la·

123 1928 192 1971 men
215 1930 305 1990 super
331 1916 433 1979 Altare
458 1940 521 1983 rem
549 1925 687 1995 Divinam
708 1926 838 1993 iecisse,
861 1931 894 1985 ut
916 1942 952 1983 ex
974 1923 1077 1985 verbis

123 1992 155 2053 S.
178 1992 263 2055 Pauli
285 2005 377 2074 patet:
402 1999 733 2075 detruncatorem
756 2026 812 2086 pcc
836 2006 919 2067 cdere
941 2025 1001 2065 oon
1021 2006 1075 2067 lra-

122 2077 191 2136 bost
209 2086 403 2157 potestatem.
431 2090 484 2163 qui
512 2088 702 2150 tabernaculo
728 2088 906 2149 deserviunt.
935 2088 1074 2149 Affirma-

121 2176 189 2218 mus
204 2160 307 2231 etiam,
320 2181 370 2224 eos
392 2166 428 2227 ad
452 2168 648 2231 imitationem
665 2171 731 2232 lesu
748 2171 870 2241 Christi,
886 2168 985 2231 Calice
1000 2189 1071 2232 usos

120 2240 236 2310 luisse,
261 2250 291 2303 et
313 2243 448 2320 Pateria,
478 2252 520 2311 uti
546 2270 582 2312 ex
605 2254 882 2332 antiquissimorum
908 2253 1071 2313 Librorum

120 2324 290 2385 testimonio
311 2328 422 2405 liquet,
446 2334 610 2395 cuiusmodi
633 2342 680 2397 est
700 2334 852 2413 liturgia,
875 2354 950 2411 quae
972 2334 1003 2395 S.
1029 2333 1070 2395 la·

119 2405 195 2467 eobo
222 2408 375 2470 tribuitur.
399 2411 535 2477 Dicimus
562 2418 680 2479 tandem
706 2435 771 2477 esse
796 2418 914 2478 veritati
937 2418 1068 2479 maxime

121 2493 379 2564 consentaneum,
407 2498 484 2571 quod
507 2498 644 2578 Apostoli
668 2517 786 2560 sacrum
811 2498 951 2561 iacientes
984 2499 1070 2560 indu-

119 2574 221 2631 menta
243 2590 260 2631 a
281 2574 432 2635 communi
458 2598 516 2641 usu
539 2588 654 2642 remota
675 2582 903 2655 assumpserint.
928 2580 961 2641 ld
986 2582 1067 2641 enim

118 2658 150 2712 et
171 2654 214 2711 rei
237 2654 371 2731 dignitati
394 2661 525 2723 maxime
548 2665 698 2728 convenit,
721 2670 751 2723 et
773 2662 950 2724 ludaeorum
968 2680 1069 2725 exem-

117 2734 173 2809 plis
199 2740 267 2798 ante
290 2738 393 2801 oculos
415 2744 583 2821 propositus
602 2744 796 2805 suadebatur.

481 2902 606 2967 CAPUT
629 2905 682 2968 Vl.

175 3080 217 3123 na
239 3081 371 3127 Amnius
393 3084 516 3131 oaurru
539 3087 599 3131 rao
621 3086 858 3132 cucuonarroua
879 3089 990 3133 urssrs.

153 3223 177 3285 l.
202 3224 246 3289 Ile
270 3218 380 3290 Allaiis
401 3240 505 3295 ornatu
533 3234 692 3306 dicendum
726 3253 803 3295 nunc
825 3242 895 3306 est,
920 3236 981 3295 sine
1003 3251 1063 3309 quo

112 3305 235 3367 Missam
258 3312 423 3385 celebrare,
447 3321 499 3376 aut
519 3316 602 3377 nolas
624 3323 682 3388 est,
705 3321 758 3377 aut
780 3317 966 3378 indecorum.
984 3314 1061 3377 Con-

112 3388 190 3449 sistit
212 3390 262 3451 hic
286 3394 313 3451 in
337 3393 432 3456 linteis
458 3400 575 3458 mundis
598 3399 695 3459 tribus
717 3398 754 3457 ab
776 3396 935 3477 Episcopo,
955 3397 1002 3458 vel
1025 3396 1063 3457 ab

109 3467 169 3529 alio
191 3471 365 3535 facultatem
397 3477 525 3539 habente
546 3480 710 3541 benedictis
729 3500 736 3538 ε
762 3482 789 3539 in
812 3480 924 3542 Allaris
946 3480 1060 3559 pallio,

112 3550 197 3631 cujus
212 3555 295 3616 color
309 3554 473 3621 Festivilati
489 3570 646 3641 congruet3
664 3564 693 3622 in
709 3559 836 3623 'labellis
856 3562 1059 3635 Secrelarum3

113 3631 142 3691 in
164 3638 308 3713 pulvino;
332 3639 362 3699 in
384 3641 499 3705 duobus
531 3644 566 3704 ad
589 3645 747 3705 minimum
769 3643 897 3718 Cereis3
928 3648 956 3707 in
985 3644 1064 3707 binis

247 3733 305 3787 vol.
324 3740 358 3789 ll.
446 3789 449 3795 ,
871 3744 906 3794 22
