2517 4059
516 160 740 258 «31183333.
796 234 804 249 ἱ

150 294 267 356 rtioilos
280 288 499 362 festivitatum,
517 304 543 353 ot
559 291 735 353 solemnitas
749 292 991 354 solemnitatum.
1007 289 1107 370 Hujus

151 375 233 438 Festi
255 375 340 450 origo
362 372 399 431 ad
423 374 582 450 Apostolos
604 375 785 444 reserenda,
811 380 844 435 ut
865 376 907 435 ait
929 374 1023 435 Divus
1046 378 1108 435 Au-

151 456 287 536 gostinus
316 451 449 532 Epistola
471 454 549 517 ltv.
573 454 709 515 Romana
731 454 865 515 Ecclesia
893 458 1028 517 omniurn
1054 456 1107 516 Ec-

152 539 314 599 etesiarum
331 536 429 597 Mater
450 544 481 596 et
496 537 650 615 Magistra,
675 544 809 598 veterem
825 528 951 614 sequuta
975 556 1105 607 morem,

152 619 268 682 Pascha
290 616 462 678 celebrabat
483 636 518 678 ea
540 620 707 687 Dominica,
721 637 798 696 3333
822 628 887 697 post
909 638 1037 681 remum
1060 638 1109 680 33

153 700 343 779 quiooetium
366 700 656 777 decimamquarlam
678 702 779 761 Martii
803 701 919 761 launam
942 720 1109 777 33333333·

155 790 251 843 33133.
269 781 396 858 Magnae
417 781 490 841 olim
506 783 544 841 de
558 784 738 843 celebrando
762 781 907 843 Paschate
930 782 1014 843 luere
1037 800 1110 843 oon-

154 865 321 924 trorersiae
333 865 479 924 excitatae
495 866 671 940 praesertim
688 864 726 924 ab
738 864 865 931 Asianis,
890 866 941 941 333
953 866 1107 939 antiquam

155 946 344 1005 traditionem
367 953 577 1021 proponentes,
596 949 660 1023 ipsa
683 945 752 1005 luna
767 944 855 1014 xlv,
874 962 956 1005 more
971 947 1106 1025 judaieo,

155 1025 270 1087 Pascha
291 1025 507 1087 celebrandurn
524 1046 589 1089 esse
612 1028 841 1089 contendebant.
865 1026 975 1087 Contra
992 1027 1111 1087 Summi

155 1108 322 1177 Pontifices,
347 1110 408 1166 nixi
430 1109 589 1169 traditione
610 1128 700 1185 33333
724 1127 740 1168 3
764 1108 940 1169 Beatissimo
958 1109 1045 1171 Petro
1062 1127 1112 1168 ae-

155 1196 319 1265 ceperant,
343 1189 421 1248 3333
443 1190 662 1251 solemnitatem
686 1191 869 1251 dillcrebant
889 1192 925 1249 ad
948 1192 1028 1250 diem
1050 1189 1108 1249 Do·
1225 1180 1230 1189 ’

156 1271 321 1339 minicum,
355 1272 408 1347 333
441 1278 508 1347 post
531 1273 753 1349 aequinoctium
778 1290 905 1330 vernum
935 1274 1031 1349 ipsam
1065 1273 1111 1333 lu·

157 1369 226 1411 nam
241 1351 318 1411 xlv
339 1349 477 1427 p'roxime
492 1356 639 1429 sequitur.
657 1352 784 1412 Romam
801 1370 835 1413 ea
852 1352 888 1411 de
906 1372 938 1413 re
961 1354 1042 1413 venit
1056 1351 1112 1411 Po-

158 1434 312 1510 13333333,
336 1439 369 1492 33
391 1449 460 1495 eum
483 1434 609 1495 Aniceto
634 1432 775 1494 Pontihce
797 1434 918 1493 coasilia
941 1434 1110 1506 3331333333

157 1514 209 1573 sed
232 1514 304 1575 nihil
328 1519 397 1573 tune
420 1516 587 1590 perlectum
611 1522 681 1583 est,
706 1525 736 1576 et
760 1516 886 1575 Asianae
909 1514 1060 1579 Ecclesiae
1084 1516 1116 1575 in

157 1612 211 1657 sua
235 1596 380 1658 sententia
403 1603 655 1671 permanserunt,
681 1598 766 1657 sicuti
790 1604 891 1656 narrat
913 1596 943 1657 S
968 1596 1115 1657 trenaeus

157 1676 188 1735 33
205 1678 344 1757 Epistola
366 1676 406 1736 od
432 1677 595 1739 Victoriam
616 1679 695 1755 apud
718 1679 880 1739 Eusebium
904 1677 1042 1739 Historia
1058 1676 1115 1739 Eo-

159 1756 1195 1834 3133133ιί3313333(13321311333331333333133333333,313--

159 1846 242 1903 ctore
254 1834 408 1907 Poabfice,
422 1860 473 1917 3333
465 1838 768 1917 AsianisEpiscopis
784 1842 1015 1901 aeclesiasticam
1033 1859 1112 1908 com·
1126 1914 1129 1920 .
1151 1844 1154 1849 '

158 1925 332 1983 munionem
354 1860 519 1992 interdixit,
544 1923 621 1998 quod
646 1923 770 1992 Pascha
795 1924 901 1983 eodem
923 1942 983 1999 3333
1004 1923 1110 1984 133333

157 2011 295 2079 tempore
317 2003 468 2062 celebrare
484 2006 679 2079 pergebant,
693 2006 819 2081 denique
834 2003 966 2064 Nicaeuo
980 2002 1114 2065 Concilio

48 2145 51 2149 ,
157 2085 314 2161 probatum
337 2082 609 2164 confirmatumque
631 2092 702 2154 est,-
722 2084 823 2162 Ι33331
834 2105 850 2146 3
874 2078 1024 2187 Romanis
1040 2081 1115 2147 Pon·
1149 2162 1151 2165 Ι

103 2183 106 2186 ·
158 2162 290 2225 ttficrbus
307 2170 452 2224 statutum
476 2165 587 2227 iuerat.
660 2168 661 2171 ’
942 2196 945 2203 .
1119 2181 1145 2216 ἀ

198 2246 237 2307 ll
262 2244 452 2306 Hodiernum
469 2246 644 2307 Officiumt
631 2240 790 2311 totumest
812 2198 1108 2319 333333333333333,

157 2327 232 2388 nihil
254 2327 364 2387 dicitur
385 2327 422 2386 de
445 2328 615 2403 Baptizatis,
641 2330 694 2389 uisi
715 2324 746 2388 33
763 2328 881 2397 Cauone
897 2330 1017 2390 Missae.
1035 2330 1114 2403 Quo·
1141 2366 1144 2371 -

158 2410 236 2470 niam
253 2427 325 2470 vero
342 2410 370 2467 33
387 2414 472 2467 33333
488 2408 607 2471 Sabbati
632 2410 716 2470 tarde
739 2410 902 2471 admodum
926 2411 962 2469 ab
978 2410 1113 2471 Ecclesia

157 2488 274 2551 Fideles
296 2491 538 2566 egrediebantum
556 2491 692 2551 redibant
714 2492 748 2551 ad
773 2492 938 2551 Ecclesiam
962 2494 1016 2553 sub
1039 2493 1115 2552 lucis

157 2578 269 2632 ortum:
285 2570 399 2631 Eodem
410 2572 1115 2652 33333333133333331333333333313333333-
1130 2586 1136 2595 ·

157 2652 396 2715 3333,3331313’33
410 2653 475 2711 luce
489 2672 556 2714 rum
581 2664 645 2714 ente
657 2656 800 2723 13333333,
814 2655 856 2713 333
867 2655 948 2715 Ordo
960 2654 1115 2715 Romanus

158 2735 235 2811 apud
250 2733 445 2793 Thomasium
469 2753 536 2811 pag.
555 2675 604 2794 30.
622 2736 697 2797 Cum
717 2737 806 2811 igitur
830 2738 916 2795 nimis
940 2736 1022 2796 tarda
1046 2742 1111 2795 erat

158 2816 235 2878 3333
257 2835 310 2892 pro
328 2816 413 2893 longo
435 2815 564 2887 Officio,
589 2818 660 2892 3333
685 2834 741 2875 uox
762 2815 824 2891 jam
849 2822 1026 2883 transierat,
1051 2815 1112 2876 No-

158 2899 272 2958 cturnis
287 2898 418 2975 amplius
440 2916 498 2957 oon
519 2903 585 2957 erat
601 2900 698 2967 locus;
725 2916 802 2957 unus
819 2902 939 2959 tantum
962 2898 1119 2958 dicebatur

158 2978 342 3046 Nocturnus.
367 2981 445 3039 sicut
461 2980 548 3037 hodie
569 2980 678 3039 dicitur
700 2997 754 3057 per
770 2984 861 3038 totam
882 2980 1114 3041 hebdomadam.

157 3058 271 3139 Hymni
287 3059 563 3137 enim,ctCapituta
581 3078 638 3119 non
654 3061 1117 3138 (13333133,333333313333333

159 3160 213 3219 per
235 3144 336 3209 horas,
354 3142 405 3201 scd
430 3148 544 3201 tautum
569 3143 705 3221 nllloluja.
720 3140 753 3199 13
775 3140 888 3200 Ordine
911 3144 1046 3208 Romano
1062 3142 1118 3202 Ca-

158 3225 256 3285 nonici
271 3223 420 3284 Benedicti
434 3222 643 3282 lavitalorium
660 3224 841 3282 hodiernum
855 3230 920 3284 erat
935 3222 1117 3293 1333333311-

156 3306 263 3385 1313333
285 3306 321 3367 ad
337 3308 440 3365 omues
456 3300 555 3363 Horas
576 3304 731 3365 dicebatur
742 3300 824 3363 Haec
841 3304 913 3364 alios.
930 3305 1019 3383 hptrd
1035 3305 1116 3366 Tho·

157 3389 286 3448 masium
310 3405 340 3462 p.
366 3386 426 3445 116
448 3385 683 3454 invitatorium,
707 3392 737 3445 et
757 3386 848 3449 etiam
863 3383 1077 3465 Responsoria,
1102 3406 1118 3447 3

156 3470 340 3545 quatuor·in
361 3466 463 3527 Choro
484 3471 643 3527 3331331333
665 3466 767 3543 Cappa
790 3466 911 3527 indutis.
935 3468 1140 3529 Matutinumv

131 3567 230 3631 ⁸ergo
245 3554 380 3610 cantatur
403 3566 473 3609 cum
499 3547 594 3608 tribus
616 3546 754 3617 Psalmis,
778 3548 902 3609 totidem
926 3550 1117 3627 antiphonis,
