2517 4059
479 232 704 305 &387ss

115 370 200 425 ctum
224 364 388 439 generatim
406 361 538 439 culpam,
556 380 609 422 seu
634 370 792 438 peccatum
809 363 979 439 significat;
1004 382 1075 422 cum

114 463 190 523 ergo
212 442 359 511 Ecclesia,
377 449 499 521 praeter
514 443 717 504 Poenitentiae
732 444 972 511 Sacramentum,
991 443 1075 521 adju·

114 536 217 587 monta
240 526 297 586 alia
319 526 354 585 ad
378 526 503 585 delenda
526 532 649 603 peccata
671 527 827 603 proponit,
852 526 881 585 id
904 544 975 587 sane
999 544 1075 585 nun·

114 608 209 685 q‘uam
231 608 267 667 de
292 605 450 667 lethalibus
473 609 603 684 peccatis
625 608 720 686 accipi
743 606 844 674 debet,
862 625 938 685 quae
961 608 1077 666 scilicet

116 706 173 766 per
197 688 425 751 Sacramentum
455 680 583 749 tantum‘
595 690 752 749 tolluntur.
775 687 979 761 Quamobrem
1015 688 1074 747 boc

115 772 185 831 loco
207 770 335 831 venialia
356 771 453 831 solum
477 776 598 847 peccata
620 772 754 832 veniunt.
778 769 907 847 Insuper
930 770 1072 848 petimus,

113 856 150 913 ut
173 860 274 913 noster
296 870 314 911 a
336 853 467 928 propriis
489 853 576 911 malis
598 855 717 912 animus
740 851 902 921 liberetur,
928 850 1075 928 quemad·

114 934 243 994 modum
266 934 316 1011 qui
332 932 432 992 lesum
448 930 601 993 Christum
617 934 775 1004 audiebat3
800 935 829 992 in
851 935 1007 1011 pristinam
1022 950 1076 992 va-

113 1016 281 1075 letudinem
310 1016 532 1075 restituebatur.
557 1012 588 1073 S.
612 1016 798 1092 Augustinus
818 1017 933 1075 ‘asserit
960 1032 992 1075 se
1016 1032 1074 1073 non

114 1114 188 1157 raro
209 1097 443 1174 Evangeliorum
465 1094 591 1155 Librum
614 1114 669 1156 suo
691 1097 784 1173 ipsius
806 1098 894 1174 capiti
917 1096 1074 1174 imposuis-

114 1197 159 1248 se,
177 1184 210 1239 ut
225 1197 242 1238 a
258 1179 391 1256 corporis
407 1178 519 1236 morbis
542 1183 699 1238 sanaretur
714 1199 722 1247 ;
746 1196 781 1237 ac
796 1197 850 1238 nos
866 1179 987 1255 quidem
1003 1194 1074 1236 cum

114 1259 147 1321 S.
172 1259 302 1320 Doctore
325 1258 424 1319 Ileum
446 1259 606 1319 obsecrare
627 1260 797 1327 debemus,
823 1264 857 1319 ut
884 1278 954 1320 cum
982 1261 1075 1319 etiam

114 1343 145 1401 in
162 1342 251 1402 corde
268 1341 406 1410 collocet,
424 1358 484 1418 quo
500 1356 517 1398 a
532 1340 736 1417 spiritualibus
752 1342 988 1418 aegritudinibus
1004 1359 1074 1401 con-

114 1420 258 1483 valescat.
284 1422 480 1501 Evangelium
505 1420 661 1481 audientes
690 1422 877 1500 potissimum
901 1424 1001 1482 dicero
1023 1424 1075 1481 de-

113 1506 234 1565 bemus:
252 1508 381 1583 loquere,
401 1504 535 1569 Domine,
554 1504 627 1581 poio
650 1503 735 1561 cedit
750 1521 849 1563 servus
865 1512 944 1564 teus.
960 1505 1074 1580 Optare

115 1586 273 1655 debemus,
299 1591 331 1645 ut
346 1587 426 1645 idern
448 1604 501 1645 nos
518 1586 636 1645 divinus
658 1585 732 1661 ignis
749 1585 895 1650 incendat,
912 1604 972 1661 quo
988 1585 1073 1646 Chri-

114 1669 152 1728 sti
168 1667 313 1745 Discipuli
336 1666 406 1736 duo,
424 1667 602 1744 Magistrum
625 1666 654 1723 in
671 1664 818 1726 Emmaus
840 1667 946 1726 itinere
969 1684 1074 1738 secum

115 1748 189 1828 ipsis
212 1749 385 1824 loquentem
409 1750 590 1813 audientes,
619 1764 652 1806 se
675 1749 811 1806 incensos
833 1755 1017 1816 senserunt,
1043 1752 1074 1806 et

115 1831 155 1891 ob
171 1832 273 1889 oculos
290 1829 453 1889 babeamus
475 1834 605 1907 oportet,
622 1826 800 1888 Sanctorum
818 1830 954 1889 virorum
970 1848 1073 1890 exem-

113 1914 177 1990 pla,
201 1910 343 1971 Sanctum
368 1911 454 1971 illum
476 1910 659 1989 Aegyptium
682 1910 845 1969 Antonium
870 1911 994 1978 imitati,
1020 1912 1072 1989 qui

113 1999 144 2055 in
161 1992 295 2053 Ecclesia
311 1989 510 2071 Evangelium
533 1992 667 2060 audiens,
685 2008 815 2068 eaquae
838 1994 984 2071 percepit,
1002 2010 1073 2054 exe-

114 2075 229 2137 cutioni
253 2074 416 2133 mandavit.
1014 2071 1021 2086 '

156 2154 211 2216 IV.
235 2156 269 2216 ln
292 2156 476 2215 solemnibus
491 2152 591 2214 Missis
606 2154 758 2213 Diaconus
773 2153 1009 2232 Evangeliornm
1024 2155 1074 2215 Li-

113 2239 207 2297 brum
223 2255 312 2313 super
326 2236 431 2297 Altare
447 2236 601 2303 desorbet
617 2235 802 2311 genuflectit,
822 2238 943 2298 utdicat
954 2236 1074 2298 Macedo

115 2337 288 2387 cormeum·
300 2324 362 2376 tum
375 2336 406 2378 se
423 2320 450 2377 in
465 2319 555 2395 pedes
570 2319 670 2395 erigit,
685 2317 807 2378 librum
821 2320 939 2396 recipit,
957 2321 1072 2380 iterum

115 2399 302 2480 genuflectit,
327 2418 344 2459 a
361 2399 521 2461 Sacerdote
544 2399 782 2460 benedictionem
806 2401 889 2477 petit,
906 2407 936 2459 et
951 2402 1073 2477 accipit,

79 2489 80 2493 ’
114 2484 205 2558 elque
221 2500 343 2542 manum
361 2482 525 2543 osculatur.
542 2481 606 2541 lam
624 2478 778 2559 Evangelii
791 2481 901 2541 librum
915 2499 1005 2556 super
1018 2481 1074 2540 Al-

114 2572 180 2625 tare
192 2563 333 2641 ponendi,
344 2568 375 2622 ct
386 2582 423 2623 ex
433 2563 530 2622 Altari
543 2562 705 2637 recipiendi
719 2580 784 2622 mos
799 2580 837 2621 ex
848 2580 884 2621 eo
900 2561 1068 2632 derivatur,

115 2644 195 2722 quod
219 2644 298 2704 idern
322 2646 392 2704 olim
417 2646 446 2702 in
465 2643 575 2703 lllissac
599 2644 682 2702 initio
705 2642 862 2718 magnifice
885 2642 1068 2703 deterretur.

112 2727 266 2787 Diaconus
283 2728 459 2803 priusquam
473 2722 766 2801 legatEvangelium,
777 2726 851 2803 petit
863 2741 878 2782 a
892 2722 1071 2787 Celebrante

113 2808 365 2873 benedictionem,
384 2807 534 2867 licentiam
556 2805 698 2866 uidelicet
713 2806 840 2883 legendi.
854 2806 948 2866 Porro
964 2806 1015 2865 hic
1030 2807 1071 2864 ri-

112 2897 162 2951 tus
178 2890 392 2949 benedictionis
408 2894 568 2965 antequam
584 2887 702 2964 publice
714 2887 867 2964 quidpiam
880 2889 1009 2963 legatur,
1020 2904 1073 2945 an-

113 2972 299 3048 tiquissimus
322 2976 378 3039 est,
404 2972 432 3028 in
448 2968 589 3030 Homiliis
604 2968 980 3044 siquidemmanuscriptis
996 2968 1073 3027 haec

113 3054 208 3113 verba
229 3054 325 3114 veteri
342 3069 423 3112 more
441 3051 559 3127 petendi
576 3050 812 3110 benedictionem
829 3048 962 3127 praelixa
986 3067 1074 3124 repe·

113 3135 254 3195 riuntur:
278 3132 406 3192 Benedic
428 3134 525 3193 l’otcr.
550 3128 682 3207 Vulgata
703 3150 776 3192 vero
808 3132 976 3191 benedictio
997 3135 1069 3197 est,

112 3212 259 3275 Dominus
282 3217 320 3274 sit
342 3216 371 3275 in
393 3215 483 3274 cordo
506 3222 558 3275 tuo
580 3223 605 3273 ct
625 3215 660 3271 io
681 3214 769 3274 lobiis
789 3217 859 3274 tuis.
877 3214 962 3274 luxta
978 3211 1069 3272 Ordi-

114 3297 232 3356 narium
248 3294 490 3361 Canthusianum.
509 3294 628 3355 Missale
644 3294 886 3361 carmelitarum,
901 3292 965 3353 FF.
981 3294 1068 3355 Prae-

112 3379 280 3439 dicatorum
299 3399 307 3449 3
336 3379 455 3455 antiqua
479 3374 611 3436 Missalia
634 3375 811 3442 Tullensia,
835 3384 865 3437 et
887 3374 1069 3435 Parisiensia

112 3475 208 3539 usqne
230 3460 266 3519 ad
283 3477 393 3520 annum
411 3456 491 3519 1615
514 3458 663 3519 clauditur
685 3458 852 3519 benedictio
871 3458 1064 3518 celebrantisz

111 3550 146 3601 ct
175 3541 262 3619 dipcc
295 3549 320 3601 ct
348 3549 539 3621 competenter
561 3541 722 3599 annunties
744 3536 943 3619 Evangelium
970 3541 1067 3621 pacis.

112 3621 218 3684 Oratio
239 3623 353 3683 Mundo
374 3642 424 3682 cor
445 3640 541 3683 mcum
564 3620 711 3682 similibus
735 3620 798 3683 lere
814 3623 914 3683 verbis
935 3621 1068 3683 habetur

889 3718 902 3744 ῃ
