2517 4059
466 200 671 269 «077st-

90 348 173 410 ycam
198 330 313 404 cinctus
339 326 454 387 dieitru
480 328 505 389 cl
552 322 870 406 apellatus.'·blcmirrit
899 327 1034 405 ejusdem

90 412 249 489 Gregorius
263 408 496 483 Turonensis-dc
542 413 619 470 loric
634 408 808 489 Martyrum
829 406 960 486 Capell.
983 410 1035 472 Co·

88 491 188 553 lumua'
215 492 292 555 haec
315 488 534 569 Hierosolymis
561 494 662 561 stetit,
697 510 790 565 usque
821 492 858 563 ad
880 492 1035 553 saeculum

89 574 192 641 Christi
216 574 509 634 tertiumdecimum.
532 564 615 633 'lude
637 592 711 633 vero
732 571 859 633 Romam
894 574 1036 636 translata

90 655 139 715 tuit
153 673 233 715 anno
249 655 360 716 Christi
374 656 495 716 circiter
505 653 584 715 1213
599 654 655 715 sub
670 652 846 716 Pontificatu
857 652 984 715 Honorii
994 655 1036 716 lll

89 736 121 795 ab
134 735 247 797 Ioanne
269 736 425 801 Cardiuale
440 733 597 803 Columna,
623 734 795 811 Apostolieo
816 735 853 793 ad
868 736 1036 798 orientales
1138 800 1141 805 ,

90 818 205 895 legato.
230 818 330 879 Posita
352 823 398 877 est
431 819 459 875 in
474 816 566 877 ¹hedo
588 817 619 877 S.
645 816 787 878 Praxedis
808 818 843 873 ad
868 816 1032 894 Exqutttas.

89 896 180 959 liliam
197 917 277 961 nune
300 898 482 975 conspicitur
503 903 534 959 et
555 899 663 959 colitur
687 900 716 957 iu
731 897 869 977 ejusdem
884 897 1037 961 Ecclesiae

88 978 219 1052 Sacello,
244 980 292 1041 eui
316 981 475 1057 inscriptus
497 978 604 1056 legitur
633 979 681 1038 hic
705 978 903 1039 translationis
926 982 1034 1039 index:

89 1060 236 1125 Columna
265 1080 340 1140 qaae
361 1063 395 1122 in
419 1062 475 1120 hac
499 1078 587 1121 sacra
605 1060 728 1140 Capella
754 1059 940 1132 reconditor,
968 1064 1039 1121 llaec

90 1153 126 1203 est
141 1188 147 1202 .
163 1190 169 1202 .
185 1188 193 1202 .
208 1162 301 1222 ynam
315 1140 444 1203 ioannes
460 1140 637 1204 Cardinatis
655 1141 804 1203 Caenina
818 1139 944 1219 Lcyotar
959 1140 1037 1222 ¹lpo-

88 1226 205 1287 staticus
230 1224 416 1303 inpartibus
435 1221 637 1284 Orientalibus
662 1226 714 1284 rab
729 1222 862 1284 Honorio
877 1223 933 1282 111
957 1226 1038 1285 circa

89 1323 197 1365 annom
228 1304 354 1365 Domini
385 1304 471 1365 tera
497 1306 554 1371 huc
583 1307 758 1389 asportavit.
782 1305 898 1389 ‚ntiqui
933 1312 1039 1383 putant

91 1386 265 1449 Columnam
291 1386 369 1446 hanc
392 1386 557 1447 Romanam
580 1404 646 1447 esse
667 1387 813 1447 duntaxat
844 1393 960 1462 partem
982 1388 1038 1449 Co·

91 1468 213 1537 lamnae,
238 1468 276 1529 de
298 1486 356 1545 qun
381 1469 513 1544 loquitur
536 1467 566 1527 S.
585 1466 814 1546 Hieronymus,
837 1470 1037 1545 superiorem,

92 1550 133 1608 rel
156 1549 357 1610 interiorem:
380 1550 430 1608 alii
455 1549 636 1624 probabilius
658 1567 723 1610 esse
746 1550 903 1624 integram.

127 1630 181 1693 ill.
198 1632 266 1691 Nou
283 1637 423 1691 contenta
444 1628 569 1691 militum
594 1631 692 1691 rabies
706 1630 818 1690 crudeli
840 1628 1038 1707 llagellatione

93 1711 230 1773 inlesum
249 1711 402 1781 Cluistum
425 1712 605 1779 desaevisse,
629 1713 665 1771 ad
688 1712 765 1771 aliud
789 1714 928 1773 tormenti
949 1712 1039 1771 simul
1102 1736 1106 1743 ·

92 1798 118 1853 et
137 1795 258 1855 ludibrii
280 1811 374 1870 genus
396 1798 617 1871 processerunt.
644 1793 688 1852 Ne
709 1795 809 1867 capiti,
833 1794 913 1871 quod
935 1810 974 1853 ex
988 1789 1041 1852 ssa·

93 1876 245 1948 gellatione
263 1874 398 1935 illaesum
415 1874 492 1934 lorte
508 1881 655 1944 evaserat,
678 1892 752 1935 suae
771 1875 910 1934 deessent
925 1876 1038 1950 plagae,

93 1952 232 2018 Coronam
257 1956 349 2034 spiuis
370 1961 538 2016 contextam
561 1957 741 2017 acutissimis
773 1973 862 2031 supra
887 1955 959 2015 illud
980 1954 1039 2014 cal·

93 2047 213 2103 cerunt.
240 2040 267 2098 ei
292 2056 330 2099 ue
352 2044 435 2097 veste
458 2054 608 2113 purpurea
630 2036 840 2105 circumdato,
859 2037 949 2096 ,velut
970 2034 1040 2095 licto

94 2116 180 2195 Regi,
205 2058 333 2181 ututiera
354 2125 530 2195 coeperunt.
553 2116 597 2177 lta
619 2117 745 2179 loannes
766 2118 839 2194 Cap.
864 2118 943 2179 xlx
964 2138 994 2177 v.
1020 2116 1041 2177 2

95 2197 128 2259 to
137 2203 246 2264 milites
254 2202 411 2278 plectentes
422 2216 563 2259 coronam
576 2198 611 2257 de
624 2201 718 2277 apicis
728 2199 936 2276 imposuerunt
946 2199 1042 2275 capiti

96 2285 158 2360 rjus,
182 2295 208 2343 et
224 2294 299 2343 ocstc
316 2298 475 2361 purpurea·
488 2278 751 2341 circumdederant
766 2300 845 2339 eam.
869 2280 936 2341 Hoc
960 2281 1038 2341 idern

95 2362 179 2424 reiert
190 2365 362 2425 Matthaeus
376 2360 480 2441 Capite
494 2359 616 2423 XXVll
631 2365 684 2438 qui
700 2363 791 2428 addit,
804 2362 882 2438 quod
900 2370 932 2423 ut
947 2364 1042 2438 magis

95 2442 240 2519 publicum
264 2444 350 2504 fieret
371 2443 591 2521 opprobrium,
622 2444 754 2512 milites,
776 2445 829 2519 qui
851 2441 1040 2521 flagellationi

95 2524 257 2593 alluerant,
274 2524 351 2585 Eum
376 2527 404 2584 in
420 2524 606 2601 praetorium
623 2524 823 2589 adduxerunt.
841 2531 1040 2585 convocantes

97 2608 262 2669 universam
278 2606 434 2667 cohortem
455 2607 623 2683 qrringeutis
644 2606 681 2665 ad
697 2609 796 2667 minus
812 2606 955 2668 militibus
970 2624 1040 2668 con-

97 2692 230 2756 stantem,
249 2695 281 2749 ut
297 2688 365 2749 huic
388 2689 501 2748 ludicro
516 2688 605 2747 simul
620 2705 655 2747 ae
672 2688 757 2750 lerali
772 2691 943 2764 spectaculo
965 2690 1041 2749 inte·
1150 2730 1153 2736 -

99 2777 214 2833 ressent.
231 2768 270 2831 El
282 2770 337 2831 hoc
353 2769 409 2829 luit
424 2769 662 2831 additamentum
684 2777 805 2846 praeter
816 2766 902 2831 Pilati
919 2771 1041 2831 manda·

99 2850 164 2920 tum,
173 2851 223 2929 qui
235 2849 337 2911 lesum
348 2849 561 2929 flagellandum
572 2851 670 2909 solum
681 2850 825 2928 jusserat,
838 2852 968 2911 militum
980 2869 1042 2911 sae-

99 2929 161 2993 vitta
175 2934 402 3009 excogitatum:
432 2932 511 2992 uude
527 2931 699 2993 Matthaeus
721 2937 751 2992 et
772 2931 897 2991 loannes
919 2933 1041 3011 dicunt:

101 3008 137 3071 Et
150 3017 258 3075 militer
274 3020 331 3073 etc.
349 3013 431 3089 quasi
447 3013 620 3083 iudicantes,
639 3015 695 3073 hoe
711 3013 841 3073 malitiae
858 3011 987 3072 militum
1000 3013 1043 3073 la·

102 3092 177 3155 cinus
199 3095 347 3156 extitisse.
372 3090 411 3153 Et
432 3094 498 3153 ideo
520 3094 723 3156 Tertullianus
746 3091 836 3153 Libro
864 3092 899 3153 de
925 3092 1044 3155 Corona

102 3174 197 3237 militis
218 3174 292 3253 Cap.
316 3173 335 3235 9
357 3175 448 3243 dicit,
482 3176 538 3236 hoc
560 3176 652 3236 luisse
680 3176 812 3237 militum
833 3183 1041 3235 commentam.

103 3249 233 3335 Plerique
249 3262 388 3317 asserunt
408 3254 555 3317 Coronam
573 3255 691 3319 Domini
706 3263 876 3317 contextam
892 3257 983 3317 luisse
1005 3274 1043 3318 ex

103 3337 193 3411 spinis,
218 3356 297 3415 quae
319 3339 397 3397 circa
420 3336 662 3417 Hierosolymam
686 3340 766 3399 nasci
781 3340 924 3400 solerent.
948 3337 1044 3399 Bello·

105 3416 161 3479 ttius
173 3420 239 3481 Lib.
257 3418 285 3479 ll
311 3415 556 3481 Observationum
576 3418 649 3497 Cap.
663 3418 705 3481 88
721 3420 786 3480 vult
801 3420 949 3495 Coronam
966 3420 1043 3479 hanc

105 3494 183 3561 luisse
216 3520 253 3561 ex
276 3499 416 3564 rhamno.
441 3500 577 3562 Nonnulli
610 3518 647 3561 ex
669 3500 830 3579 juncorum
860 3501 1044 3562 marinorum

105 3583 279 3645 acuminibus
301 3583 386 3659 quasi
408 3584 499 3659 spinis
532 3584 700 3660 praelongis
722 3588 892 3643 connium
926 3589 1041 3659 putant.
