2517 4059
455 217 680 290 wichim»

90 345 264 414 lectorium,
283 347 380 422 primo
396 347 517 422 quidem
534 348 688 416 rivorum,
701 347 807 409 deinde
823 349 1045 414 detunctorum.

90 429 123 490 ln
147 427 206 486 bac
227 426 369 488 Oratione
392 427 537 490 Sacerdos
565 429 655 490 debet
682 447 771 506 agere
799 435 960 509 specialem
986 451 1048 494 me·

91 510 222 571 moriam
239 507 471 581 Dclunctorum,
496 529 624 590 quorum
648 511 763 574 babere
785 515 935 582 maluerit,
960 523 993 576 ut
1008 519 1050 577 ait

90 592 285 653 Innocentius
309 590 349 652 tlt
372 591 518 654 Sacerdos
541 611 594 672 pro
617 594 689 671 ipsis
711 611 801 655 orans
824 598 994 658 mentaliter
1016 617 1049 658 o·

90 679 160 741 ret,
184 678 215 732 ct
237 690 295 732 non
318 673 492 744 verbaliter,
517 674 681 752 oculosque
703 674 779 737 frxos
801 676 909 739 habeat
931 696 1050 757 semper

91 756 128 816 ad
153 752 289 814 Hostiam
312 771 328 814 a
351 773 383 815 se
406 763 621 817 consecratam.
1028 768 1031 773 ’

434 917 561 980 corus
584 894 709 980 xxm

197 1099 240 1143 DE
262 1095 422 1142 oroutottu
443 1097 546 1143 nonis
562 1098 684 1156 QUOQUE
706 1099 951 1146 Puccnronruus.

3 1287 4 1302 ,
134 1243 159 1304 l.
184 1243 319 1305 Orationi
343 1259 398 1321 pro
420 1242 569 1304 defunctis
592 1245 649 1305 alia
672 1246 856 1306 subnectitur
878 1248 1047 1323 incipiens:

3 1343 4 1384 t
92 1325 186 1388 Nobis
208 1343 322 1406 quoque
340 1327 561 1403 peccatoribus,
585 1343 644 1402 qua
667 1328 822 1405 seipsum,
847 1335 878 1388 et
900 1330 1051 1390 adstantes

92 1409 157 1469 Deo
181 1405 326 1469 Sacerdos
348 1407 550 1476 commendat,
575 1414 607 1468 ut
628 1409 705 1475 sibi,
729 1415 761 1470 et
781 1411 847 1469 aliis
869 1409 1048 1470 Sanctorum

94 1490 290 1558 societate-m,
314 1495 345 1548 et
368 1495 482 1564 partem
507 1489 637 1566 aliquam
661 1491 851 1552 beatitudinis
872 1492 985 1551 donare
1008 1493 1052 1550 ‹li·'

93 1577 216 1651 gnotur.
240 1569 428 1630 Innocentius
449 1568 493 1629 tit
516 1570 582 1631 Lib.
598 1570 625 1630 V
641 1568 855 1652 Mysteriorom
871 1571 980 1633 Missae
1003 1591 1052 1631 ra-

94 1657 209 1714 tionem
231 1652 341 1720 alleri,
373 1668 428 1712 cur
450 1652 596 1712 Sacerdos
617 1655 653 1713 ad
678 1655 796 1714 verba:
820 1652 912 1714 Nobis
936 1671 1052 1733 qnoque

3 1743 5 1792 ἒ
93 1751 203 1796 vocem
227 1735 340 1803 clevet,
366 1737 529 1812 pectusque
551 1735 720 1811 percutiat:
748 1733 850 1810 Quum
870 1748 989 1796 centnm
1012 1744 1053 1795 ert

95 1817 137 1878 ed
159 1815 194 1875 td
209 1815 299 1877 Nobis
322 1835 434 1895 quoque
452 1815 659 1892 peccatoribus
679 1816 803 1894 famulis
824 1819 893 1885 tuis,
911 1816 1053 1876 Sacerdos

90 1899 256 1981 paululum
279 1915 415 1978 expresso
435 1915 502 1957 uoce
530 1915 671 1974 percusso
692 1908 811 1978 pectore
833 1899 984 1958 silentium
1006 1899 1054 1957 in-

94 1981 270 2059 terrumpit,
294 1989 520 2058 repraesentans
542 1980 766 2048 contritionem,
791 1988 818 2040 ct
841 1979 1053 2056 consessionem

95 2061 237 2124 Latronis
258 2063 291 2122 in
317 2061 424 2124 Cruce.
450 2060 539 2122 Vocis
562 2063 758 2124 mutationem
779 2062 809 2119 in
831 2060 974 2122 Oratione
996 2062 1054 2122 hae

97 2149 203 2205 nolant
224 2142 316 2212 Beda,
340 2142 520 2212 Amalarius,
544 2150 575 2204 et
596 2142 788 2220 Micrologus.
804 2141 837 2202 ln
853 2143 966 2203 Missali
989 2143 1054 2203 Μο-

98 2225 242 2286 zarabum
266 2223 412 2286 Sacerdos
434 2225 607 2300 percutiens
630 2231 745 2302 pectus,
762 2226 815 2285 ait:
834 2223 914 2284 Pone
929 2225 1054 2285 Domine
1174 2231 1180 2242 '

99 2307 187 2388 finem
205 2306 334 2386 peccatis
354 2307 473 2366 nostris.
499 2304 620 2383 Aliquot
644 2307 743 2366 Sancti
766 2307 814 2366 bic
837 2314 1054 2370 recensentur,

4 2459 5 2462 Ἴ
100 2405 234 2464 quorum
257 2389 286 2446 in
311 2387 409 2465 priore
432 2395 516 2463 parte
531 2389 660 2469 Canonis
684 2391 796 2448 mentio
819 2389 896 2450 lacta
918 2405 975 2447 non
997 2393 1053 2447 est.

4 2525 5 2538 ,
99 2468 140 2531 Et
164 2470 261 2546 primo
284 2469 405 2546 quidem
427 2469 493 2528 loco
516 2471 687 2530 nominatur
709 2470 854 2538 loannes,
880 2489 937 2529 non
960 2467 1060 2528 Evan-

101 2552 218 2631 gelista,
244 2556 277 2611 ut
301 2556 384 2626 putat
406 2549 576 2611 Alexander
591 2551 709 2611 Alensis
732 2554 760 2610 in
778 2551 973 2630 &positione
990 2547 1061 2610 Mis·

4 2653 5 2668 ,
102 2651 178 2702 soe,
210 2631 262 2692 sed
288 2631 414 2694 loannes
437 2630 565 2709 Baptista
589 2629 770 2694 Praecursor
793 2631 937 2701 Domini,
968 2647 1061 2709 quem

5 2781 8 2788 ,
102 2715 194 2777 etiam
228 2718 467 2774 commemorant
497 2719 564 2790 post
591 2715 845 2776 consecrationem
872 2714 998 2782 Basilii,
1029 2719 1061 2773 et

5 2842 9 2861 .
103 2797 311 2874 chrysostomi
328 2795 480 2874 Lilurgiae
503 2797 593 2870 etque
616 2795 672 2855 hoc
695 2797 761 2856 loco
782 2814 821 2855 ex
835 2795 995 2873 Prophetis
1011 2813 1059 2854 rc·

104 2883 256 2950 censetur,
274 2877 342 2956 quia
358 2879 446 2955 paulo
461 2883 529 2937 anie
545 2877 664 2936 Domini
680 2879 848 2955 passionem
862 2879 959 2955 capite
977 2884 1060 2937 trun-

4 3029 5 3034 ,
105 2964 191 3021 catus
224 2961 377 3020 occubuit.
399 2956 516 3020 Caeteri
549 2976 587 3018 ex
613 2959 739 3020 dirersis
764 2957 925 3020 Ordinibus
957 2958 1060 3018 selecti

4 3059 5 3112 ἢ
103 3046 184 3106 sunt,
208 3058 245 3100 ex
262 3041 400 3102 Dieconis
423 3039 604 3119 Stephanus,
628 3059 666 3102 ex
681 3037 1002 3118 Apostolis'Mattbias,
1020 3059 1059 3101 ex

3 3137 5 3178 t
104 3123 260 3198 discipulis
281 3123 443 3189 Barnabas,
467 3139 505 3182 ex
527 3121 683 3200 Episcopis
703 3124 849 3201 Ignatius,
872 3141 909 3183 ex
932 3124 1060 3182 summis

103 3201 297 3266 Pontificibus
319 3204 502 3274 Alexander,
526 3221 564 3264 ex
585 3201 773 3283 Presbyteris
794 3204 997 3272 Marcellinus,
1021 3222 1061 3263 ex

102 3285 226 3350 Clericis
248 3287 398 3349 minorum
420 3283 569 3346 Ordinum
591 3285 709 3358 Petrus,
733 3303 771 3346 ex
793 3284 959 3363 conjugatis
981 3283 1061 3345 Feli-

103 3370 190 3436 ci-tas,
216 3373 247 3428 et
262 3367 420 3446 Perpetua,
443 3385 481 3428 ex
496 3365 682 3444 Virginibus,
707 3385 782 3445 quas
804 3386 821 3427 a
836 3367 982 3444 Gregorio
997 3367 1061 3427 Ma-

104 3467 162 3528 gno
183 3446 294 3510 Canoni
317 3449 470 3529 adjunctas
493 3447 765 3526 scribithldemus
779 3447 947 3527 Episcopus
969 3449 1061 3508 Libro

3 3527 5 3540 '
105 3532 141 3594 de
167 3531 348 3611 Vispinltote
370 3530 444 3610 Cap.
467 3529 508 3592 25
529 3531 660 3608 Agatha,
684 3531 798 3602 Lucia,
823 3531 934 3610 Agnes,
959 3527 1062 3590 Cocci-

105 3613 156 3684 lia,
178 3611 446 3676 Anastasia.·Nono
469 3613 587 3675 sacculo
609 3613 641 3674 in
661 3613 810 3691 aliquibus
825 3611 940 3674 Galliae
957 3609 1062 3673 Eccle-
