2517 4059
575 161 634 220 essm
657 148 718 209 36l
739 157 800 219 aaa·

214 287 244 345 in
259 282 411 361 Epistulae
432 280 524 341 latere
539 280 707 347 dicebatur,
724 277 803 354 quod
819 277 984 339 etiamnum
1006 277 1086 355 apud
1100 279 1178 341 Car·

215 366 381 432 triusianos,
406 360 626 423 elCarmelitas
649 360 775 421 obtinet.
793 357 936 419 Extensio
959 376 1102 419 manuum
1127 362 1178 420 de·

214 449 312 525 signat
332 462 369 505 ex
383 443 493 503 Basilio
517 444 577 502 vim
600 442 770 501 aiiecliram
792 441 924 508 orantis3
946 441 1075 501 elevatio
1096 459 1174 501 vero

214 530 348 606 ipsarum
372 525 495 587 denotat
508 542 546 585 ex
562 521 694 601 Origene
716 538 820 582 rerum
842 522 1020 582 coelestium
1037 523 1179 582 dilectio·

214 627 295 669 nem.
319 607 473 667 Inclinatio
496 606 611 682 capitis,
636 620 714 680 quae
736 604 765 661 in
787 622 840 662 sex
857 603 927 662 locis
949 602 1042 681 hujus
1064 604 1177 681 hymni

213 690 303 751 Cruci
317 688 451 747 iacienda
467 688 495 745 in
511 686 644 746 Rubrica
660 686 886 762 praescribitur,
899 691 947 745 est
956 686 1074 761 signum
1090 704 1174 745 sum-

214 790 280 832 mae
308 770 464 844 religiosae
494 768 693 828 reverentiae.
723 765 836 825 Scribit
855 765 981 826 lodocus
1003 763 1178 827 Clictoveus

212 852 279 913 Lib.
297 850 340 910 lli
353 848 556 909 Elucidulorii
577 848 651 907 huic
666 848 782 921 hymno
797 848 943 922 Angelico
959 848 1086 907 insertas
1101 847 1175 908 iuis·

212 952 243 994 se
267 933 411 1010 quasdam
441 931 603 1007 particulas
632 950 669 989 ex
693 928 902 988 Ecclesiastica
924 928 1173 994 Constitutione.

215 1017 267 1075 sed
290 1033 366 1090 quae
395 1012 510 1072 sitista
533 1010 713 1071 Constitulio
740 1027 798 1068 non
826 1010 931 1086 liquet.
954 1008 1076 1069 Privata
1098 1028 1177 1085 quo·

214 1097 352 1156 rumdam
376 1094 507 1158 licentia,
533 1092 668 1159 invaluit,
694 1092 769 1151 adeo
792 1096 826 1149 ut
846 1092 1027 1167 quibusdam
1041 1090 1175 1151 Missali·

211 1179 267 1237 bus
291 1177 407 1251 aliquae
430 1173 582 1234 clausulae
607 1175 736 1232 insertae
752 1172 873 1231 luerint.
891 1172 1035 1233 Sacerdos
1055 1173 1173 1252 hymno

211 1259 398 1333 Angelorum
415 1256 539 1316 recitato
557 1253 666 1314 salutat
680 1254 827 1330 populum
843 1254 944 1314 dicens
958 1252 1107 1327 Dominus
1122 1273 1176 1315 oo·

214 1340 352 1403 discum,
376 1354 452 1415 quae
475 1338 613 1397 salutatio
634 1354 652 1395 e
674 1335 778 1396 Veteri
798 1333 992 1408 Testamento
1013 1337 1043 1395 in
1065 1333 1173 1395 Eccle-

213 1420 288 1479 siam
311 1420 447 1479 derivala
469 1424 523 1478 est.
548 1417 627 1477 Booz
648 1418 745 1483 onim,
770 1418 853 1476 utin
875 1417 967 1477 Libro
988 1415 1072 1477 Ruth
1095 1414 1168 1493 Cap.

213 1500 243 1559 ΙΙ
265 1502 414 1579 legimus,
438 1500 571 1559 salutans
593 1516 743 1558 messores
765 1516 836 1557 suos
858 1499 900 1558 ait
920 1497 1067 1558 Dominus
1088 1500 1171 1559 cobi-

211 1600 316 1642 scum:
338 1580 541 1658 et.Proplrela
564 1580 672 1639 missus
695 1598 712 1638 a
733 1576 797 1638 Deo
818 1578 856 1637 ad
871 1579 964 1640 Asam
987 1578 1101 1656 Regem
1118 1580 1168 1641 lu·

210 1663 287 1732 dae,
311 1680 379 1723 cum
404 1664 499 1721 victor
526 1680 543 1721 e
566 1660 772 1738 praeliorum
794 1662 930 1720 exercitu
952 1679 1008 1721 suo
1035 1668 1168 1722 reverte·

209 1750 306 1813 retur,
323 1744 396 1803 dixit
410 1741 438 1802 ll
451 1742 587 1821 Porolip.
605 1740 679 1818 Cap.
695 1741 745 1802 15:
760 1740 907 1801 &minus
922 1744 1080 1809 vobiscum,
1094 1745 1168 1821 qaia

209 1824 308 1903 fuistis
330 1844 398 1886 cum
419 1842 460 1883 eo.
487 1822 557 1882 Vim
579 1828 682 1883 autem
703 1828 736 1882 et
755 1822 919 1881 ellicaclam
948 1825 1102 1899 accepisse
1123 1823 1169 1883 ri·

213 1908 301 1967 detur
322 1924 360 1965 ex
381 1905 481 1965 verbis
502 1902 636 1971 Christi,
661 1922 722 1963 ecco
744 1921 796 1981 spo
816 1903 963 1964 vobiscum
984 1924 1051 1964 sum
1072 1908 1167 1965 omni·

212 1988 265 2048 bus
293 1986 392 2047 diebus
422 2004 516 2064 osque
544 1983 584 2043 ad
613 1986 896 2045 consummationem
924 1988 1048 2047 soeculi.
1077 1986 1166 2062 Apud

212 2067 347 2135 Graecos
369 2066 467 2128 nullus
489 2072 534 2126 est
554 2084 627 2126 usus
649 2064 738 2143 hujus
760 2065 958 2133 salutationis,
976 2085 1031 2127 nec
1052 2067 1166 2143 reperi-

209 2153 261 2208 tur
283 2150 312 2207 in
335 2164 443 2208 eorum
457 2145 613 2224 Liturgiis,
639 2154 670 2206 et
689 2148 822 2208 formula
837 2146 981 2206 Dominus
1002 2151 1041 2209 sit
1054 2166 1167 2228 sempor

208 2247 275 2289 cum
297 2229 431 2288 omuibus
453 2228 536 2289 nobis
557 2228 651 2288 semel
674 2233 789 2288 tantum
815 2232 898 2287 extat
924 2229 953 2287 in
976 2228 1111 2305 Liturgia
1132 2228 1163 2289 S.

212 2309 319 2371 Marci.
342 2307 417 2369 Cum
439 2326 513 2368 vero
534 2310 667 2369 salutant
688 2308 833 2386 populum
856 2309 960 2369 dicunt
982 2327 1050 2387 poe
1071 2312 1165 2371 omni·
1256 2333 1257 2336 ¹

211 2392 285 2460 bas,
309 2390 389 2452 sicut
411 2380 528 2449 eonslat
550 2408 587 2450 ex
608 2389 750 2467 Liturgiis
772 2389 873 2449 Rasilii
896 2396 926 2452 et
946 2387 1164 2468 chrysostomi.
1255 2419 1256 2422 ¹

208 2470 288 2531 Hine
311 2473 408 2549 ipsum
430 2470 700 2549 Chrysoslomum,
723 2470 801 2531 sicut
822 2471 916 2531 reiert
937 2470 1074 2534 Socrates
1095 2472 1161 2533 Lib.

207 2551 252 2612 Vl
267 2552 340 2631 Cap.
360 2551 399 2612 ib
421 2553 458 2612 ab
474 2551 564 2613 exilio
581 2557 755 2613 revocatum
778 2552 903 2628 rogabat
923 2551 1085 2614 multitudo
1099 2554 1163 2633 eius

207 2633 306 2695 reditu
329 2633 481 2710 gaudens,
506 2638 539 2693 ut
561 2635 590 2692 in
612 2632 780 2710 Episcopali
803 2631 924 2693 Throno
945 2634 1108 2706 resideret,
1131 2641 1163 2697 et

208 2732 313 2792 pacem
330 2716 439 2793 populo
454 2732 508 2790 pro
524 2732 609 2775 more
625 2720 812 2791 precaretur.
831 2713 914 2775 idem
931 2732 1051 2791 quoque
1066 2715 1162 2797 Chry·

207 2802 357 2855 sostomus
378 2794 514 2855 Homolio
528 2795 582 2856 111
602 2799 637 2856 iu
659 2797 757 2874 Epist.
781 2795 822 2855 ad
848 2795 1024 2858 colossenses
1046 2799 1083 2856 de
1105 2799 1171 2858 boc·

205 2877 266 2938 ritu
290 2876 438 2937 disserens
460 2878 519 2935 ait:
543 2896 611 2937 cum
633 2877 782 2955 inpressas
794 2878 890 2955 fucrit
911 2880 948 2944 is,
973 2878 1027 2955 qui
1042 2888 1161 2958 praeest

206 2955 379 3028 Ecclesiae,
404 2958 508 3017 statim
529 2957 622 3026 dicit,
643 2976 711 3038 poc
731 2959 876 3019 omnibns.
905 2957 1034 3032 eraodo
1053 2979 1160 3019 sermo·

207 3056 275 3097 nrm
296 3038 373 3115 sarit
394 3048 422 3097 ct
437 3040 643 3104 condonatur,
663 3056 732 3115 porc
753 3040 899 3107 omuibus.
918 3038 1045 3099 Peracto
1063 3038 1160 3100 Sacri·

203 3118 525 3261 iilssllrllltt
542 3116 1154 3278 lutatii‘lll⁵,lll²;lt¹¹¹,ltt·

205 3279 433 3342 Observandum
456 3220 546 3355 porrss
568 3281 649 3357 apud
670 3280 804 3348 Latinos,
828 3282 908 3356 quod
929 3282 1087 3352 Pontifex,
1110 3283 1155 3344 vel

206 3360 372 3439 Episcopus
394 3378 464 3422 cum
487 3362 584 3439 prima
607 3362 674 3421 rice
696 3364 842 3439 populum
871 3365 983 3425 salutat
1004 3369 1071 3426 ante
1097 3366 1155 3439 pri·

201 3460 283 3503 mam
299 3439 485 3509 Orationem,
510 3462 566 3502 non
583 3442 655 3503 dicit
669 3442 814 3504 Dominus
836 3445 1004 3516 uobiscum,
1021 3446 1073 3507 sed
1088 3442 1154 3505 Pac

201 3524 306 3593 cobis,
332 3524 401 3601 quia
423 3522 562 3585 Christus
595 3522 766 3595 Dominus,
801 3524 890 3605 cujus
921 3531 1030 3606 typum
1056 3525 1153 3589 reiert

1252 2623 1254 2716 l
