2517 4059
533 194 756 265 nisibis&-

170 336 200 387 el
214 325 326 385 Animo
339 325 432 402 suerit
455 328 490 385 in
504 328 618 386 coelum
641 333 790 402 assumpta
801 326 968 403 plurimum
992 324 1127 383 inolevit.

171 406 313 467 Nondum
330 418 432 477 lamen
444 408 523 468 inter
538 408 684 467 articulos
699 405 786 466 Fidei
800 407 917 465 crcffltu
942 409 1129 465 necessarios

171 490 267 548 relata
284 499 336 551 est.
366 490 501 566 quamuis
515 492 553 549 sil
565 490 747 569 pientissimc
763 487 966 557 claudendum
994 504 1064 544 nam
1088 488 1127 545 in

173 569 301 632 Collecta
323 571 406 629 illius
421 567 498 632 Festi
526 573 570 631 ait
597 569 738 637 Ecclesia,
766 568 845 647 quael
870 572 995 630 nescibas
1021 569 1129 638 neoclis
1157 564 1162 569 ’

172 650 305 730 deprimi
328 669 390 709 non
414 653 523 731 potnit.
548 652 690 728 Sequitur
713 651 858 711 blelcbior
880 649 982 709 Canus¹
1000 648 1066 709 Lib.
1090 648 1127 709 X

170 734 208 792 de
230 730 312 792 lacis
332 729 507 811 Theolopicis
529 732 601 811 Cap.
621 732 660 792 10
674 734 717 792 sic
733 734 885 809 inquiens:
911 731 1037 791 Beatam
1057 730 1129 791 Vir-

169 814 270 892 'pinem
297 833 357 872 nan
372 832 429 873 esse
453 816 487 873 in
501 816 594 875 coelos
609 832 676 873 cam
691 833 810 894 corpore
836 824 1027 893 assumptam,
1056 812 1127 871 licet

156 894 259 972 ,Feles
271 896 393 955 minime
409 895 566 957 adeersum
582 897 633 967 eit,
658 899 729 974 quio
745 908 843 970 tomen
858 895 1007 967 communi
1023 890 1129 952 Eccle-

67 1008 78 1015 ..
171 978 231 1037 siae
246 977 430 1037 consensioni
446 979 767 1057 repugnolspclulanli
780 971 944 1045 'temeritate
961 976 1125 1035 dicaretur.

170 1058 216 1119 Ile
232 1060 297 1118 loco
320 1060 371 1117 ubi
393 1077 428 1117 ea
445 1067 563 1119 mortua
581 1059 629 1129 sit,
653 1059 713 1119 dtro
735 1059 990 1119 circumieruntur
1006 1062 1128 1128 serilon-

171 1140 242 1201 liae.
267 1134 406 1219 ‘Quidam
430 1147 537 1215 putant
559 1134 783 1219 Hierosolymis¹
800 1141 909 1200 obiisse
927 1160 945 1219 ;Ι
959 1156 1038 1215 ottae,
1057 1138 1133 1219 opi-¹

96 1282 100 1287 ,
171 1222 221 1285 nio
245 1222 348 1280 nititur
363 1220 414 1302 'St'
426 1222 602 1282 Damasceni
625 1222 825 1300 anctoritate,
850 1218 901 1294 utri
931 1222 960 1279 in
982 1220 1148 1281 Homiliis,
1193 1254 1197 1259 -

171 1302 208 1362 de
231 1299 416 1361 Dormilione
439 1304 472 1362 B.
497 1297 628 1381 Virginis
653 1307 753 1362 narrat
784 1320 820 1362 ex
839 1298 1045 1381 'Euthymiana
1068 1296 1128 1358 lli:
1172 1343 1176 1351 .

141 1399 144 1404 ’
170 1383 275 1449 storia,
292 1382 463 1443 iuvenalem
480 1381 662 1461 Episcopum
679 1383 958 1462 Hierosolymorum
972 1382 1127 1465 Marciano

115 1516 119 1523 .
170 1470 202 1525 et
223 1461 565 1542 Pulcheriaehugustis
598 1466 635 1525 de
659 1467 819 1542 relegendo
847 1464 960 1525 Mariae
993 1479 1121 1541 corpore

170 1545 294 1606 solicitis
311 1548 507 1625 respondisse.
524 1546 745 1625 Hierosolymis
768 1548 931 1614 mortuam,
944 1553 976 1607 el
996 1544 1127 1606 Getbse·

170 1628 429 1704 manisepullam.
454 1628 598 1706 idemque
613 1630 705 1689 tradit
719 1629 855 1689 Andreas
877 1647 913 1687 ex
926 1628 1073 1689 Monacbo
1088 1630 1125 1685 el

170 1706 351 1788 Presbytero
374 1709 650 1789 [hierosolymitano
673 1706 839 1786 Episcopus
859 1708 1030 1777 Cretensis,
1053 1724 1126 1767 curn

135 1842 139 1845 .
170 1794 307 1850 oratione
328 1792 457 1872 secunda
491 1795 519 1851 in
543 1792 761 1852 Dormllionem
785 1792 995 1853 Sanctissimae
1018 1789 1128 1864 Deipa-
1152 1844 1161 1861 ,

170 1890 224 1931 rae
245 1872 385 1943 affirmat,
410 1873 490 1933 illam
513 1876 542 1932 in
565 1878 667 1934 monle
690 1871 777 1941 Sion,
802 1874 852 1949 qui
877 1890 945 1949 pars
967 1878 1013 1931 est
1034 1869 1126 1931 Urbis

170 1950 479 2031 Hierosolymitanae,·
499 1965 627 2015 naturas
644 1955 805 2015 obsecutam
821 1955 930 2033 lapibus
941 1954 1030 2036 finem
1045 1955 1128 2013 uitae
1145 1948 1150 1957 '

171 2036 327 2113 occepisse.
352 2035 437 2108 Quod
462 2039 558 2113 ipsum
580 2038 666 2096 docel
688 2035 853 2105 Cedrenus,
877 2035 910 2094 in
940 2032 1127 2111 compendio

122 2138 125 2144 ’
169 2113 548 2193 fflstariarnm·pag.ll9;
566 2124 598 2178 ct
611 2116 800 2191 Nicephorus
815 2115 963 2183 Callistus,
978 2116 1044 2174 Lib.
1061 2112 1125 2173 XV

169 2193 325 2255 Historiae
342 2198 569 2259 Ecclesiasticus
590 2198 666 2274 Cap:
684 2196 733 2257 tl.
759 2196 1046 2265 Hauervenerabilis
1067 2192 1126 2255 Ca·

170 2277 266 2335 nisius
287 2279 457 2352 opinionem
480 2282 618 2356 sequitur
634 2279 700 2339 Lib.
717 2280 756 2347 V¹
768 2279 840 2358 Cap.-
858 2278 877 2337 3
893 2278 927 2338 cle
942 2278 1042 2338 Mario
1056 2276 1128 2337 Dei·

131 2424 134 2431 ,
166 2375 248 2439 para
268 2356 400 2437 hirpini.
416 2359 557 2438 Ejusdem
576 2364 668 2423 mullo
680 2370 765 2424 antea
779 2360 834 2421 iuil
846 2361 1010 2421 sententiae
1026 2357 1128 2419 Guer·

170 2440 251 2499 ricus
272 2440 374 2501 Abbas
396 2442 427 2501 S.
455 2442 598 2503 Ber'nardi
622 2443 811 2520 discipulus,
836 2444 886 2519 qui
909 2432 1054 2501 Sermone
1077 2455 1127 2499 se·

170 2523 268 2581 cundo
290 2523 327 2581 de
350 2524 573 2601 Assumptione,
602 2522 645 2583 Oh
660 2526 712 2584 hoc
728 2525 835 2603 ipsum,
859 2524 965 2600 inquit,
991 2520 1129 2583 creditur

170 2604 205 2662 in
215 2605 293 2662 colle
309 2603 448 2684 Iosophat
463 2616 675 2679 coarmarulom
701 2605 756 2683 (Β.
776 2600 952 2685 Virginem)
969 2606 1019 2663 uhi
1035 2614 1061 2662 el
1076 2619 1121 2661 se-

165 2684 330 2763 polchrum
346 2689 410 2767 ejus
423 2686 630 2747 monstratum.
644 2689 682 2748 Et
696 2674 834 2747 Urbanus
851 2686 877 2746 tl
894 2688 1036 2747 Sumnms
1050 2684 1125 2743 Pon·

171 2762 243 2823 tifex
265 2765 430 2835 Sermone,
454 2787 543 2844 quem
566 2768 674 2828 babuit
704 2771 731 2826 in
753 2766 980 2829 Claramontsna
1002 2764 1126 2846 Synodo

170 2864 248 2904 anno
269 2847 358 2930 '1095-
374 2851 416 2911 ait
441 2850 470 2907 in
485 2852 562 2909 valle
584 2849 725 2925 losapbat
748 2850 838 2909 luisse
860 2851 1018 2926 sepultam.
1042 2847 1145 2921 Oua-

170 2929 299 2989 resmius
317 2931 350 2987 in
367 2930 579 2993 Eluritlutioac
598 2929 708 2990 Terras
724 2930 851 2991 Sanctae
873 2929 938 2992 lib.
953 2930 993 2990 lV
1017 2926 1124 3004 Caph

88 3062 92 3071 ,
169 3013 202 3069 el
223 3027 307 3087 seqq.
331 3011 456 3071 Touuh
477 3018 590 3079 narrat,
607 3009 954 3099 ‘extraaliierosolyrpam
979 3013 1006 3069 in
1024 3009 1124 3069 predia

168 3090 245 3150 ualle
262 3091 403 3173 iosaphat
425 3096 517 3171 prop'e
540 3092 733 3155 Getbsemaui
757 3093 812 3162 sub
835 3102 940 3154 monte.
957 3092 1067 3152 Oliveli
1084 3090 1125 3149 si-

170 3177 230 3230 tam
253 3191 319 3233 esse
341 3177 470 3253 amplam
493 3176 658 3236 Ecclesiam
683 3174 880 3233 inhonorem
902 3176 1048 3251 Dciparac
1071 3172 1127 3231 de·

169 3253 322 3322 dicatam,
346 3257 375 3314 in
397 3275 456 3333 qua
479 3263 525 3316 est
547 3256 580 3316 lt.
605 3256 739 3332 Virginis
760 3256 978 3331 sepulchrum·
992 3254 1051 3327 Qut
1073 3252 1120 3311 lu·

171 3336 285 3394 venalis
307 3339 516 3409 alletoritatem
535 3344 691 3415 respuunt,
710 3354 763 3397 noc
787 3337 840 3395 sibi
858 3336 1126 3413 persuaderepos·

160 3421 263 3484 sunt,
288 3418 408 3478 Esaiam
431 3419 587 3495 Virginem
609 3418 829 3497 Hier·oso!ymis
852 3419 980 3488 obiisse,
1015 3424 1121 3493 putant

169 3501 320 3557 mortuam
344 3507 410 3565 esse
431 3498 553 3576 Ephesi.
578 3499 647 3572 Quo
669 3517 745 3559 anno
767 3501 884 3571 aetatis,
908 3504 940 3558 et
962 3516 1022 3575 quo
1044 3514 1126 3556 anno

169 3575 279 3637 Cbrisli
303 3581 377 3641 abiit
398 3580 493 3642 Maria
517 3580 632 3658 Virgo,
657 3580 730 3641 nibil
753 3581 897 3659 comperti
920 3586 986 3649 est,
1010 3579 1049 3639 ob
1069 3595 1128 3637 ta-¹
