2517 4059
531 138 754 210 witim-

164 269 239 329 ridie
269 268 509 329 celebrabantur.
533 266 697 328 Dicebatur
727 275 827 328 autem
857 270 933 329 haec
956 268 1046 330 Missa
1068 269 1115 328 rel

164 368 219 428 pro
241 350 414 411 Monasterii
437 350 693 415 Beneiactoribus‚
717 351 764 411 vel
787 369 841 427 pro
863 352 1112 418 necessitatibus,

163 434 358 511 personisque
382 433 518 509 publicis.
542 431 574 493 ln
592 432 681 493 Libro
697 431 913 493 Miraculcrum
936 433 967 493 S.
985 434 1116 493 Bercba-

163 517 199 576 rii
223 515 347 574 Abbatis
370 533 451 575 num.
477 513 515 573 13
550 516 602 591 qui
625 515 701 575 liber
726 515 855 574 babetur
888 516 916 573 in
940 513 1064 576 Saeculo
1088 514 1116 577 ll

163 597 377 664 Benedictino‚
404 597 530 673 legitur,
554 596 633 672 quod
656 596 738 657 Adso
759 595 920 657 Dervensis
941 596 1115 659 Monasterii

163 679 263 739 Abbas
283 678 372 757 jussit
400 678 544 739 celebrari
568 678 696 753 Missam,
713 677 927 740 Matutinolrm
948 698 1004 756 pro
1026 678 1115 741 lleri-

163 762 249 823 berto
263 758 378 821 Comite
395 761 477 838 gravi
494 760 599 820 morbo
616 760 779 821 laborante.
795 757 837 819 De
854 759 1027 839 hujusmodi
1044 763 1115 822 ldis-

163 861 264 903 sarum
283 842 510 904 Matutinolr'um
532 842 667 921 eripior,
697 861 776 912 uro,
799 853 886 920 atque
903 841 1020 902 Ritr'bus
1039 887 1046 911 ‚
1069 845 1114 903 vi·

165 926 252 988 dendi
276 931 344 985 sunt
364 924 525 996 Murteae,
549 922 584 983 dc
607 924 741 1016 antiquis
761 925 971 984 Moncclrorum
996 923 1114 987 Rr'tr‘bur

109 1047 119 1067 .
164 1008 250 1068 Tum.
274 1007 288 1068 l
311 1007 376 1067 Lib.
402 1005 430 1067 ll
452 1003 524 1083 Cap.
550 1004 599 1076 V3
624 1007 811 1077 vicecomes,
829 1006 864 1064 de
885 1005 1020 1085 bntiqur's
1041 1007 1115 1069 Mis·

165 1108 213 1150 sae
236 1088 356 1149 Ritilros
377 1088 443 1148 Lib.
468 1087 512 1150 lll
533 1086 603 1165 Cap.
629 1089 691 1157 273
716 1106 770 1149 nec
794 1107 849 1147 non
872 1087 1037 1149 Cardinalis
1058 1091 1114 1150 lio·

162 1190 211 1242 na,
237 1169 349 1231 Rerum
375 1170 597 1249 Liturpicarum
617 1169 684 1230 Lib.
709 1169 721 1229 l
744 1169 816 1248 Cap.
841 1168 893 1229 22.

204 1252 244 1312 V.
269 1252 358 1312 Missa
385 1252 585 1321 sarcinatis,
620 1258 687 1313 erat
708 1252 799 1311 Missa
820 1252 1009 1313 dicturientis
1035 1254 1113 1312 cele-

104 1348 108 1357 ’
164 1335 246 1394 brari
269 1335 356 1394 solita
379 1336 407 1393 in
430 1335 516 1403 bra,
541 1352 618 1410 quae
641 1332 804 1396 Cardinalis
830 1334 1045 1410 appellabatur.
1070 1333 1114 1395 Dc

164 1417 221 1476 hac
243 1416 335 1476 Missa
357 1414 391 1475 srt
414 1416 524 1475 mentio
551 1418 579 1475 in
602 1415 728 1477 Saeculo
750 1414 794 1476 lll
816 1413 1009 1476 Benedictino
1033 1423 1111 1495 part.

161 1499 264 1575 lpag.
292 1497 351 1557 132
372 1498 423 1559 ubi
448 1498 619 1559 reseruntur
641 1497 787 1560 miracula
809 1496 840 1557 S.
864 1496 1004 1564 Remini,
1027 1503 1059 1559 et
1082 1501 1112 1557 in

161 1582 312 1654 praedicta
329 1582 433 1657 pagina
456 1581 624 1641 inferuntur
640 1581 714 1643 baec
729 1579 839 1640 rerba:
864 1576 945 1639 Ναιιι
956 1589 1022 1660 post
1036 1581 1113 1642 Sarr-

162 1670 240 1721 ctum
263 1660 415 1721 Pescbalir
438 1660 678 1723 Resurrectionis
700 1662 803 1731 diem,
836 1662 1017 1722 transcursis
1039 1660 1111 1721 doo-

162 1743 255 1805 dccim
280 1742 390 1817 diebus,
415 1742 461 1805 die
483 1743 648 1810 Βοιιιιιιίιιι,
672 1746 746 1805 lroro
769 1760 829 1822 qua
847 1741 1024 1804 cardinatis
1039 1742 1112 1806 Mis-

161 1844 209 1886 sae
225 1834 382 1887 conuentus
394 1826 511 1903 publice
528 1829 677 1903 opedotor.
692 1828 784 1888 Missa
798 1822 1030 1903 Pereqrirrorum
1045 1833 1112 1887 crat

161 1908 275 1984 pariter
290 1906 379 1968 Missa
397 1906 601 1978 Matutioolr'r,
626 1908 666 1967 ita
690 1907 883 1985 probabiliter
906 1907 1109 1979 denominata,

159 1992 228 2065 quia
251 2008 305 2065 pro
328 1991 537 2050 commoditate
560 2008 739 2067 pauperum.
763 1997 794 2049 et
814 1990 1038 2066 peregrinorum
1061 2009 1111 2053 ce-

160 2066 353 2139 lebrabatur‚
378 2076 409 2131 et
429 2073 529 2133 oblata
550 2074 593 2133 eis
616 2072 833 2132 tribuebantur
857 2069 962 2131 Missas
984 2068 1110 2135 Noctur-

160 2172 213 2213 ιιιιι
235 2154 337 2231 plnres
360 2152 429 2212 olim
446 2153 548 2226 luisse,
567 2159 704 2214 veterum
728 2159 921 2214 monumenta
943 2154 1109 2225 declarant;

156 2241 189 2296 at
211 2254 248 2295 ex
271 2235 318 2295 iris
339 2252 374 2295 ea
397 2234 459 2295 sola
483 2237 659 2311 permansit,
681 2255 759 2313 quae
781 2236 809 2295 in
833 2243 919 2296 nocte
941 2234 1111 2298 Natiuitatis

157 2316 277 2383 Domini
301 2318 410 2394 ubique
432 2318 616 2379 celebratur.
641 2317 784 2395 Reliquae
806 2316 917 2377 Missae
932 2316 1111 2379 Nocturnae

157 2400 295 2459 abierunt
310 2401 338 2458 in
354 2400 592 2469 desuetudinem,
610 2417 741 2475 quarum
759 2401 919 2477 praecipua
935 2406 1001 2459 erat
1016 2399 1108 2460 Missa

159 2480 278 2541 Sabbati
293 2480 392 2541 Sancti
416 2482 566 2555 pertinens
588 2480 625 2539 ad
641 2481 699 2541 diei
723 2482 876 2557 sequentis
893 2488 1020 2542 noctem.
1035 2480 1109 2541 llie-

158 2580 303 2642 ronymus
332 2563 359 2622 in
382 2560 569 2624 Mendaeum
590 2561 664 2639 Cap.
688 2562 782 2623 XXV
812 2559 1004 2624 traditionem
1026 2563 1109 2640 Apo-

160 2646 295 2705 stolicam
318 2644 408 2705 luisse
431 2646 483 2715 ait,
509 2648 591 2706 utin
614 2644 662 2705 die
685 2644 861 2721 Vigiliarum
884 2642 1017 2706 Paschae
1039 2650 1109 2706 ante

157 2729 251 2788 noctis
273 2726 429 2787 dimidium
453 2729 577 2803 populos
599 2726 750 2789 dimittere
773 2745 830 2786 non
847 2726 945 2786 liceat.
962 2724 1109 2806 Ejusdem
1174 2739 1179 2746 ’

156 2810 249 2869 moris
271 2808 355 2869 testis
385 2814 431 2868 est
451 2808 653 2868 Tertullianus
675 2808 740 2867 Lib.
765 2808 794 2869 ll
825 2808 861 2867 ad
884 2825 1010 2869 onorem
1031 2808 1106 2886 Cap.

117 2906 132 2940 ι
156 2889 208 2951 lV:
239 2889 313 2965 Quis
334 2891 510 2951 solemnibus
533 2887 665 2950 Posclroe
686 2891 888 2951 abnoctantem
915 2908 1037 2951 securos
1058 2908 1110 2949 ιιι-

156 2974 301 3033 etinelrr'tl
332 2972 416 3031 ldem
438 2973 547 3033 docent
568 2971 740 3032 Amalarins
762 2971 827 3033 Lib.
852 2971 865 3031 l
887 2969 958 3048 Cap.
985 2970 1050 3045 16,
1076 2978 1108 3032 et

154 3052 311 3124 blomans,
334 3054 384 3130 qni
408 3053 487 3114 bunc
511 3056 608 3115 locum
631 3052 663 3114 S.
680 3051 860 3133 Hieronymi
881 3053 984 3115 citant.
1001 3054 1107 3115 Perse-

153 3138 305 3196 verarerit
326 3140 425 3196 autem
449 3136 524 3197 haec
547 3136 595 3213 pia
617 3142 779 3213 sanctaque
801 3135 920 3197 traditio
940 3136 1047 3197 saltem
1068 3135 1113 3195 de

153 3216 335 3294 aliquibus'
328 3236 356 3276 ιιι
380 3217 568 3296 tociensque
590 3218 626 3277 ad
645 3216 734 3278 linem
750 3218 865 3278 Saeculi
882 3217 957 3278 xiv
980 3227 1014 3279 ut
1035 3235 1109 3278 con·
1212 3264 1214 3269 .

153 3305 214 3359 stat
235 3316 272 3359 ex
294 3299 563 3360 Consuetudinibus
585 3298 803 3360 Canonicorum
824 3299 1018 3378 Regularium
1041 3300 1106 3362 Μο-
1153 3373 1156 3376 ,

152 3370 274 3441 naslerii
297 3378 486 3442 Cassanensre
501 3399 550 3441 an
569 3379 661 3441 1387
679 3382 792 3455 Quater
815 3383 918 3444 item
910 3401 940 3441 ιιι
963 3399 1051 3453 anno,
1074 3383 1105 3441 in

154 3462 293 3524 Sabbatis
316 3462 458 3523 nimirum
482 3469 609 3540 quatuor
625 3468 794 3542 temporum
810 3462 902 3525 Missa
923 3468 1013 3525 noctu
1027 3462 1109 3525 cele·
1160 3533 1163 3537 A

152 3543 236 3605 brari
270 3546 453 3617 consuevit,
478 3546 556 3607 siout
577 3543 640 3607 Leo
662 3545 676 3607 l
701 3550 829 3608 testatur
851 3544 985 3624 Epistola
1006 3544 1044 3606 81
1068 3548 1106 3607 ad
