2517 4059
537 208 760 284 maidens

183 345 338 424 pectorali.
354 344 399 404 lle
415 344 568 422 encolpiis,
593 344 669 404 idest
691 341 836 404 Crucibus
849 343 990 419 reliquias
1005 342 1129 403 Sancto-

181 448 248 489 rum
268 470 275 495 ,
298 444 333 486 ac
356 425 490 486 vivificae
512 427 611 486 crucis
634 426 792 503 particulas
824 426 1064 494 continentibus,
1089 426 1128 485 ab

180 508 416 587 Imperatoribus
437 510 547 586 gestari
570 508 665 567 solitis
684 552 691 577 ‚
723 512 754 568 ct
775 506 843 568 fidei
866 509 1018 567 faciendae
1036 551 1044 572 ,
1077 508 1127 567 vcl

181 593 352 652 securitatis
368 592 562 666 praestandae
577 608 678 657 causa,
703 591 739 649 ad
755 589 828 649 alios
843 592 1013 657 trasmissis,
1032 591 1126 649 multa

179 675 325 749 congessit
346 671 474 749 Cangius
497 675 524 730 in
547 674 622 732 notis
637 670 676 731 ud
688 669 863 732 discindens
879 675 978 730 Annae
1003 672 1128 733 Comoe-

177 773 246 814 noe.
270 754 458 829 Nicephorus
474 754 640 829 Imperator
656 755 747 813 multa
763 760 936 812 ornamenta
953 771 1035 812 sacra
1052 752 1127 812 Leo-

177 839 207 894 ni
231 836 272 896 lll
295 835 430 895 Romano
453 834 585 896 Pontifici
609 837 713 902 misit,
738 838 815 897 inter
843 852 918 911 quae
940 836 1124 911 encolpium.

177 916 320 979 Ceterum
344 920 379 978 ad
403 919 637 977 vetustissimum
660 918 774 978 morem
798 916 1059 983 confirmandum,
1093 925 1128 976 ut

178 998 315 1078 Episcopi
338 998 464 1060 Crucem
489 1002 693 1076 pectoralem,
716 1002 745 1059 in
772 1018 828 1076 qua
859 998 1036 1059 Sanctorum
1061 998 1125 1057 reli·

176 1083 278 1159 quiae,
296 1082 331 1141 ad
356 1083 466 1141 collum
490 1081 652 1147 deferrent,
666 1088 762 1141 exstat
778 1081 947 1158 praeclarus
969 1082 1000 1141 S.
1017 1079 1131 1157 Grego*

176 1165 211 1221 rii
235 1163 416 1223 Turonensis
439 1164 522 1222 locus
545 1163 672 1222 inlibris
695 1162 729 1221 dt
743 1162 852 1226 Gloria
863 1161 1046 1241 Martyron.
1071 1162 1125 1221 lie·

175 1244 235 1304 fert
256 1249 335 1304 enim
350 1242 521 1322 Gregorius,
538 1264 571 1306 se
592 1244 719 1305 Crucem
743 1262 867 1304 auream
891 1248 926 1304 ad
950 1244 1058 1304 collum
1076 1262 1127 1323 gc-

177 1332 296 1395 stasse,
336 1329 363 1386 in
387 1344 445 1403 qua
468 1333 554 1386 erant
575 1327 720 1401 reliquiae
752 1326 945 1387 Beatissimae
969 1326 1124 1402 Virginis.

177 1408 357 1469 Sanctorum
379 1409 611 1486 Apostolorum,
636 1414 667 1469 et
688 1410 772 1469 Beati
797 1408 939 1475 Martini,
964 1407 1049 1485 cujus
1071 1426 1127 1484 ope

177 1490 346 1550 incendium
370 1492 531 1557 restinxit,
555 1489 633 1567 quod
656 1506 732 1566 aqua
756 1491 886 1566 mitigari
915 1508 972 1548 non
997 1496 1125 1566 poterat.

176 1572 315 1631 Alterum
331 1572 437 1633 Crucis
461 1572 620 1649 pectoralis
642 1574 796 1649 egregium
813 1573 1016 1633 testimonium
1039 1590 1128 1648 prae-

130 1715 133 1722 ,
176 1655 226 1713 bet
247 1652 399 1713 Osbernus
421 1656 449 1712 in
473 1656 534 1715 citu
556 1654 660 1715 Sancti
682 1652 809 1733 Elpbepi
836 1656 1004 1733 martyris,
1030 1665 1057 1714 et
1075 1662 1127 1713 ,tr-

177 1737 353 1813 cbs‘cpr'scopt'
382 1735 621 1798 cantuariensis.

218 1816 256 1877 ll.
281 1816 367 1890 Quod
390 1824 490 1877 autern
512 1817 731 1877 discutiendum
754 1818 853 1886 venit,
878 1816 949 1876 illud
972 1822 1027 1884 esi,
1054 1836 1126 1877 num

177 1899 255 1958 inter
278 1900 450 1959 indumenta
472 1918 554 1959 sacra
572 1899 760 1974 Episcopalia
776 1900 847 1958 olim
863 1900 1123 1961 adnumerat-etur.

177 1979 294 2057 Negant
315 1982 357 2039 uti
379 1999 467 2057 supra
490 1982 714 2041 observavimus
735 1980 816 2040 bona
839 1986 867 2040 et
890 1980 1070 2058 Saussajus‚
1096 1990 1127 2041 et

177 2062 371 2122 Clarissimus
392 2061 523 2139 Georgi,
546 2061 625 2138 quod
649 2080 793 2137 nusquam
817 2082 833 2123 a
856 2062 1057 2140 scriptoribus
1079 2062 1128 2120 Li-

179 2143 326 2221 turgius,
351 2149 381 2202 et
401 2146 552 2205 veteribus
584 2142 832 2205 Sacramentariis
847 2144 940 2204 'Crux
968 2145 1127 2223 pectoralis

178 2232 365 2284 memoretur
382 2227 490 2286 idcirco
507 2232 652 2295 statuunt,
668 2244 756 2286 usum
779 2233 931 2286 recentem
947 2245 1023 2286 esse.
1041 2227 1128 2286 Prae-

179 2310 227 2365 ter
243 2307 424 2382 scriptorum
447 2326 601 2368 sacrorum
617 2310 731 2368 rituum
754 2324 789 2367 ac
805 2308 1073 2371 Caeremonialium
1090 2310 1129 2367 si·

183 2386 318 2456 lentium,
343 2396 389 2447 cst
410 2391 501 2449 etiam
524 2389 554 2449 S.
571 2389 705 2450 Thomas
726 2393 898 2462 auctoritas,
923 2393 974 2467 qui
998 2394 1025 2449 in
1040 2390 1128 2452 Com·

180 2470 337 2529 mentariis
374 2471 400 2529 in
423 2468 510 2532 Libro
534 2470 783 2541 Septemiacum,
809 2473 879 2533 dnm
902 2478 1058 2533 enumerat
1085 2474 1129 2529 in-

182 2552 322 2611 dumenta
339 2551 491 2631 Episcopis
514 2555 687 2630 peculiaria,
701 2556 737 2612 dc
753 2552 848 2615 Cruce
871 2554 979 2614 nullam
1004 2554 1130 2614 mentio-

182 2652 252 2692 nem
276 2633 358 2692 lacit.
381 2632 459 2707 Quid
476 2636 554 2712 quod
577 2636 766 2696 Innocentius
782 2635 824 2698 ΙΙΙ
846 2638 1015 2697 describens
1030 2638 1130 2713 singu·

184 2716 259 2774 laria
275 2712 490 2794 Episcoporum
507 2724 694 2785 ornamenta,
711 2716 837 2780 Crucem
854 2720 1036 2795 pectoralem
1052 2720 1132 2777 inter

178 2815 214 2856 ea
240 2814 297 2855 non
320 2799 498 2860 adnumerat
510 2796 690 2860 Guillelmus
705 2800 996 2877 quoquellurandus
1017 2801 1048 2858 in
1064 2798 1130 2859 tia·

177 2879 286 2938 tionoli
306 2880 458 2951 affirmat,
483 2899 544 2941 sex·
558 2882 731 2943 indumenta
749 2882 980 2948 Sacerdotibus,
1004 2888 1035 2942 et
1056 2880 1127 2959 Epi·

178 2961 275 3036 scopis
290 2964 460 3022 communia
475 2981 552 3023 csse.
577 2961 617 3023 At
638 2982 673 3023 ex
686 2963 789 3023 eodem
806 2971 943 3053 apparet,
967 2982 1021 3039 pira
1037 2964 1132 3042 ipsius

182 3048 289 3110 aetate,
313 3044 455 3104 nimirum
478 3045 597 3105 saeculo
617 3043 691 3106 Xlll
712 3042 773 3121 jam
797 3046 975 3111 inclinante,
999 3045 1128 3108 Crucem

180 3124 361 3200 pectoralem
386 3132 531 3201 gestatam
554 3127 675 3202 quidem
700 3128 737 3185 ab
760 3124 914 3204 Episcopis
938 3128 1052 3194 inisse,
1077 3126 1129 3187 sed

180 3207 322 3271 nondum,
345 3207 424 3266 inter
445 3216 619 3268 ornamenta
643 3210 861 3287 Episcoporum
884 3208 1072 3277 translatam,
1099 3209 1130 3266 in

179 3293 327 3362 potestate
349 3294 448 3347 tamen
470 3290 624 3366 Episcopis
646 3290 760 3359 luisse,
794 3311 863 3354 eum
887 3290 1052 3361 adbibere,
1081 3291 1131 3351 vel

182 3386 240 3428 non
264 3368 419 3429 adhibere.
443 3370 542 3430 Prodit
563 3373 644 3432 idem
668 3372 846 3449 Ilurandus,
870 3370 1051 3452 Episcopum
1075 3375 1130 3432 im-

183 3450 322 3524 ppnendo
344 3452 411 3518 sibi,
435 3460 466 3513 ct
487 3453 661 3530 deponendo
677 3453 816 3521 Crucem,
841 3458 934 3532 ipsam
949 3456 1129 3525 exosculari,

184 3530 222 3588 ad
247 3532 460 3599 denotandum,
481 3536 561 3611 quod
583 3536 653 3597 lesu
668 3535 776 3597 Christi
792 3536 962 3598 Passionem
986 3554 1064 3613 quae
1079 3554 1134 3616 per

187 3611 270 3671 illam
287 3613 483 3689 significatur,
506 3618 612 3684 credit,
628 3624 660 3679 et
674 3616 841 3690 confitetur,
859 3620 998 3698 qnodque
1014 3620 1049 3679 ad
1066 3636 1135 3681 ean·

184 3691 257 3752 dem
280 3697 562 3772 repraesentandam
584 3700 614 3758 in
636 3698 743 3761 Officio
765 3700 874 3764 Missae
895 3720 928 3765 se
950 3709 1045 3781 parat.
