2517 4059
581 198 806 270 ’ΜΒΝ

219 329 258 388 lis
271 335 428 406 conceptus
450 327 670 406 creditumque
692 338 719 387 et
737 344 854 405 passus.
873 326 989 387 Auctor
1014 324 1166 401 Quaestio·

218 426 292 467 num
313 407 354 467 od
380 409 571 478 Antiochum,
602 410 655 486 qari
677 408 728 469 diu
750 408 879 469 creditus
901 414 947 468 est
968 408 1167 475 Athanasius,

217 495 356 550 vetustus
375 508 448 550 sarae
470 490 627 569 Scriptor,
661 490 773 567 quique
796 492 924 567 plurima
948 508 984 548 ex
1006 488 1168 549 Athanasio

217 572 356 645 excepit,
380 572 410 629 in
432 572 537 632 eadem
559 572 706 632 sententia
729 577 785 633 est.
810 569 979 632 Chronicon
1002 569 1167 639 Paschalc‚

217 672 272 715 seu
289 651 542 724 Alexandrinum,
565 655 756 732 praeclarum
777 654 814 713 ad
837 655 865 713 id
888 653 967 729 quod
991 654 1110 725 agimus
1133 659 1170 712 te

216 736 393 795 stimonium
415 737 551 812 praebet,
574 738 646 796 dum
670 736 745 795 haec
768 736 876 795 hahet:
900 734 956 796 Die
971 732 1060 796 XXV
1071 752 1169 794 secun

217 816 289 875 duan
305 815 454 876 Romanos
468 816 578 877 Martii
592 817 699 877 mansis
717 816 879 885 Catholioa,
889 828 923 876 ot
940 816 1102 895 apostolica
1118 815 1170 875 Dei

216 897 369 967 Ecclesia,
394 916 434 955 ecc
455 900 638 959 Sanctorum
662 899 825 958 Doctorum
847 897 1030 966 traditione,
1055 905 1169 957 sanctae

214 980 361 1041 Dominae
390 991 508 1039 nostroe
530 982 677 1057 gloriosae
702 978 758 1037 Dei
783 978 971 1048 (isauricis,
1005 990 1031 1039 et
1060 996 1169 1056 semper

218 1061 354 1138 Virginis
378 1058 499 1121 Mariae
522 1064 791 1122 annunciationem
807 1062 941 1121 celebrat.
965 1058 1168 1121 Universalem

215 1143 308 1204 totius
332 1139 485 1203 Ecclesiae
506 1144 752 1211 consensionem,
775 1142 1002 1219 particularium
1025 1140 1169 1203 Ecclesia·

215 1242 283 1283 rum
307 1221 513 1285 testificatione
535 1226 716 1285 declaratam
740 1225 911 1288 habemus,
947 1220 1003 1299 qua
1026 1224 1166 1284 docemur

213 1302 309 1364 XXV
332 1304 431 1363 Martii
453 1306 502 1366 die
522 1303 694 1367 Gabrielem
710 1304 935 1383 Archangelum
956 1304 1167 1365 incarnationis

215 1386 406 1463 peragendae
427 1390 570 1447 nuncium
592 1390 630 1447 ad
653 1386 780 1449 Mariam
803 1388 932 1447 venisse.

255 1467 309 1527 Vl.
333 1467 378 1527 De
400 1468 475 1528 hora
498 1476 625 1539 tamen,
658 1488 717 1545 qua
739 1468 872 1547 Angelus
893 1468 1046 1545 ingressus
1069 1474 1114 1529 cst
1133 1466 1166 1528 ad

213 1546 383 1627 Virginem,
407 1567 465 1609 non
487 1556 534 1611 est
555 1552 630 1613 adeo
646 1558 775 1611 certum.
801 1551 925 1611 Summo
949 1568 1036 1611 mane
1059 1550 1096 1610 ad
1108 1548 1168 1611 hia·

212 1630 288 1691 riant
313 1628 468 1708 Virginem
491 1634 609 1692 vonisse
630 1631 776 1698 Gabriel,
804 1632 922 1692 censuit
943 1631 1089 1692 ,ilbertus
1111 1631 1167 1691 Ma·

212 1729 289 1789 gnus
309 1730 400 1790 super
421 1711 531 1774 illuns
552 1725 593 1774 est
614 1723 728 1793 quaest.
754 1713 812 1774 v11
834 1720 852 1785 ὅ
875 1714 911 1782 1;
927 1732 1024 1789 'quem
1050 1713 1164 1790 quidem

212 1793 272 1855 hac
293 1794 322 1851 in
345 1798 496 1855 resecuit
518 1801 589 1855 sunt
610 1798 642 1856 S.
666 1796 858 1871 Antoninus,
882 1794 899 1854 1
918 1805 1003 1871 port.
1031 1792 1167 1855 Summae

211 1876 261 1935 tit.
280 1875 305 1936 V
323 1875 397 1947 Cap.
409 1876 445 1947 93
469 1883 500 1937 et
513 1875 725 1945 Chlithoveus,
742 1878 890 1937 referente
904 1876 1020 1943 Novato
1037 1875 1073 1935 de
1088 1874 1166 1935 Emi·

213 1958 322 2016 nentio
360 1955 493 2035 Virginis
525 1959 612 2018 Tum.
637 1960 651 2020 Ι
682 1958 755 2034 Cap.
779 1956 848 2019 Vll.
876 1964 994 2032 quaest.
1022 1958 1049 2020 1.
1082 1957 1166 2017 Plura

212 2055 334 2115 quoque
357 2039 492 2100 adnotari
515 2046 648 2117 possunt,
673 2040 782 2117 quibus
799 2038 898 2115 palam
914 2038 976 2109 frat,
1001 2039 1164 2099 mirandam

212 2135 337 2195 prorsus
352 2126 384 2178 et
405 2139 494 2197 supra
517 2140 622 2181 omnes
646 2129 769 2182 naturae
785 2123 864 2181 vires
887 2122 978 2181 luisse
999 2120 1067 2181 Iesu
1084 2121 1165 2181 Chri·

211 2200 248 2259 sti
271 2202 507 2277 conceptionem.
531 2202 633 2264 Primo
655 2206 684 2262 in
708 2203 899 2280 conceptione
914 2201 1026 2264 Christi
1049 2202 1165 2262 Domini

211 2280 389 2347 Beatissimo
405 2283 500 2343 Maria
515 2284 610 2361 Virgo
630 2286 720 2345 simul
737 2291 767 2343 ct
790 2289 886 2343 mater
903 2286 1089 2361 permansit,
1102 2282 1164 2343 linc

210 2364 322 2439 quippe
343 2364 487 2424 eximium
510 2384 546 2425 ac
560 2367 709 2442 singulare
723 2367 912 2441 privilegium
930 2364 984 2425 suli
1000 2364 1116 2427 Mariae
1137 2366 1163 2424 ia

210 2446 408 2520 conceptione
423 2444 532 2506 Christi
548 2454 687 2507 asserunt
701 2446 800 2507 Sancti
816 2445 933 2507 Patres.
949 2446 1087 2507 Secundo
1103 2464 1165 2505 con.-

208 2526 379 2601 ceptionem
396 2526 508 2587 Christi
526 2530 738 2589 miraculosam
754 2534 785 2588 et
807 2527 894 2604 plane
906 2529 1162 2605 supernaturalem

209 2606 325 2674 luisse,
349 2609 457 2684 prohat
476 2612 632 2687 repentina
654 2610 720 2689 ejus
743 2612 878 2688 corporis
907 2611 935 2669 in
957 2616 1044 2671 utero
1069 2609 1164 2685 Virgi·
1191 2642 1194 2649 ,

209 2690 256 2748 nis
278 2688 486 2749 conformatio.
509 2692 673 2752 Enimvero
696 2693 793 2751 statim
818 2708 852 2752 ac
874 2692 1051 2753 Beatissima
1072 2690 1162 2767 Virgo

208 2772 378 2830 voluntaria
399 2772 445 2831 sui
460 2772 597 2849 obsequii
613 2774 773 2849 postulanti
789 2772 853 2834 Deo
870 2792 996 2833 munera
1011 2774 1159 2842 offerens,

207 2850 340 2912 Gabrieli
363 2854 503 2929 praebuit
523 2872 688 2924 assensum,
712 2854 836 2913 dicens:
861 2854 938 2915 ane
960 2854 1082 2916 Ancilla
1103 2856 1160 2915 Do·

206 2934 297 3002 mini,
320 2934 375 3014 fiat
389 2936 464 2994 mihi
485 2936 648 2997 secundum
664 2940 784 2997 uerbum
805 2946 901 3017 tunm.
925 2937 1036 2997 Mirum
1060 2937 1159 2995 diclui

206 3017 316 3076 eodem
338 3025 515 3085 momento,
547 3019 690 3093 nullaque
720 3019 895 3093 interposita
922 3036 1032 3088 mora,
1062 3019 1161 3079 absce-

205 3098 298 3158 dente
319 3098 457 3173 Angelo,
480 3098 607 3175 Spiritus
628 3098 728 3159 Sancti
751 3101 948 3174 operatione,
971 3105 1159 3175 compactum

204 3186 253 3239 est
274 3180 303 3238 in
321 3178 451 3255 Virginis
468 3187 556 3239 utero
571 3179 688 3257 Corpus
699 3180 811 3242 Christi
826 3182 987 3257 integrum.
1011 3182 1161 3241 omnihus·

206 3278 267 3336 que
287 3264 436 3338 organicis
458 3262 603 3338 membris
625 3264 816 3331 ahsolutum;
840 3260 951 3340 Angeia
977 3264 1154 3326 nuntiante,

206 3350 235 3400 et
258 3339 376 3421 Spiritu
397 3344 509 3404 Sancto
533 3342 717 3410 adveniente,
741 3344 838 3419 inquit
860 3343 890 3404 S.
914 3340 1075 3420 Gregorius
1096 3340 1155 3403 Lu.

205 3421 321 3485 Xt⁷111
331 3422 496 3485 Moralium
520 3423 594 3501 Cap,
611 3424 651 3485 35
677 3442 750 3484 moa
773 3425 900 3485 Verbum
924 3425 958 3483 in
973 3434 1067 3494 utero,
1089 3440 1158 3483 moa

204 3507 292 3565 intro
305 3517 427 3565 uterum
446 3506 573 3568 Verium
588 3524 670 3566 coro.
694 3506 780 3568 Haec
796 3512 897 3567 autem
921 3509 1074 3583 repentina
1095 3522 1158 3565 cor·

205 3588 287 3665 poris
315 3586 425 3648 Christi
457 3588 487 3646 in
517 3589 690 3659 castissimo
712 3588 846 3667 Virginis
872 3594 961 3648 utero
989 3589 1151 3653 formatio,
