2517 4059
559 205 785 277 sudditi&-

197 351 242 400 se,
266 331 396 408 fideique
418 332 613 402 Orthodoxae
635 336 798 394 acerrimos
820 338 981 395 assertores
1003 340 1034 394 et
1056 334 1152 395 vwindi-

196 431 259 482 ces,
273 422 305 476 et
325 432 362 473 ex
384 413 416 475 S.
429 414 555 474 Marone
572 415 688 475 Abbate
710 416 856 491 originem
872 416 1007 485 duxisse,
1019 434 1148 491 quorum

195 496 323 574 proinde
351 496 497 555 adversus
526 497 713 575 Eutycbium
737 496 999 567 Alexandrinum,
1024 496 1150 559 Guillcl·

196 595 282 636 mum
305 574 442 655 Tyrium,
457 582 487 637 et
507 579 662 638 Morinum
686 578 827 639 uindicias
842 580 913 656 agit.
939 576 1028 657 Pagio
1044 579 1149 639 suilra·

195 662 284 735 gatur
297 660 518 720 eruditissimus
530 659 666 736 Scriptor
682 659 828 735 Iosephus
843 660 993 721 Simonius
1008 660 1150 721 Assema·

197 758 252 800 nus
273 738 361 800 Torn.
384 741 400 801 l
420 739 620 802 Bibliothecae
646 739 809 801 Orientalis
827 761 901 821 paq.
925 740 990 802 498
1010 747 1041 801 et
1063 760 1148 819 seqq.

194 820 255 881 507
278 820 340 882 508
363 823 413 881 ubi
436 821 592 900 degentis
614 840 686 883 suae
708 822 906 891 orthodoxia,
931 829 961 882 et
983 824 1097 901 origine
1121 825 1149 883 iu

194 902 227 963 S.
244 903 368 963 Marone
384 904 500 965 Abbate
516 905 672 965 evidenter
685 903 853 965 confirmat.
871 901 927 964 llis
942 906 1058 965 accedit
1069 906 1150 982 Apo·

193 986 333 1045 stolicnm
357 985 509 1046 Benedicti
526 984 623 1063 Papae
638 983 715 1046 XIV
737 987 893 1046 oraculum
918 988 945 1045 in
958 1003 1015 1046 sua
1031 986 1150 1049 Allocu·

69 1102 73 1107 ·
195 1067 275 1126 tione
298 1067 399 1127 habita
422 1069 451 1126 in
467 1065 651 1127 eonsisrorio
673 1068 890 1144 semipubblico
911 1070 966 1128 snb
981 1068 1028 1128 die
1047 1068 1151 1129 131u·

193 1147 224 1218 lii
241 1147 321 1207 17tt
343 1150 421 1210 inter
444 1148 518 1209 Aeta
536 1150 673 1224 pubblica
689 1146 824 1209 Nationis
836 1147 1052 1209 Maronitarum
1070 1150 1150 1211 edita

193 1229 302 1367 podem
324 1248 402 1291 auno
417 1231 496 1309 typis
516 1229 625 1291 Sacrae
640 1230 884 1307 congregationis
906 1232 943 1291 de
955 1230 1149 1309 propaganda

219 1310 280 1370 ide.

236 1388 277 1450 ll.
301 1389 468 1452 Maronitae
492 1395 615 1469 insuper
631 1394 752 1453 arabice
776 1393 948 1469 loquuntur.
973 1394 1024 1453 sad
1047 1410 1152 1453 sacras

193 1472 362 1533 functiones
385 1480 531 1553 peragunt
553 1475 655 1551 lingua
677 1476 805 1553 syriaca.
830 1473 904 1534 Cum
927 1471 1050 1534 Graecis
1083 1494 1148 1537 con·

193 1554 318 1615 veniunt
340 1556 368 1615 iu
383 1557 562 1631 quibusdam
586 1556 865 1623 consuetudinibus,
890 1558 927 1616 ab
944 1557 1015 1633 ipsis
1029 1574 1102 1617 vero
1117 1562 1150 1619 ct

194 1654 210 1694 a
234 1636 358 1708 reliquis
379 1636 605 1706 Orientalibus,
628 1638 764 1714 exceptis
785 1637 937 1702 Armenis
962 1639 1148 1715 discrepant,

191 1718 272 1793 quod
294 1719 517 1779 Eucharistiam
540 1720 569 1778 in
592 1719 706 1798 azymis
729 1718 902 1780 conficiunt.
936 1719 1058 1779 Gabriel
1082 1718 1147 1779 Sio-

81 1810 88 1819 *
192 1801 253 1859 uita
278 1799 306 1858 in
331 1798 463 1880 Epistola
487 1802 522 1861 ad
545 1797 707 1861 Nibusinm
731 1800 768 1861 de
785 1799 933 1861 nonnullis
955 1800 1064 1860 ritibus
1085 1798 1147 1861 Ma·

192 1881 379 1953 muitarum,
412 1884 492 1944 inter
513 1882 677 1962 Syrnmicta
710 1880 818 1942 Leonis
840 1881 964 1952 ultani,
989 1882 1017 1941 in
1040 1899 1147 1943 eorum

193 1962 335 2040 Liturgiis
356 1964 462 2025 eadem
484 1963 546 2023 iere
568 1964 714 2023 contineri
737 1966 800 2034 ait,
825 1981 904 2039 quae
926 1964 955 2022 in
979 1963 1069 2023 Missa
1091 1962 1148 2023 La·

192 2044 275 2112 tina,
299 2046 418 2105 diverso
439 2051 540 2106 tamen
562 2045 691 2116 ordine,
725 2044 912 2121 diversisque
934 2046 1144 2105 caeremoniis.

192 2124 226 2186 ld
248 2143 321 2186 raro
343 2125 499 2187 Maronitis
522 2126 674 2204 peculiare
699 2132 772 2197 est,
797 2127 876 2202 quod
905 2126 976 2186 durn
1000 2126 1148 2209 Sacerdos

193 2207 352 2277 celebrat,
385 2206 503 2268 Chorus
532 2208 658 2269 subinde
691 2209 820 2268 concinit
849 2207 985 2284 hymnos·
1000 2207 1145 2284 quosdam

194 2287 226 2348 S.
251 2286 404 2367 Ephraern
427 2289 514 2367 Syri,
537 2306 612 2367 quos
636 2290 723 2350 valde
744 2290 896 2367 elegantes
918 2306 983 2349 esse
1005 2287 1070 2366 ejus
1092 2290 1148 2351 lin·

192 2386 268 2445 guae
292 2371 378 2450 periti
401 2376 560 2431 testantur.
1096 2380 1098 2383 ’

566 2531 694 2593 CAPUT
715 2530 770 2591 Vl.

349 2713 392 2771 na
414 2712 560 2769 retronis
582 2710 801 2758 narraremus
813 2676 993 2754 ‘erroneus

232 2855 258 2917 l.
283 2854 322 2917 Et
343 2858 438 2935 prirno
471 2860 502 2920 S.
527 2857 626 2917 iacobi
650 2856 782 2933 Liturgia
807 2854 847 2937 (1)
869 2855 946 2932 apud
968 2854 1059 2935 Syros
1081 2873 1147 2917 om·

192 2940 276 2998 nium
302 2938 502 3017 Liturgiarnm
526 2940 731 3016 antiquissima
754 2946 811 3005 est,
836 2937 873 2998 ad
894 2954 986 3013 quem
1010 2938 1148 3013 reliquae

191 3024 346 3097 tamquam
370 3023 406 3080 ad
430 3038 566 3082 normam
589 3020 804 3081 accomodalae
826 3022 907 3079 sunt.
946 3015 1020 3077 Earn
1043 3019 1146 3095 piures

190 3120 228 3163 ex
243 3101 328 3183 Syris
342 3103 471 3178 antiquis
485 3103 547 3162 suis
562 3102 786 3163 commentariis
801 3100 995 3167 adornarunt,
1020 3098 1148 3163 loannes

191 3183 289 3248 Maro.
314 3182 440 3244 lacobus
462 3184 643 3254 Edesseuus,
667 3184 789 3259 aliique.
814 3181 977 3259 dequibus
999 3182 1146 3244 ridendus

191 3263 374 3326 Assemanns
396 3263 538 3325 Bibliotlr.
554 3265 671 3327 Orient.
690 3271 762 3323 torn.
782 3263 807 3324 l.
824 3261 989 3341 Liturgiarn
1007 3280 1092 3323 snam
1115 3265 1146 3323 in

190 3348 324 3424 quinque
347 3350 449 3424 partes
470 3345 628 3413 dividunt.
654 3346 698 3407 nti
729 3362 766 3405 ex
789 3345 932 3423 Dionysio
953 3344 1147 3418 Barsaiibaeo

194 3427 400 3506 coustatalpsi
414 3445 487 3489 vcro
509 3424 679 3491 Nestoriani
701 3432 733 3487 et
753 3426 907 3489 lacebitae
926 3442 979 3503 per
1002 3422 1145 3505 Syriar'n,

130 3580 134 3586 ⁶
225 3603 261 3665 (l)
280 3602 344 3656 t'ide
361 3603 577 3666 chrudotiunr,
599 3604 723 3657 cellectio
742 3601 935 3670 Litarps'arom
948 3602 1146 3655 Orientalium.
