2517 4059
552 208 612 272 esp
634 197 775 269 tuliae

192 334 248 389 tas.
273 325 418 409 Ernulxius
440 325 591 390 Rolleusis
612 328 777 407 Episcopus
799 326 889 403 Epa
911 332 985 387 tom.
1008 326 1029 386 2
1050 326 1151 406 Spiciv

194 410 286 487 legii,
309 409 388 487 quod
411 410 457 469 vir
480 410 699 471 eruditissimus
720 410 817 471 Lucas
838 409 1003 469 Dacherius
1035 409 1151 470 ilona-

192 491 267 553 chus
283 492 493 553 Benedictinus
509 491 752 570 Congrogationis
774 492 804 553 S.
818 491 928 559 Mauri.
952 492 1032 551 edita
1050 491 1146 553 cars-

189 582 267 633 stam
289 575 330 635 ait
352 573 484 633 docuisse
506 592 583 651 qaae
603 574 743 651 iaciendo
766 584 860 641 erant,
882 572 932 633 secl
951 590 1015 632 aon
1029 573 1147 655 praefi·

189 656 270 715 aisse
294 655 437 721 arolam,
462 674 519 734 pao
540 658 607 737 ficri
630 656 775 717 delerent.
800 656 866 715 Alia
889 655 1004 715 dehac
1026 656 1143 715 rituum

190 738 360 799 diversitate
376 736 560 797 Graecorum
584 738 752 797 testimonia
769 738 897 797 ltllatius
912 738 1002 799 aliert
1022 738 1051 795 in
1062 734 1143 798 Hot-

190 820 306 896 tingero
327 819 464 879 convicto
486 818 558 895 Cap.
573 819 592 878 3
606 826 637 878 et
651 820 717 880 Lib.
731 820 775 880 ill
795 819 832 880 de
853 831 998 899 perpetua
1019 838 1143 879 coassa-

188 902 268 961 ss'oae
285 900 430 964 Ecclesiae
449 897 651 962 Occidentalis
666 911 693 959 et
713 900 966 979 MenterlisCap.
986 899 1024 961 13
1039 908 1070 962 et
1086 898 1142 959 tt.

231 982 269 1045 ΙΙ.
294 984 408 1045 Causae
429 999 501 1042 vero
524 989 621 1043 motae
638 984 749 1045 rituum
772 985 926 1062 varietatis
949 984 976 1043 in
994 990 1073 1044 tanta
1089 980 1143 1042 Fi·

188 1065 236 1126 dei
254 1066 367 1126 unitate
384 1064 458 1125 lraec
471 1064 562 1126 luisse
585 1066 734 1126 ridentur.
760 1064 898 1143 Veiquia
921 1065 1003 1125 nullo
1017 1071 1141 1125 extante

188 1148 224 1208 de
248 1145 294 1206 his
317 1147 382 1207 lesu
399 1145 520 1213 Christi,
545 1148 592 1206 vel
609 1147 822 1223 Apostolorum
847 1151 1019 1225 praecepto,
1043 1147 1141 1208 libera

187 1228 315 1289 facultas
336 1227 493 1307 Episcopis
515 1229 619 1289 r'elicta
643 1230 736 1289 estid
759 1230 904 1291 sentiendi
927 1239 957 1290 ct
978 1230 1147 1290 decernen-

187 1312 227 1377 di,
245 1310 332 1387 ‚quod
356 1310 519 1385 unicuique
541 1310 622 1372 satra
644 1308 716 1371 Fide
739 1314 832 1389 magis
854 1313 1015 1389 expediens
1037 1311 1143 1371 vienne

186 1394 267 1454 luit:
291 1394 338 1451 rel
362 1394 431 1467 quia
454 1392 604 1453 saeviente
638 1394 666 1452 in
688 1393 873 1454 Christianos
906 1394 1111 1471 persecutione
1129 1434 1144 1460 ,

187 1481 293 1536 coetus
316 1474 532 1551 Episcoporom
556 1477 701 1536 inunum
725 1478 788 1554 cogi
813 1493 869 1534 non
893 1476 1000 1552 potnit,
1026 1476 1055 1534 in
1077 1492 1145 1551 quo-

186 1557 398 1617 commuuibus
420 1555 571 1633 suffragiis
593 1559 761 1617 communis
783 1559 878 1618 torma
895 1557 1035 1617 sacrificii
1058 1558 1141 1617 cote·

119 1708 120 1713 η
187 1640 290 1699 braodi
319 1638 356 1698 ab
378 1637 518 1699 ommbus
540 1640 735 1699 custodiendo
756 1639 949 1700 stabiliretur.
977 1638 1147 1707 Anselmus

185 1720 409 1781 Cantoaricnsis
432 1720 459 1779 in
473 1716 676 1797 Responsione
698 1721 733 1780 ad
750 1723 888 1797 querelas
903 1721 1054 1781 Valeriani
1077 1720 1139 1781 Nu·

184 1803 411 1878 niemburgensis
426 1801 566 1879 Episcopi
588 1801 661 1879 Cap.
674 1802 687 1861 l
709 1803 806 1863 eidem
823 1806 1018 1880 conquerenti
1033 1803 1071 1861 de
1084 1821 1140 1862 ra·

183 1887 290 1945 rietate
313 1886 424 1943 rituum
448 1881 747 1953 Ecclesiasticorum‚
772 1886 885 1945 habere
908 1904 961 1945 nos
981 1904 997 1944 a
1021 1884 1144 1946 Sanctis

184 1966 322 2027 Patribus
344 1966 397 2032 ait,
411 1964 490 2041 quod
513 1966 537 2024 si
559 1966 659 2025 unitas
680 1975 819 2027 servatur
839 1967 1004 2043 Clraritatis
1026 1969 1054 2027 in
1077 1965 1142 2028 tide

182 2047 347 2118 Catholica,
371 2047 443 2106 nihil
467 2046 557 2107 officit
578 2048 761 2108 consuetudo
784 2048 914 2110 diversa.

548 2209 671 2271 CAPUT
692 2210 762 2273 xli.

181 2392 302 2435 FALSUM
318 2384 374 2434 Est
397 2390 481 2445 Quot)
497 2392 538 2436 LE
554 2391 696 2445 BRUMUS,
713 2392 753 2434 ET
769 2392 871 2435 elutus
885 2391 1043 2435 assentior
1059 2391 1140 2434 NUL·

222 2474 287 2516 Lam
303 2472 387 2516 ANTE
402 2473 543 2526 QUINTUM
559 2473 721 2517 saecutus!
742 2474 918 2518 Ltruuutstt
933 2474 1039 2517 FUlSSE
1054 2473 1139 2517 SCM·

220 2554 281 2598 PTO
303 2553 535 2598 conscotinum.

219 2701 243 2762 Ι.
269 2700 428 2777 Apostolus
450 2700 523 2763 lad
540 2697 709 2761 Corinthios
731 2698 771 2778 (1)
793 2701 865 2780 Cap.
883 2700 959 2761 xlv
973 2719 1003 2759 v.
1029 2700 1069 2761 to
1091 2701 1136 2760 in·

179 2784 262 2857 quit,
287 2788 321 2843 ut
342 2786 444 2843 omnia
465 2785 501 2843 in
525 2780 667 2843 Ecclesiis
690 2784 827 2852 honeste,
852 2791 879 2843 et
899 2782 1062 2844 secundam
1084 2800 1133 2841 or·

179 2863 281 2923 dinem
302 2864 388 2945 fiant.
414 2864 482 2938 Quo
504 2871 593 2941 pacto
616 2871 661 2925 tot
683 2883 809 2941 preces,
833 2865 968 2925 diversas
1000 2864 1141 2925 obscena--

178 2948 271 3007 tiones
285 2990 293 3015 ,
318 2947 427 3007 scilicet
441 2948 601 3015 orationes,
619 2948 846 3023 postulationes,
864 2948 1030 3025 gratiarum
1045 2946 1134 3006 actio·

179 3045 253 3097 nes,
278 3029 455 3090 memoriter
477 3035 593 3089 tantum
616 3028 680 3088 sine
704 3029 764 3088 uilo
786 3029 904 3097 codice,
928 3037 966 3088 ex
987 3045 1048 3104 quo
1064 3027 1140 3088 illae

179 3110 370 3187 legerentur,
394 3111 431 3170 ab
454 3107 634 3187 Episcopis,
656 3117 688 3171 et
709 3109 895 3189 Presbyteris
916 3108 1036 3169 recitari
1051 3116 1133 3186 pole·

178 3196 279 3250 terant
299 3191 412 3267 absque
444 3190 503 3251 ullo
537 3192 669 3262 erroris,
692 3198 744 3252 aot
774 3193 959 3253 contusionis
985 3192 1135 3266 periculo.

103 3317 106 3325 .
176 3271 337 3333 Praeterea
359 3274 413 3333 nisi
436 3274 499 3352 jam
521 3270 702 3335 constitutae
724 3274 849 3336 luissent
864 3271 1000 3335 sacrificii
1016 3271 1132 3331 Oratio·

176 3371 238 3415 nes.
251 3361 281 3414 et
301 3351 431 3423 Preces,
454 3354 606 3432 quomodo
627 3372 753 3417 concors
776 3358 804 3417 in
827 3356 863 3416 iis
885 3356 1044 3418 recitandis
1059 3352 1135 3432 Epi·

174 3530 450 3667 ll'upssAtsspangnffit',
463 3525 551 3585 Coloe
571 3532 730 3603 Litarpiens
749 3537 881 3590 Ecclesiae
901 3536 1042 3587 uniuersae
1068 3531 1132 3585 tib.
