<?xml version="1.0" encoding="UTF-8"?>
<!DOCTYPE html PUBLIC "-//W3C//DTD XHTML 1.0 Transitional//EN"
    "http://www.w3.org/TR/xhtml1/DTD/xhtml1-transitional.dtd">
<html xmlns="http://www.w3.org/1999/xhtml" xml:lang="en" lang="en">
 <head>
  <title>
</title>
<meta http-equiv="Content-Type" content="text/html;charset=utf-8" />
  <meta name='ocr-system' content='tesseract 3.04.00' />
  <meta name='ocr-capabilities' content='ocr_page ocr_carea ocr_par ocr_line ocrx_word'/>
</head>
<body>
  <div class='ocr_page' id='page_1' title='image "./institutionesli00marigoog_0117.png"; bbox 0 0 2517 4059; ppageno 0'>
   <div class='ocr_carea' id='block_1_1' title="bbox 412 195 707 268">
    <p class='ocr_par' dir='ltr' id='par_1_1' title="bbox 412 195 707 268">
     <span class='ocr_line' id='line_1_1' title="bbox 412 195 707 268; baseline -0.01 0"><span class='ocrx_word' id='word_1_1' title='bbox 412 259 416 267; x_wconf 86' lang='lat'><em>.</em></span> <span class='ocrx_word' id='word_1_2' title='bbox 482 195 707 268; x_wconf 44' lang='lat' dir='ltr'><strong>Uim&amp;-</strong></span> 
     </span>
    </p>
   </div>
   <div class='ocr_carea' id='block_1_2' title="bbox 107 317 1142 3573">
    <p class='ocr_par' dir='ltr' id='par_1_2' title="bbox 107 317 1142 3414">
     <span class='ocr_line' id='line_1_2' title="bbox 110 317 1069 401; baseline 0.003 -24"><span class='ocrx_word' id='word_1_3' title='bbox 110 317 351 387; x_wconf 87' lang='lat' dir='ltr'><strong>municdicitur,</strong></span> <span class='ocrx_word' id='word_1_4' title='bbox 375 320 471 399; x_wconf 87' lang='lat' dir='ltr'><strong>liquet</strong></span> <span class='ocrx_word' id='word_1_5' title='bbox 492 325 656 401; x_wconf 85' lang='lat' dir='ltr'><strong>antiquitus</strong></span> <span class='ocrx_word' id='word_1_6' title='bbox 678 322 771 383; x_wconf 85' lang='lat' dir='ltr'><strong>luisse</strong></span> <span class='ocrx_word' id='word_1_7' title='bbox 793 324 941 381; x_wconf 88' lang='lat' dir='ltr'><strong>cantatam</strong></span> <span class='ocrx_word' id='word_1_8' title='bbox 965 318 994 379; x_wconf 89' lang='lat' dir='ltr'><strong>in</strong></span> <span class='ocrx_word' id='word_1_9' title='bbox 1011 317 1069 380; x_wconf 86' lang='lat' dir='ltr'><strong>bac</strong></span> 
     </span>
     <span class='ocr_line' id='line_1_3' title="bbox 110 397 1072 482; baseline 0 -23"><span class='ocrx_word' id='word_1_10' title='bbox 110 397 217 468; x_wconf 77' lang='lat' dir='ltr'><strong>Missa,</strong></span> <span class='ocrx_word' id='word_1_11' title='bbox 239 400 312 460; x_wconf 90' lang='lat' dir='ltr'><strong>dum</strong></span> <span class='ocrx_word' id='word_1_12' title='bbox 329 400 420 463; x_wconf 86' lang='lat' dir='ltr'><strong>tiebat</strong></span> <span class='ocrx_word' id='word_1_13' title='bbox 434 406 533 482; x_wconf 88' lang='lat' dir='ltr'><strong>populi</strong></span> <span class='ocrx_word' id='word_1_14' title='bbox 549 404 739 472; x_wconf 84' lang='lat' dir='ltr'><strong>Communia,</strong></span> <span class='ocrx_word' id='word_1_15' title='bbox 764 402 831 480; x_wconf 88' lang='lat' dir='ltr'><strong>quia</strong></span> <span class='ocrx_word' id='word_1_16' title='bbox 850 403 878 461; x_wconf 89' lang='lat' dir='ltr'><strong>in</strong></span> <span class='ocrx_word' id='word_1_17' title='bbox 894 400 1072 461; x_wconf 84' lang='lat' dir='ltr'><strong>Sacramen-</strong></span> 
     </span>
     <span class='ocr_line' id='line_1_4' title="bbox 108 478 1069 556; baseline 0.001 -14"><span class='ocrx_word' id='word_1_18' title='bbox 108 480 192 542; x_wconf 77' lang='lat' dir='ltr'><strong>tsrio</strong></span> <span class='ocrx_word' id='word_1_19' title='bbox 213 478 392 556; x_wconf 75' lang='lat' dir='ltr'><strong>Gelasium),</strong></span> <span class='ocrx_word' id='word_1_20' title='bbox 417 487 601 555; x_wconf 71' lang='lat' dir='ltr'><strong>recitabatur</strong></span> <span class='ocrx_word' id='word_1_21' title='bbox 623 506 641 547; x_wconf 89' lang='lat' dir='ltr'><strong>a</strong></span> <span class='ocrx_word' id='word_1_22' title='bbox 664 484 840 547; x_wconf 87' lang='lat' dir='ltr'><strong>Celebrante</strong></span> <span class='ocrx_word' id='word_1_23' title='bbox 872 482 977 543; x_wconf 86' lang='lat' dir='ltr'><strong>Oratio</strong></span> <span class='ocrx_word' id='word_1_24' title='bbox 1004 479 1069 543; x_wconf 86' lang='lat' dir='ltr'><strong>Post</strong></span> 
     </span>
     <span class='ocr_line' id='line_1_5' title="bbox 111 560 1071 635; baseline 0.002 -12"><span class='ocrx_word' id='word_1_25' title='bbox 111 560 384 635; x_wconf 60' lang='lat' dir='ltr'><strong>Communium</strong></span> <span class='ocrx_word' id='word_1_26' title='bbox 406 566 482 629; x_wconf 85' lang='lat' dir='ltr'><strong>baec</strong></span> <span class='ocrx_word' id='word_1_27' title='bbox 504 570 584 629; x_wconf 81' lang='lat' dir='ltr'><strong>enirn</strong></span> <span class='ocrx_word' id='word_1_28' title='bbox 606 567 785 631; x_wconf 82' lang='lat' dir='ltr'><strong>correlative</strong></span> <span class='ocrx_word' id='word_1_29' title='bbox 808 570 905 633; x_wconf 84' lang='lat' dir='ltr'><strong>erant,</strong></span> <span class='ocrx_word' id='word_1_30' title='bbox 929 564 1071 624; x_wconf 87' lang='lat' dir='ltr'><strong>nimirum</strong></span> 
     </span>
     <span class='ocr_line' id='line_1_6' title="bbox 111 642 1072 725; baseline 0.002 -22"><span class='ocrx_word' id='word_1_31' title='bbox 111 642 301 718; x_wconf 78' lang='lat' dir='ltr'><strong>Antiphone,</strong></span> <span class='ocrx_word' id='word_1_32' title='bbox 323 664 400 724; x_wconf 86' lang='lat' dir='ltr'><strong>quae</strong></span> <span class='ocrx_word' id='word_1_33' title='bbox 419 648 606 718; x_wconf 80' lang='lat' dir='ltr'><strong>Commocio,</strong></span> <span class='ocrx_word' id='word_1_34' title='bbox 630 655 662 712; x_wconf 88' lang='lat' dir='ltr'><strong>ei</strong></span> <span class='ocrx_word' id='word_1_35' title='bbox 675 649 792 711; x_wconf 80' lang='lat' dir='ltr'><strong>Oratio.</strong></span> <span class='ocrx_word' id='word_1_36' title='bbox 816 664 893 725; x_wconf 86' lang='lat' dir='ltr'><strong>quac</strong></span> <span class='ocrx_word' id='word_1_37' title='bbox 911 642 979 705; x_wconf 85' lang='lat' dir='ltr'><strong>Post</strong></span> <span class='ocrx_word' id='word_1_38' title='bbox 994 663 1072 705; x_wconf 80' lang='lat' dir='ltr'><strong>com-</strong></span> 
     </span>
     <span class='ocr_line' id='line_1_7' title="bbox 109 724 1072 806; baseline 0.004 -23"><span class='ocrx_word' id='word_1_39' title='bbox 109 726 218 783; x_wconf 78' lang='lat' dir='ltr'><strong>mocio</strong></span> <span class='ocrx_word' id='word_1_40' title='bbox 241 726 375 798; x_wconf 86' lang='lat' dir='ltr'><strong>dicitur3</strong></span> <span class='ocrx_word' id='word_1_41' title='bbox 409 731 488 806; x_wconf 88' lang='lat' dir='ltr'><strong>quod</strong></span> <span class='ocrx_word' id='word_1_42' title='bbox 510 738 593 793; x_wconf 83' lang='lat' dir='ltr'><strong>notat</strong></span> <span class='ocrx_word' id='word_1_43' title='bbox 614 734 706 794; x_wconf 86' lang='lat' dir='ltr'><strong>etiam</strong></span> <span class='ocrx_word' id='word_1_44' title='bbox 730 730 812 789; x_wconf 85' lang='lat' dir='ltr'><strong>Ordo</strong></span> <span class='ocrx_word' id='word_1_45' title='bbox 835 726 989 787; x_wconf 84' lang='lat' dir='ltr'><strong>Romanus</strong></span> <span class='ocrx_word' id='word_1_46' title='bbox 1016 724 1072 787; x_wconf 77' lang='lat' dir='ltr'><strong>lti-</strong></span> 
     </span>
     <span class='ocr_line' id='line_1_8' title="bbox 110 806 1071 892; baseline 0.004 -27"><span class='ocrx_word' id='word_1_47' title='bbox 110 807 295 883; x_wconf 82' lang='lat' dir='ltr'><strong>torpiipag.</strong></span> <span class='ocrx_word' id='word_1_48' title='bbox 320 809 518 873; x_wconf 70' lang='lat' dir='ltr'><strong>saansaan</strong></span> <span class='ocrx_word' id='word_1_49' title='bbox 548 812 635 892; x_wconf 81' lang='lat' dir='ltr'><strong>juxta</strong></span> <span class='ocrx_word' id='word_1_50' title='bbox 663 813 813 873; x_wconf 84' lang='lat' dir='ltr'><strong>Romanos</strong></span> <span class='ocrx_word' id='word_1_51' title='bbox 842 810 951 868; x_wconf 89' lang='lat' dir='ltr'><strong>dictam</strong></span> <span class='ocrx_word' id='word_1_52' title='bbox 979 806 1071 869; x_wconf 82' lang='lat' dir='ltr'><strong>inisse</strong></span> 
     </span>
     <span class='ocr_line' id='line_1_9' title="bbox 112 886 1071 975; baseline 0.005 -29"><span class='ocrx_word' id='word_1_53' title='bbox 112 888 145 946; x_wconf 87' lang='lat' dir='ltr'><strong>in</strong></span> <span class='ocrx_word' id='word_1_54' title='bbox 159 886 219 947; x_wconf 89' lang='lat' dir='ltr'><strong>bac</strong></span> <span class='ocrx_word' id='word_1_55' title='bbox 234 888 325 954; x_wconf 83' lang='lat' dir='ltr'><strong>Missa</strong></span> <span class='ocrx_word' id='word_1_56' title='bbox 341 890 517 955; x_wconf 78' lang='lat' dir='ltr'><strong>Orationem</strong></span> <span class='ocrx_word' id='word_1_57' title='bbox 533 894 574 953; x_wconf 85' lang='lat' dir='ltr'><strong>ud</strong></span> <span class='ocrx_word' id='word_1_58' title='bbox 592 892 819 975; x_wconf 83' lang='lat' dir='ltr'><strong>Complendcm.</strong></span> <span class='ocrx_word' id='word_1_59' title='bbox 844 888 877 949; x_wconf 93' lang='lat' dir='ltr'><strong>ln</strong></span> <span class='ocrx_word' id='word_1_60' title='bbox 894 890 1071 968; x_wconf 80' lang='lat' dir='ltr'><strong>praesentia·</strong></span> 
     </span>
     <span class='ocr_line' id='line_1_10' title="bbox 109 968 1071 1041; baseline 0.002 -12"><span class='ocrx_word' id='word_1_61' title='bbox 109 986 181 1029; x_wconf 85' lang='lat' dir='ltr'><strong>rum</strong></span> <span class='ocrx_word' id='word_1_62' title='bbox 205 976 308 1032; x_wconf 89' lang='lat' dir='ltr'><strong>autem</strong></span> <span class='ocrx_word' id='word_1_63' title='bbox 325 973 391 1033; x_wconf 93' lang='lat' dir='ltr'><strong>ideo</strong></span> <span class='ocrx_word' id='word_1_64' title='bbox 412 977 559 1036; x_wconf 86' lang='lat' dir='ltr'><strong>omittitur·</strong></span> <span class='ocrx_word' id='word_1_65' title='bbox 579 983 610 1037; x_wconf 88' lang='lat' dir='ltr'><strong>et</strong></span> <span class='ocrx_word' id='word_1_66' title='bbox 623 974 813 1041; x_wconf 88' lang='lat' dir='ltr'><strong>Communio,</strong></span> <span class='ocrx_word' id='word_1_67' title='bbox 838 990 892 1033; x_wconf 86' lang='lat' dir='ltr'><strong>nec</strong></span> <span class='ocrx_word' id='word_1_68' title='bbox 916 988 972 1030; x_wconf 91' lang='lat' dir='ltr'><strong>non</strong></span> <span class='ocrx_word' id='word_1_69' title='bbox 995 968 1071 1031; x_wconf 86' lang='lat' dir='ltr'><strong>Ora·</strong></span> 
     </span>
     <span class='ocr_line' id='line_1_11' title="bbox 108 1048 1068 1135; baseline 0.003 -26"><span class='ocrx_word' id='word_1_70' title='bbox 108 1051 156 1110; x_wconf 90' lang='lat' dir='ltr'><strong>tio</strong></span> <span class='ocrx_word' id='word_1_71' title='bbox 177 1048 248 1110; x_wconf 82' lang='lat' dir='ltr'><strong>Post</strong></span> <span class='ocrx_word' id='word_1_72' title='bbox 270 1055 435 1115; x_wconf 82' lang='lat' dir='ltr'><strong>commocio</strong></span> <span class='ocrx_word' id='word_1_73' title='bbox 456 1057 609 1135; x_wconf 87' lang='lat' dir='ltr'><strong>inscripta,</strong></span> <span class='ocrx_word' id='word_1_74' title='bbox 633 1058 702 1135; x_wconf 90' lang='lat' dir='ltr'><strong>quia</strong></span> <span class='ocrx_word' id='word_1_75' title='bbox 725 1072 831 1116; x_wconf 84' lang='lat' dir='ltr'><strong>earum</strong></span> <span class='ocrx_word' id='word_1_76' title='bbox 847 1055 912 1113; x_wconf 89' lang='lat' dir='ltr'><strong>loco</strong></span> <span class='ocrx_word' id='word_1_77' title='bbox 929 1056 963 1110; x_wconf 90' lang='lat' dir='ltr'><strong>ut</strong></span> <span class='ocrx_word' id='word_1_78' title='bbox 986 1056 1068 1112; x_wconf 87' lang='lat' dir='ltr'><strong>notat</strong></span> 
     </span>
     <span class='ocr_line' id='line_1_12' title="bbox 108 1129 1066 1210; baseline 0 -17"><span class='ocrx_word' id='word_1_79' title='bbox 108 1129 278 1193; x_wconf 82' lang='lat' dir='ltr'><strong>Graccoias</strong></span> <span class='ocrx_word' id='word_1_80' title='bbox 299 1135 329 1193; x_wconf 89' lang='lat' dir='ltr'><strong>in</strong></span> <span class='ocrx_word' id='word_1_81' title='bbox 350 1134 546 1198; x_wconf 77' lang='lat' dir='ltr'><strong>Brwiaricm</strong></span> <span class='ocrx_word' id='word_1_82' title='bbox 563 1136 732 1199; x_wconf 82' lang='lat' dir='ltr'><strong>Romanum</strong></span> <span class='ocrx_word' id='word_1_83' title='bbox 755 1135 821 1196; x_wconf 90' lang='lat' dir='ltr'><strong>Lib.</strong></span> <span class='ocrx_word' id='word_1_84' title='bbox 840 1134 897 1207; x_wconf 83' lang='lat' dir='ltr'><strong>Vll</strong></span> <span class='ocrx_word' id='word_1_85' title='bbox 923 1130 996 1210; x_wconf 87' lang='lat' dir='ltr'><strong>Cap.</strong></span> <span class='ocrx_word' id='word_1_86' title='bbox 1013 1130 1066 1204; x_wconf 65' lang='lat' dir='ltr'><strong>an</strong></span> 
     </span>
     <span class='ocr_line' id='line_1_13' title="bbox 107 1214 1069 1292; baseline 0.003 -18"><span class='ocrx_word' id='word_1_87' title='bbox 107 1219 233 1274; x_wconf 83' lang='lat' dir='ltr'><strong>etanta</strong></span> <span class='ocrx_word' id='word_1_88' title='bbox 255 1216 355 1292; x_wconf 92' lang='lat' dir='ltr'><strong>ipsum</strong></span> <span class='ocrx_word' id='word_1_89' title='bbox 376 1215 541 1289; x_wconf 78' lang='lat' dir='ltr'><strong>Garanlns,</strong></span> <span class='ocrx_word' id='word_1_90' title='bbox 566 1238 619 1281; x_wconf 85' lang='lat' dir='ltr'><strong>nec</strong></span> <span class='ocrx_word' id='word_1_91' title='bbox 647 1238 705 1280; x_wconf 91' lang='lat' dir='ltr'><strong>non</strong></span> <span class='ocrx_word' id='word_1_92' title='bbox 728 1218 900 1285; x_wconf 88' lang='lat' dir='ltr'><strong>Durandus,</strong></span> <span class='ocrx_word' id='word_1_93' title='bbox 924 1214 1069 1277; x_wconf 83' lang='lat' dir='ltr'><strong>collectae</strong></span> 
     </span>
     <span class='ocr_line' id='line_1_14' title="bbox 108 1295 1070 1379; baseline 0.002 -24"><span class='ocrx_word' id='word_1_94' title='bbox 108 1299 182 1355; x_wconf 83' lang='lat' dir='ltr'><strong>sunt</strong></span> <span class='ocrx_word' id='word_1_95' title='bbox 204 1296 379 1374; x_wconf 72' lang='lat' dir='ltr'>vesperae,</span> <span class='ocrx_word' id='word_1_96' title='bbox 412 1318 491 1375; x_wconf 86' lang='lat' dir='ltr'><strong>quac</strong></span> <span class='ocrx_word' id='word_1_97' title='bbox 513 1302 678 1379; x_wconf 76' lang='lat' dir='ltr'><strong>gratiarum</strong></span> <span class='ocrx_word' id='word_1_98' title='bbox 707 1301 784 1361; x_wconf 87' lang='lat' dir='ltr'><strong>actio</strong></span> <span class='ocrx_word' id='word_1_99' title='bbox 806 1300 905 1377; x_wconf 87' lang='lat' dir='ltr'><strong>potius</strong></span> <span class='ocrx_word' id='word_1_100' title='bbox 926 1295 1070 1357; x_wconf 80' lang='lat' dir='ltr'><strong>dicendae</strong></span> 
     </span>
     <span class='ocr_line' id='line_1_15' title="bbox 110 1377 1068 1459; baseline 0.002 -24"><span class='ocrx_word' id='word_1_101' title='bbox 110 1381 193 1447; x_wconf 86' lang='lat' dir='ltr'><strong>sunt,</strong></span> <span class='ocrx_word' id='word_1_102' title='bbox 217 1396 308 1454; x_wconf 90' lang='lat' dir='ltr'><strong>quarn</strong></span> <span class='ocrx_word' id='word_1_103' title='bbox 322 1378 464 1441; x_wconf 84' lang='lat' dir='ltr'><strong>Oilicinm</strong></span> <span class='ocrx_word' id='word_1_104' title='bbox 482 1381 710 1459; x_wconf 78' lang='lat' dir='ltr'><strong>vesperarum:</strong></span> <span class='ocrx_word' id='word_1_105' title='bbox 734 1382 811 1441; x_wconf 90' lang='lat' dir='ltr'><strong>banc</strong></span> <span class='ocrx_word' id='word_1_106' title='bbox 835 1380 982 1439; x_wconf 85' lang='lat' dir='ltr'><strong>rationem</strong></span> <span class='ocrx_word' id='word_1_107' title='bbox 1005 1377 1068 1457; x_wconf 87' lang='lat' dir='ltr'><strong>jam</strong></span> 
     </span>
     <span class='ocr_line' id='line_1_16' title="bbox 109 1458 1068 1537; baseline 0.002 -20"><span class='ocrx_word' id='word_1_108' title='bbox 109 1458 317 1534; x_wconf 74' lang='lat' dir='ltr'><strong>assignaverat</strong></span> <span class='ocrx_word' id='word_1_109' title='bbox 332 1463 500 1537; x_wconf 85' lang='lat' dir='ltr'><strong>praedictus</strong></span> <span class='ocrx_word' id='word_1_110' title='bbox 520 1462 603 1525; x_wconf 87' lang='lat' dir='ltr'><strong>Ordo</strong></span> <span class='ocrx_word' id='word_1_111' title='bbox 616 1464 769 1524; x_wconf 87' lang='lat' dir='ltr'><strong>Romanus</strong></span> <span class='ocrx_word' id='word_1_112' title='bbox 784 1458 942 1537; x_wconf 84' lang='lat' dir='ltr'><strong>Hittorpii,</strong></span> <span class='ocrx_word' id='word_1_113' title='bbox 965 1458 1068 1531; x_wconf 87' lang='lat' dir='ltr'><strong>Quoad</strong></span> 
     </span>
     <span class='ocr_line' id='line_1_17' title="bbox 108 1538 1070 1622; baseline -0.001 -23"><span class='ocrx_word' id='word_1_114' title='bbox 108 1538 250 1599; x_wconf 87' lang='lat' dir='ltr'><strong>osculum</strong></span> <span class='ocrx_word' id='word_1_115' title='bbox 274 1545 364 1617; x_wconf 88' lang='lat' dir='ltr'><strong>pacis,</strong></span> <span class='ocrx_word' id='word_1_116' title='bbox 381 1543 468 1622; x_wconf 83' lang='lat' dir='ltr'><strong>juxta</strong></span> <span class='ocrx_word' id='word_1_117' title='bbox 491 1544 643 1606; x_wconf 87' lang='lat' dir='ltr'><strong>laudatum</strong></span> <span class='ocrx_word' id='word_1_118' title='bbox 659 1544 833 1613; x_wconf 86' lang='lat' dir='ltr'><strong>Grancolas,</strong></span> <span class='ocrx_word' id='word_1_119' title='bbox 858 1542 1019 1618; x_wconf 86' lang='lat' dir='ltr'><strong>antiquitus</strong></span> <span class='ocrx_word' id='word_1_120' title='bbox 1041 1540 1070 1599; x_wconf 90' lang='lat' dir='ltr'><strong>in</strong></span> 
     </span>
     <span class='ocr_line' id='line_1_18' title="bbox 110 1620 1070 1706; baseline 0 -25"><span class='ocrx_word' id='word_1_121' title='bbox 110 1621 170 1681; x_wconf 85' lang='lat' dir='ltr'><strong>bac</strong></span> <span class='ocrx_word' id='word_1_122' title='bbox 193 1620 286 1683; x_wconf 86' lang='lat' dir='ltr'><strong>Missa</strong></span> <span class='ocrx_word' id='word_1_123' title='bbox 308 1642 366 1682; x_wconf 92' lang='lat' dir='ltr'><strong>non</strong></span> <span class='ocrx_word' id='word_1_124' title='bbox 389 1625 539 1696; x_wconf 89' lang='lat' dir='ltr'><strong>dabatur,</strong></span> <span class='ocrx_word' id='word_1_125' title='bbox 566 1628 636 1703; x_wconf 88' lang='lat' dir='ltr'><strong>quia</strong></span> <span class='ocrx_word' id='word_1_126' title='bbox 659 1626 773 1687; x_wconf 82' lang='lat' dir='ltr'><strong>Romae</strong></span> <span class='ocrx_word' id='word_1_127' title='bbox 798 1621 1070 1706; x_wconf 66' lang='lat' dir='ltr'><strong>reservabatnrad</strong></span> 
     </span>
     <span class='ocr_line' id='line_1_19' title="bbox 108 1703 1071 1783; baseline 0.005 -25"><span class='ocrx_word' id='word_1_128' title='bbox 108 1703 294 1779; x_wconf 81' lang='lat' dir='ltr'><strong>principium</strong></span> <span class='ocrx_word' id='word_1_129' title='bbox 317 1704 456 1773; x_wconf 83' lang='lat' dir='ltr'><strong>Matutini</strong></span> <span class='ocrx_word' id='word_1_130' title='bbox 478 1703 644 1777; x_wconf 88' lang='lat' dir='ltr'><strong>Paschatis,</strong></span> <span class='ocrx_word' id='word_1_131' title='bbox 671 1708 722 1768; x_wconf 92' lang='lat' dir='ltr'><strong>ubi</strong></span> <span class='ocrx_word' id='word_1_132' title='bbox 746 1714 816 1768; x_wconf 83' lang='lat' dir='ltr'><strong>tnnc</strong></span> <span class='ocrx_word' id='word_1_133' title='bbox 839 1704 938 1783; x_wconf 86' lang='lat' dir='ltr'><strong>populi</strong></span> <span class='ocrx_word' id='word_1_134' title='bbox 961 1718 1071 1763; x_wconf 86' lang='lat' dir='ltr'><strong>conre-</strong></span> 
     </span>
     <span class='ocr_line' id='line_1_20' title="bbox 108 1782 1071 1865; baseline -0.002 -22"><span class='ocrx_word' id='word_1_135' title='bbox 108 1783 234 1845; x_wconf 89' lang='lat' dir='ltr'><strong>niobant</strong></span> <span class='ocrx_word' id='word_1_136' title='bbox 255 1791 323 1845; x_wconf 91' lang='lat' dir='ltr'><strong>ante</strong></span> <span class='ocrx_word' id='word_1_137' title='bbox 339 1786 522 1856; x_wconf 84' lang='lat' dir='ltr'><strong>Ecclesiam,</strong></span> <span class='ocrx_word' id='word_1_138' title='bbox 546 1793 578 1850; x_wconf 87' lang='lat' dir='ltr'><strong>et</strong></span> <span class='ocrx_word' id='word_1_139' title='bbox 599 1796 760 1865; x_wconf 83' lang='lat' dir='ltr'><strong>autequam</strong></span> <span class='ocrx_word' id='word_1_140' title='bbox 786 1786 980 1847; x_wconf 85' lang='lat' dir='ltr'><strong>inchoaretur</strong></span> <span class='ocrx_word' id='word_1_141' title='bbox 1000 1782 1071 1842; x_wconf 86' lang='lat' dir='ltr'><strong>Offi-</strong></span> 
     </span>
     <span class='ocr_line' id='line_1_21' title="bbox 109 1864 1071 1947; baseline 0 -23"><span class='ocrx_word' id='word_1_142' title='bbox 109 1866 204 1933; x_wconf 86' lang='lat' dir='ltr'><strong>cium,</strong></span> <span class='ocrx_word' id='word_1_143' title='bbox 221 1884 287 1925; x_wconf 87' lang='lat' dir='ltr'><strong>sesa</strong></span> <span class='ocrx_word' id='word_1_144' title='bbox 308 1868 436 1929; x_wconf 86' lang='lat' dir='ltr'><strong>invicem</strong></span> <span class='ocrx_word' id='word_1_145' title='bbox 459 1870 663 1947; x_wconf 83' lang='lat' dir='ltr'><strong>amplexantes</strong></span> <span class='ocrx_word' id='word_1_146' title='bbox 686 1873 715 1929; x_wconf 90' lang='lat' dir='ltr'><strong>in</strong></span> <span class='ocrx_word' id='word_1_147' title='bbox 738 1871 820 1947; x_wconf 87' lang='lat' dir='ltr'><strong>pacis</strong></span> <span class='ocrx_word' id='word_1_148' title='bbox 843 1869 971 1945; x_wconf 83' lang='lat' dir='ltr'><strong>signnm,</strong></span> <span class='ocrx_word' id='word_1_149' title='bbox 990 1864 1071 1925; x_wconf 88' lang='lat' dir='ltr'><strong>dice-</strong></span> 
     </span>
     <span class='ocr_line' id='line_1_22' title="bbox 109 1943 1071 2022; baseline -0.002 -17"><span class='ocrx_word' id='word_1_150' title='bbox 109 1945 183 2007; x_wconf 91' lang='lat' dir='ltr'><strong>bant</strong></span> <span class='ocrx_word' id='word_1_151' title='bbox 197 1946 343 2009; x_wconf 72' lang='lat' dir='ltr'><strong>Surrexit</strong></span> <span class='ocrx_word' id='word_1_152' title='bbox 366 1951 528 2022; x_wconf 64' lang='lat' dir='ltr'><strong>Dominum</strong></span> <span class='ocrx_word' id='word_1_153' title='bbox 549 1958 580 2013; x_wconf 92' lang='lat' dir='ltr'><strong>et</strong></span> <span class='ocrx_word' id='word_1_154' title='bbox 602 1952 659 2011; x_wconf 90' lang='lat' dir='ltr'><strong>boc</strong></span> <span class='ocrx_word' id='word_1_155' title='bbox 681 1952 811 2012; x_wconf 86' lang='lat' dir='ltr'><strong>habetur</strong></span> <span class='ocrx_word' id='word_1_156' title='bbox 833 1950 861 2007; x_wconf 92' lang='lat' dir='ltr'><strong>in</strong></span> <span class='ocrx_word' id='word_1_157' title='bbox 884 1946 990 2007; x_wconf 91' lang='lat' dir='ltr'><strong>eodem</strong></span> <span class='ocrx_word' id='word_1_158' title='bbox 1012 1943 1071 2005; x_wconf 88' lang='lat' dir='ltr'><strong>Or-</strong></span> 
     </span>
     <span class='ocr_line' id='line_1_23' title="bbox 109 2026 1065 2111; baseline 0 -24"><span class='ocrx_word' id='word_1_159' title='bbox 109 2027 181 2088; x_wconf 86' lang='lat' dir='ltr'><strong>dine</strong></span> <span class='ocrx_word' id='word_1_160' title='bbox 197 2026 334 2091; x_wconf 87' lang='lat' dir='ltr'><strong>Romano</strong></span> <span class='ocrx_word' id='word_1_161' title='bbox 355 2032 392 2092; x_wconf 90' lang='lat' dir='ltr'><strong>ab</strong></span> <span class='ocrx_word' id='word_1_162' title='bbox 412 2030 568 2109; x_wconf 82' lang='lat' dir='ltr'><strong>Hitiorpio</strong></span> <span class='ocrx_word' id='word_1_163' title='bbox 591 2034 670 2094; x_wconf 89' lang='lat' dir='ltr'><strong>edito</strong></span> <span class='ocrx_word' id='word_1_164' title='bbox 694 2052 762 2111; x_wconf 85' lang='lat' dir='ltr'><strong>pag.</strong></span> <span class='ocrx_word' id='word_1_165' title='bbox 787 2030 838 2093; x_wconf 79' lang='lat'><strong>55.</strong></span> <span class='ocrx_word' id='word_1_166' title='bbox 863 2030 950 2090; x_wconf 85' lang='lat' dir='ltr'><strong>iuxta</strong></span> <span class='ocrx_word' id='word_1_167' title='bbox 966 2034 1065 2088; x_wconf 87' lang='lat' dir='ltr'><strong>tamen</strong></span> 
     </span>
     <span class='ocr_line' id='line_1_24' title="bbox 109 2108 1071 2190; baseline 0.001 -22"><span class='ocrx_word' id='word_1_168' title='bbox 109 2111 205 2170; x_wconf 83' lang='lat' dir='ltr'><strong>ritum</strong></span> <span class='ocrx_word' id='word_1_169' title='bbox 226 2108 421 2173; x_wconf 83' lang='lat' dir='ltr'><strong>Mozarabnm</strong></span> <span class='ocrx_word' id='word_1_170' title='bbox 450 2119 481 2172; x_wconf 86' lang='lat' dir='ltr'><strong>et</strong></span> <span class='ocrx_word' id='word_1_171' title='bbox 502 2114 763 2183; x_wconf 80' lang='lat' dir='ltr'><strong>Ambrosianum,</strong></span> <span class='ocrx_word' id='word_1_172' title='bbox 793 2130 850 2190; x_wconf 86' lang='lat' dir='ltr'><strong>pax</strong></span> <span class='ocrx_word' id='word_1_173' title='bbox 878 2111 996 2189; x_wconf 86' lang='lat' dir='ltr'><strong>publice</strong></span> <span class='ocrx_word' id='word_1_174' title='bbox 1019 2110 1071 2169; x_wconf 88' lang='lat' dir='ltr'><strong>da·</strong></span> 
     </span>
     <span class='ocr_line' id='line_1_25' title="bbox 111 2191 1070 2266; baseline -0.001 -17"><span class='ocrx_word' id='word_1_175' title='bbox 111 2194 162 2251; x_wconf 86' lang='lat' dir='ltr'><strong>tur</strong></span> <span class='ocrx_word' id='word_1_176' title='bbox 185 2192 215 2250; x_wconf 91' lang='lat' dir='ltr'><strong>in</strong></span> <span class='ocrx_word' id='word_1_177' title='bbox 239 2191 295 2251; x_wconf 89' lang='lat' dir='ltr'><strong>bac</strong></span> <span class='ocrx_word' id='word_1_178' title='bbox 317 2193 429 2266; x_wconf 71' lang='lat' dir='ltr'><strong>Missa,</strong></span> <span class='ocrx_word' id='word_1_179' title='bbox 460 2198 493 2253; x_wconf 85' lang='lat' dir='ltr'><strong>ei</strong></span> <span class='ocrx_word' id='word_1_180' title='bbox 514 2198 659 2257; x_wconf 78' lang='lat' dir='ltr'><strong>recitatur</strong></span> <span class='ocrx_word' id='word_1_181' title='bbox 681 2192 947 2259; x_wconf 75' lang='lat' dir='ltr'><strong>postcommunio,</strong></span> <span class='ocrx_word' id='word_1_182' title='bbox 981 2192 1070 2251; x_wconf 87' lang='lat' dir='ltr'><strong>sicuti</strong></span> 
     </span>
     <span class='ocr_line' id='line_1_26' title="bbox 110 2272 1070 2352; baseline 0.001 -21"><span class='ocrx_word' id='word_1_183' title='bbox 110 2273 202 2332; x_wconf 89' lang='lat' dir='ltr'><strong>etiam</strong></span> <span class='ocrx_word' id='word_1_184' title='bbox 219 2274 250 2331; x_wconf 86' lang='lat' dir='ltr'><strong>in</strong></span> <span class='ocrx_word' id='word_1_185' title='bbox 263 2278 358 2336; x_wconf 86' lang='lat' dir='ltr'><strong>veteri</strong></span> <span class='ocrx_word' id='word_1_186' title='bbox 375 2277 445 2337; x_wconf 85' lang='lat' dir='ltr'><strong>Ritu</strong></span> <span class='ocrx_word' id='word_1_187' title='bbox 460 2273 626 2338; x_wconf 90' lang='lat' dir='ltr'><strong>Gallicano.</strong></span> <span class='ocrx_word' id='word_1_188' title='bbox 643 2276 817 2339; x_wconf 84' lang='lat' dir='ltr'><strong>Hodiernae</strong></span> <span class='ocrx_word' id='word_1_189' title='bbox 833 2272 985 2352; x_wconf 86' lang='lat' dir='ltr'><strong>Vesperae</strong></span> <span class='ocrx_word' id='word_1_190' title='bbox 1001 2290 1070 2351; x_wconf 86' lang='lat' dir='ltr'><strong>per·</strong></span> 
     </span>
     <span class='ocr_line' id='line_1_27' title="bbox 111 2356 1066 2436; baseline 0.001 -24"><span class='ocrx_word' id='word_1_191' title='bbox 111 2370 226 2431; x_wconf 87' lang='lat' dir='ltr'><strong>peram.</strong></span> <span class='ocrx_word' id='word_1_192' title='bbox 240 2358 429 2433; x_wconf 87' lang='lat' dir='ltr'><strong>appellantur</strong></span> <span class='ocrx_word' id='word_1_193' title='bbox 450 2358 509 2416; x_wconf 88' lang='lat' dir='ltr'><strong>lroc</strong></span> <span class='ocrx_word' id='word_1_194' title='bbox 532 2361 678 2419; x_wconf 85' lang='lat' dir='ltr'><strong>nominc:</strong></span> <span class='ocrx_word' id='word_1_195' title='bbox 710 2356 860 2436; x_wconf 88' lang='lat' dir='ltr'><strong>quomodo</strong></span> <span class='ocrx_word' id='word_1_196' title='bbox 882 2357 963 2415; x_wconf 90' lang='lat' dir='ltr'><strong>enim</strong></span> <span class='ocrx_word' id='word_1_197' title='bbox 985 2359 1066 2413; x_wconf 86' lang='lat' dir='ltr'><strong>recte</strong></span> 
     </span>
     <span class='ocr_line' id='line_1_28' title="bbox 110 2434 1069 2518; baseline -0.002 -23"><span class='ocrx_word' id='word_1_198' title='bbox 110 2435 257 2513; x_wconf 82' lang='lat' dir='ltr'><strong>appellari</strong></span> <span class='ocrx_word' id='word_1_199' title='bbox 274 2440 441 2512; x_wconf 90' lang='lat' dir='ltr'><strong>potuissent</strong></span> <span class='ocrx_word' id='word_1_200' title='bbox 449 2438 601 2517; x_wconf 79' lang='lat' dir='ltr'><strong>vesperae</strong></span> <span class='ocrx_word' id='word_1_201' title='bbox 617 2444 685 2518; x_wconf 86' lang='lat' dir='ltr'><strong>posi</strong></span> <span class='ocrx_word' id='word_1_202' title='bbox 700 2442 828 2501; x_wconf 89' lang='lat' dir='ltr'><strong>mediam</strong></span> <span class='ocrx_word' id='word_1_203' title='bbox 846 2434 1069 2497; x_wconf 74' lang='lat' dir='ltr'><strong>noclnmiErat</strong></span> 
     </span>
     <span class='ocr_line' id='line_1_29' title="bbox 108 2516 1069 2599; baseline -0.001 -24"><span class='ocrx_word' id='word_1_204' title='bbox 108 2517 205 2594; x_wconf 76' lang='lat' dir='ltr'><strong>igitur</strong></span> <span class='ocrx_word' id='word_1_205' title='bbox 226 2521 392 2595; x_wconf 79' lang='lat' dir='ltr'><strong>gratiarnm</strong></span> <span class='ocrx_word' id='word_1_206' title='bbox 414 2522 501 2582; x_wconf 75' lang='lat' dir='ltr'><strong>Actio</strong></span> <span class='ocrx_word' id='word_1_207' title='bbox 523 2540 578 2598; x_wconf 85' lang='lat' dir='ltr'><strong>pro</strong></span> <span class='ocrx_word' id='word_1_208' title='bbox 600 2522 684 2581; x_wconf 86' lang='lat' dir='ltr'><strong>novis</strong></span> <span class='ocrx_word' id='word_1_209' title='bbox 707 2520 875 2599; x_wconf 87' lang='lat' dir='ltr'><strong>Baptizatis,</strong></span> <span class='ocrx_word' id='word_1_210' title='bbox 902 2521 934 2577; x_wconf 86' lang='lat' dir='ltr'><strong>ut</strong></span> <span class='ocrx_word' id='word_1_211' title='bbox 954 2516 1069 2593; x_wconf 78' lang='lat' dir='ltr'><strong>colligi·</strong></span> 
     </span>
     <span class='ocr_line' id='line_1_30' title="bbox 109 2599 1069 2679; baseline -0.004 -20"><span class='ocrx_word' id='word_1_212' title='bbox 109 2603 160 2659; x_wconf 73' lang='lat' dir='ltr'><strong>tut</strong></span> <span class='ocrx_word' id='word_1_213' title='bbox 181 2616 220 2658; x_wconf 88' lang='lat' dir='ltr'><strong>ex</strong></span> <span class='ocrx_word' id='word_1_214' title='bbox 237 2599 355 2660; x_wconf 79' lang='lat' dir='ltr'><strong>Psalmo</strong></span> <span class='ocrx_word' id='word_1_215' title='bbox 370 2599 505 2661; x_wconf 75' lang='lat' dir='ltr'><strong>laudate</strong></span> <span class='ocrx_word' id='word_1_216' title='bbox 522 2602 684 2663; x_wconf 82' lang='lat' dir='ltr'><strong>Dominam</strong></span> <span class='ocrx_word' id='word_1_217' title='bbox 706 2620 804 2662; x_wconf 86' lang='lat' dir='ltr'><strong>omnes</strong></span> <span class='ocrx_word' id='word_1_218' title='bbox 825 2610 933 2679; x_wconf 69' lang='lat' dir='ltr'><strong>palates,</strong></span> <span class='ocrx_word' id='word_1_219' title='bbox 960 2604 992 2658; x_wconf 87' lang='lat' dir='ltr'><strong>et</strong></span> <span class='ocrx_word' id='word_1_220' title='bbox 1005 2602 1069 2659; x_wconf 85' lang='lat' dir='ltr'><strong>lliu-</strong></span> 
     </span>
     <span class='ocr_line' id='line_1_31' title="bbox 109 2676 1067 2760; baseline -0.001 -22"><span class='ocrx_word' id='word_1_221' title='bbox 109 2680 246 2760; x_wconf 72' lang='lat' dir='ltr'><strong>pnificot.</strong></span> <span class='ocrx_word' id='word_1_222' title='bbox 280 2680 511 2744; x_wconf 86' lang='lat' dir='ltr'><strong>Constitutiones</strong></span> <span class='ocrx_word' id='word_1_223' title='bbox 537 2682 728 2759; x_wconf 77' lang='lat' dir='ltr'><strong>Apostolicae</strong></span> <span class='ocrx_word' id='word_1_224' title='bbox 761 2682 825 2743; x_wconf 87' lang='lat' dir='ltr'><strong>Lib.</strong></span> <span class='ocrx_word' id='word_1_225' title='bbox 852 2680 909 2740; x_wconf 85' lang='lat' dir='ltr'><strong>Vll</strong></span> <span class='ocrx_word' id='word_1_226' title='bbox 930 2678 1002 2759; x_wconf 87' lang='lat' dir='ltr'><strong>Cap.</strong></span> <span class='ocrx_word' id='word_1_227' title='bbox 1028 2676 1067 2738; x_wconf 76' lang='lat' dir='ltr'><strong>lb</strong></span> 
     </span>
     <span class='ocr_line' id='line_1_32' title="bbox 108 2756 1069 2842; baseline -0.004 -20"><span class='ocrx_word' id='word_1_228' title='bbox 108 2765 257 2832; x_wconf 77' lang='lat' dir='ltr'><strong>statuum,</strong></span> <span class='ocrx_word' id='word_1_229' title='bbox 282 2769 316 2823; x_wconf 89' lang='lat' dir='ltr'><strong>ut</strong></span> <span class='ocrx_word' id='word_1_230' title='bbox 338 2772 404 2838; x_wconf 90' lang='lat' dir='ltr'><strong>post</strong></span> <span class='ocrx_word' id='word_1_231' title='bbox 426 2764 613 2841; x_wconf 75' lang='lat' dir='ltr'><strong>baptismum</strong></span> <span class='ocrx_word' id='word_1_232' title='bbox 636 2765 752 2825; x_wconf 88' lang='lat' dir='ltr'><strong>dicatur</strong></span> <span class='ocrx_word' id='word_1_233' title='bbox 775 2763 911 2823; x_wconf 84' lang='lat' dir='ltr'><strong>Psalmns</strong></span> <span class='ocrx_word' id='word_1_234' title='bbox 937 2756 1069 2842; x_wconf 75' lang='lat' dir='ltr'><strong>Confite-</strong></span> 
     </span>
     <span class='ocr_line' id='line_1_33' title="bbox 108 2842 1067 2925; baseline -0.001 -24"><span class='ocrx_word' id='word_1_235' title='bbox 108 2843 189 2901; x_wconf 81' lang='lat' dir='ltr'><strong>mini</strong></span> <span class='ocrx_word' id='word_1_236' title='bbox 210 2844 339 2904; x_wconf 79' lang='lat' dir='ltr'><strong>Domino</strong></span> <span class='ocrx_word' id='word_1_237' title='bbox 355 2847 496 2923; x_wconf 79' lang='lat' dir='ltr'><strong>quoniam</strong></span> <span class='ocrx_word' id='word_1_238' title='bbox 510 2846 613 2910; x_wconf 79' lang='lat' dir='ltr'><strong>bonos,</strong></span> <span class='ocrx_word' id='word_1_239' title='bbox 639 2849 781 2925; x_wconf 82' lang='lat' dir='ltr'><strong>qnoniam</strong></span> <span class='ocrx_word' id='word_1_240' title='bbox 795 2848 829 2904; x_wconf 82' lang='lat' dir='ltr'><strong>in</strong></span> <span class='ocrx_word' id='word_1_241' title='bbox 843 2844 996 2903; x_wconf 81' lang='lat' dir='ltr'><strong>saeculnm</strong></span> <span class='ocrx_word' id='word_1_242' title='bbox 1012 2842 1067 2901; x_wconf 86' lang='lat' dir='ltr'><strong>mi-</strong></span> 
     </span>
     <span class='ocr_line' id='line_1_34' title="bbox 108 2918 1142 3007; baseline -0.003 -24"><span class='ocrx_word' id='word_1_243' title='bbox 108 2924 280 2985; x_wconf 76' lang='lat' dir='ltr'><strong>sericordia</strong></span> <span class='ocrx_word' id='word_1_244' title='bbox 301 2929 376 3007; x_wconf 78' lang='lat' dir='ltr'><strong>ejus.</strong></span> <span class='ocrx_word' id='word_1_245' title='bbox 399 2926 565 2988; x_wconf 87' lang='lat' dir='ltr'><strong>Concilium</strong></span> <span class='ocrx_word' id='word_1_246' title='bbox 588 2926 617 2987; x_wconf 93' lang='lat' dir='ltr'><strong>ll</strong></span> <span class='ocrx_word' id='word_1_247' title='bbox 639 2928 882 3005; x_wconf 78' lang='lat' dir='ltr'><strong>Aquisgraoense</strong></span> <span class='ocrx_word' id='word_1_248' title='bbox 905 2942 983 2983; x_wconf 92' lang='lat' dir='ltr'><strong>anno</strong></span> <span class='ocrx_word' id='word_1_249' title='bbox 1004 2918 1066 2981; x_wconf 80' lang='lat'><strong>838</strong></span> <span class='ocrx_word' id='word_1_250' title='bbox 1137 2938 1142 2947; x_wconf 92' lang='lat'>·</span> 
     </span>
     <span class='ocr_line' id='line_1_35' title="bbox 107 3004 1070 3085; baseline -0.006 -19"><span class='ocrx_word' id='word_1_251' title='bbox 107 3005 146 3066; x_wconf 80' lang='lat' dir='ltr'><strong>de</strong></span> <span class='ocrx_word' id='word_1_252' title='bbox 170 3006 218 3065; x_wconf 90' lang='lat' dir='ltr'><strong>his</strong></span> <span class='ocrx_word' id='word_1_253' title='bbox 235 3004 378 3082; x_wconf 84' lang='lat' dir='ltr'><strong>Vesperis</strong></span> <span class='ocrx_word' id='word_1_254' title='bbox 392 3007 513 3068; x_wconf 87' lang='lat' dir='ltr'><strong>Canone</strong></span> <span class='ocrx_word' id='word_1_255' title='bbox 527 3006 584 3068; x_wconf 86' lang='lat' dir='ltr'><strong>Vll</strong></span> <span class='ocrx_word' id='word_1_256' title='bbox 607 3009 751 3085; x_wconf 87' lang='lat' dir='ltr'><strong>loquitur,</strong></span> <span class='ocrx_word' id='word_1_257' title='bbox 777 3016 928 3081; x_wconf 86' lang='lat' dir='ltr'><strong>tamqnam</strong></span> <span class='ocrx_word' id='word_1_258' title='bbox 945 3004 982 3063; x_wconf 90' lang='lat' dir='ltr'><strong>de</strong></span> <span class='ocrx_word' id='word_1_259' title='bbox 998 3016 1070 3083; x_wconf 82' lang='lat' dir='ltr'><strong>gra·</strong></span> 
     </span>
     <span class='ocr_line' id='line_1_36' title="bbox 108 3082 1066 3164; baseline -0.005 -19"><span class='ocrx_word' id='word_1_260' title='bbox 108 3087 225 3146; x_wconf 83' lang='lat' dir='ltr'><strong>tiaram</strong></span> <span class='ocrx_word' id='word_1_261' title='bbox 250 3089 388 3160; x_wconf 76' lang='lat' dir='ltr'><strong>Actione,</strong></span> <span class='ocrx_word' id='word_1_262' title='bbox 413 3106 487 3164; x_wconf 86' lang='lat' dir='ltr'><strong>quas</strong></span> <span class='ocrx_word' id='word_1_263' title='bbox 509 3085 641 3149; x_wconf 82' lang='lat' dir='ltr'><strong>Ecclesia</strong></span> <span class='ocrx_word' id='word_1_264' title='bbox 666 3090 727 3151; x_wconf 78' lang='lat' dir='ltr'><strong>lieo</strong></span> <span class='ocrx_word' id='word_1_265' title='bbox 751 3087 900 3149; x_wconf 81' lang='lat' dir='ltr'><strong>referebat</strong></span> <span class='ocrx_word' id='word_1_266' title='bbox 922 3102 976 3161; x_wconf 84' lang='lat' dir='ltr'><strong>pro</strong></span> <span class='ocrx_word' id='word_1_267' title='bbox 997 3082 1066 3142; x_wconf 88' lang='lat' dir='ltr'><strong>liliis</strong></span> 
     </span>
     <span class='ocr_line' id='line_1_37' title="bbox 109 3167 1066 3247; baseline -0.004 -20"><span class='ocrx_word' id='word_1_268' title='bbox 109 3169 210 3227; x_wconf 84' lang='lat' dir='ltr'><strong>suisa</strong></span> <span class='ocrx_word' id='word_1_269' title='bbox 254 3167 379 3230; x_wconf 85' lang='lat' dir='ltr'><strong>Festum</strong></span> <span class='ocrx_word' id='word_1_270' title='bbox 405 3170 558 3230; x_wconf 87' lang='lat' dir='ltr'><strong>Pascbatis</strong></span> <span class='ocrx_word' id='word_1_271' title='bbox 581 3172 754 3247; x_wconf 86' lang='lat' dir='ltr'><strong>perductis,</strong></span> <span class='ocrx_word' id='word_1_272' title='bbox 786 3176 877 3245; x_wconf 83' lang='lat' dir='ltr'><strong>atqrre</strong></span> <span class='ocrx_word' id='word_1_273' title='bbox 899 3168 990 3227; x_wconf 88' lang='lat' dir='ltr'><strong>ctiam</strong></span> <span class='ocrx_word' id='word_1_274' title='bbox 1011 3180 1066 3243; x_wconf 89' lang='lat' dir='ltr'><strong>pro</strong></span> 
     </span>
     <span class='ocr_line' id='line_1_38' title="bbox 109 3246 1065 3330; baseline -0.004 -21"><span class='ocrx_word' id='word_1_275' title='bbox 109 3249 211 3325; x_wconf 87' lang='lat' dir='ltr'><strong>neopli</strong></span> <span class='ocrx_word' id='word_1_276' title='bbox 288 3269 298 3319; x_wconf 83' lang='lat'>3</span> <span class='ocrx_word' id='word_1_277' title='bbox 321 3268 396 3328; x_wconf 83' lang='lat' dir='ltr'><strong>quas</strong></span> <span class='ocrx_word' id='word_1_278' title='bbox 417 3251 541 3329; x_wconf 87' lang='lat' dir='ltr'><strong>quidem</strong></span> <span class='ocrx_word' id='word_1_279' title='bbox 564 3270 671 3329; x_wconf 83' lang='lat' dir='ltr'><strong>preces</strong></span> <span class='ocrx_word' id='word_1_280' title='bbox 694 3253 899 3330; x_wconf 82' lang='lat' dir='ltr'><strong>vesperarum</strong></span> <span class='ocrx_word' id='word_1_281' title='bbox 924 3249 991 3307; x_wconf 87' lang='lat' dir='ltr'><strong>loco</strong></span> <span class='ocrx_word' id='word_1_282' title='bbox 1012 3246 1065 3305; x_wconf 90' lang='lat' dir='ltr'><strong>lra-</strong></span> 
     </span>
     <span class='ocr_line' id='line_1_39' title="bbox 110 3328 965 3414; baseline -0.007 -23"><span class='ocrx_word' id='word_1_283' title='bbox 110 3331 225 3391; x_wconf 87' lang='lat' dir='ltr'><strong>bendas</strong></span> <span class='ocrx_word' id='word_1_284' title='bbox 247 3332 345 3402; x_wconf 85' lang='lat' dir='ltr'><strong>docet,</strong></span> <span class='ocrx_word' id='word_1_285' title='bbox 369 3349 481 3410; x_wconf 87' lang='lat' dir='ltr'><strong>easque</strong></span> <span class='ocrx_word' id='word_1_286' title='bbox 503 3334 677 3395; x_wconf 89' lang='lat' dir='ltr'><strong>solemniter</strong></span> <span class='ocrx_word' id='word_1_287' title='bbox 699 3334 786 3414; x_wconf 88' lang='lat' dir='ltr'><strong>jubet</strong></span> <span class='ocrx_word' id='word_1_288' title='bbox 806 3328 965 3392; x_wconf 85' lang='lat' dir='ltr'><strong>celebrari.</strong></span> 
     </span>
    </p>

    <p class='ocr_par' dir='ltr' id='par_1_3' title="bbox 107 3409 1064 3573">
     <span class='ocr_line' id='line_1_40' title="bbox 150 3409 1064 3491; baseline -0.004 -18"><span class='ocrx_word' id='word_1_289' title='bbox 150 3411 210 3473; x_wconf 80' lang='lat' dir='ltr'><strong>Xl.</strong></span> <span class='ocrx_word' id='word_1_290' title='bbox 236 3410 421 3475; x_wconf 83' lang='lat' dir='ltr'><strong>Promiserat</strong></span> <span class='ocrx_word' id='word_1_291' title='bbox 441 3413 527 3475; x_wconf 83' lang='lat' dir='ltr'><strong>lesus</strong></span> <span class='ocrx_word' id='word_1_292' title='bbox 543 3414 680 3484; x_wconf 82' lang='lat' dir='ltr'><strong>Christus</strong></span> <span class='ocrx_word' id='word_1_293' title='bbox 703 3432 791 3491; x_wconf 90' lang='lat' dir='ltr'><strong>saepe</strong></span> <span class='ocrx_word' id='word_1_294' title='bbox 814 3410 975 3488; x_wconf 87' lang='lat' dir='ltr'><strong>Discipulis</strong></span> <span class='ocrx_word' id='word_1_295' title='bbox 991 3409 1064 3476; x_wconf 82' lang='lat' dir='ltr'><strong>suis,</strong></span> 
     </span>
     <span class='ocr_line' id='line_1_41' title="bbox 107 3490 1064 3573; baseline -0.003 -19"><span class='ocrx_word' id='word_1_296' title='bbox 107 3506 142 3554; x_wconf 84' lang='lat' dir='ltr'><strong>sa</strong></span> <span class='ocrx_word' id='word_1_297' title='bbox 165 3499 234 3571; x_wconf 92' lang='lat' dir='ltr'><strong>post</strong></span> <span class='ocrx_word' id='word_1_298' title='bbox 254 3496 399 3573; x_wconf 83' lang='lat' dir='ltr'><strong>passionis</strong></span> <span class='ocrx_word' id='word_1_299' title='bbox 430 3500 462 3557; x_wconf 89' lang='lat' dir='ltr'><strong>et</strong></span> <span class='ocrx_word' id='word_1_300' title='bbox 493 3498 649 3559; x_wconf 83' lang='lat' dir='ltr'><strong>crucisao</strong></span> <span class='ocrx_word' id='word_1_301' title='bbox 670 3498 775 3557; x_wconf 88' lang='lat' dir='ltr'><strong>mortis</strong></span> <span class='ocrx_word' id='word_1_302' title='bbox 800 3495 993 3573; x_wconf 82' lang='lat' dir='ltr'><strong>ignominiam</strong></span> <span class='ocrx_word' id='word_1_303' title='bbox 1028 3490 1064 3551; x_wconf 90' lang='lat' dir='ltr'><strong>ad</strong></span> 
     </span>
    </p>
   </div>
   <div class='ocr_carea' id='block_1_3' title="bbox 110 3574 1179 3656">
    <p class='ocr_par' dir='ltr' id='par_1_4' title="bbox 110 3574 1179 3656">
     <span class='ocr_line' id='line_1_42' title="bbox 110 3574 1179 3656; baseline -0.003 -21"><span class='ocrx_word' id='word_1_304' title='bbox 110 3574 238 3651; x_wconf 79' lang='lat' dir='ltr'><strong>gloriam</strong></span> <span class='ocrx_word' id='word_1_305' title='bbox 266 3574 505 3640; x_wconf 79' lang='lat' dir='ltr'><strong>Resurrectionis</strong></span> <span class='ocrx_word' id='word_1_306' title='bbox 527 3579 617 3640; x_wconf 87' lang='lat' dir='ltr'><strong>tertio</strong></span> <span class='ocrx_word' id='word_1_307' title='bbox 639 3579 688 3639; x_wconf 89' lang='lat' dir='ltr'><strong>die</strong></span> <span class='ocrx_word' id='word_1_308' title='bbox 716 3582 959 3656; x_wconf 83' lang='lat' dir='ltr'><strong>perventurum,</strong></span> <span class='ocrx_word' id='word_1_309' title='bbox 983 3578 1016 3635; x_wconf 86' lang='lat' dir='ltr'><strong>nt</strong></span> <span class='ocrx_word' id='word_1_310' title='bbox 1037 3590 1065 3634; x_wconf 92' lang='lat' dir='ltr'><strong>o·</strong></span> <span class='ocrx_word' id='word_1_311' title='bbox 1175 3604 1179 3615; x_wconf 89' lang='lat'>.</span> 
     </span>
    </p>
   </div>
   <div class='ocr_carea' id='block_1_4' title="bbox 250 3672 1048 3725">
    <p class='ocr_par' dir='ltr' id='par_1_5' title="bbox 250 3672 1048 3725">
     <span class='ocr_line' id='line_1_43' title="bbox 250 3672 1048 3725; baseline -0.003 -2"><span class='ocrx_word' id='word_1_312' title='bbox 250 3672 309 3723; x_wconf 79' lang='lat' dir='ltr'><strong>Vol.</strong></span> <span class='ocrx_word' id='word_1_313' title='bbox 329 3676 363 3725; x_wconf 88' lang='lat' dir='ltr'><strong>ll.</strong></span> <span class='ocrx_word' id='word_1_314' title='bbox 915 3672 932 3721; x_wconf 83' lang='lat'><strong>8</strong></span> <span class='ocrx_word' id='word_1_315' title='bbox 1042 3700 1048 3709; x_wconf 89' lang='lat'><strong>·</strong></span> 
     </span>
    </p>
   </div>
   <div class='ocr_carea' id='block_1_5' title="bbox 0 0 1264 4059">
    <p class='ocr_par' dir='ltr' id='par_1_6' title="bbox 0 0 1264 4059">
     <span class='ocr_line' id='line_1_44' title="bbox 0 0 1264 4059; baseline 0 0"><span class='ocrx_word' id='word_1_316' title='bbox 0 0 1264 4059; x_wconf 95' lang='lat' dir='ltr'><strong> </strong></span> 
     </span>
    </p>
   </div>
  </div>
 </body>
</html>
