2517 4059
463 194 688 267 williher-

90 328 135 385 «et
155 322 184 383 iu
206 321 331 401 siugulis
352 320 517 385 Dominicis
538 323 704 403 singulares
724 323 928 388 Praelationes
949 341 1055 387 oecur-

99 409 182 467 rout.
206 404 251 465 lta
272 422 390 480 quoque
412 407 441 465 in
463 404 585 469 Graecis
606 416 638 468 et
657 404 860 469 Orientalibus
889 406 1053 487 liturgiis,

101 505 162 547 non
185 504 244 547 una
266 486 421 553 et.eadern
439 488 560 549 illarum
576 489 730 567 dispositio
750 496 808 551 est.
823 489 982 551 Orationes
998 508 1052 565 pro

99 569 179 629 viris
202 575 233 630 et
252 566 420 638 defunctis,
443 572 579 646 quamvis
601 572 673 631 istas
694 570 872 634 sustulerint
886 569 1055 631 l'rotestau·

94 656 159 719 tes,
172 657 310 713 veterum
325 652 529 728 antiquissima
544 652 707 715 auctoritas
721 653 923 715 commendat.
936 650 1054 715 Fractio

100 732 240 802 hostiae,
265 732 424 809 imaginem
448 736 540 797 reiert
560 735 696 809 corporis
716 733 784 797 lesu
799 733 911 815 Christ-i
933 740 965 795 et
985 751 1055 809 sup·

99 814 202 893 pliciis
226 816 359 885 lacerati.
384 814 471 879 Nulla
494 826 593 880 tamen
615 816 750 896 Litrrrgia
772 823 830 891 est,
854 817 883 877 ih
905 834 965 892 qua
988 814 1056 876 tatis

100 896 179 960 ritus
202 915 259 959 ooo
276 899 518 975 praescribatur,
535 906 566 959 et
579 901 718 975 qrramris
738 899 865 961 dirersis
880 898 975 960 modis
990 895 1052 965 liat,

99 996 255 1043 sermenem
277 998 398 1057 semper
419 980 510 1043 habet
532 978 739 1043 Eucharistiae
755 980 967 1044 reverentiam.
984 978 1055 1040 San·

94 1066 151 1121 ata
173 1060 290 1123 Sanctis
311 1061 501 1125 denunciatio
524 1064 725 1126 vetustissima
745 1069 791 1126 est
812 1063 841 1125 in
862 1059 985 1123 Graecis
1006 1060 1055 1119 Li-

100 1142 232 1220 turgiis‚
255 1162 272 1204 a
294 1144 455 1224 quihusin
477 1143 648 1207 Orientales
668 1163 775 1207 omnes
801 1150 964 1224 propagata
984 1147 1052 1210 est,

100 1226 244 1301 quamvis
265 1226 345 1303 opud
366 1224 487 1289 Latinos
509 1245 566 1287 non
590 1234 756 1304 usurpatae
780 1244 871 1304 quam
885 1243 974 1287 nemo
995 1223 1055 1286 hnc

99 1324 200 1384 usque
221 1308 442 1385 superstitionis
463 1309 605 1371 damnare
627 1326 718 1371 ausus
730 1314 789 1371 est.
806 1307 1055 1372 Communiooem

98 1390 270 1466 praecessit
290 1390 362 1451 olim
384 1408 401 1453 a
423 1391 529 1467 primis
550 1392 678 1453 saeculis
698 1390 851 1453 Confessio
871 1391 909 1452 de
930 1390 1056 1451 ueritate

95 1468 243 1548 Corporis
265 1480 296 1533 et
310 1471 475 1549 'Sanguinis
491 1471 558 1535 lesu
575 1471 707 1541 Christi,
729 1473 857 1549 simplex
879 1472 1010 1548 primum
1026 1475 1057 1530 et

99 1554 207 1631 paucis
229 1555 351 1617 rochis:
380 1555 495 1635 Corpus
519 1555 753 1619 Christianae.
777 1554 808 1615 Si
830 1554 901 1631 quid
923 1550 1054 1617 Graeci.

98 1641 132 1695 et
146 1633 283 1711 Coptitrre
298 1635 498 1705 addiderunt.
514 1654 574 1714 lluo
589 1638 760 1713 expressius
773 1642 955 1697 testarentur
969 1677 976 1700 .
992 1650 1055 1694 ere·

94 1718 174 1777 dere
198 1716 237 1796 (1)
260 1736 293 1779 ae
316 1720 344 1779 id
366 1720 445 1796 quod
476 1719 665 1797 accipiebant
693 1737 761 1781 esse
781 1717 897 1796 Corpus
918 1715 1052 1780 Christi,

95 1798 241 1871 laudandi
263 1806 354 1863 srrnts
377 1808 474 1877 oeque
495 1798 649 1863 Romanae
670 1797 821 1863 Fectesiae
848 1798 1054 1865 uttnerdnm.

92 1900 178 1961 quae
201 1880 275 1943 nihil
298 1882 389 1945 habet
410 1884 520 1944 simile.
866 1900 868 1906 ’

357 2094 358 2099 ,
390 2057 392 2069 ·
462 2042 588 2109 estut·
610 2044 698 2108 xlt'.

191 2226 428 2273 struuutcouuu
450 2225 609 2271 Ltuuuttttte
632 2208 825 2271 AUCTOllleS
846 2224 962 2272 uhtu-ts

376 2307 577 2353 Aueuuuu'rts
597 2308 778 2355 Et‘ttt'ctwu.

140 2455 167 2519 1.
192 2455 222 2517 Si
244 2454 407 2533 qrridquam
431 2453 460 2515 in
482 2453 520 2517 iis
539 2454 764 2533 quaestionibus
786 2452 825 2536 (2)
848 2472 926 2531 quae
947 2450 1052 2515 Fidem

95 2540 132 2597 et
152 2537 340 2616 disciplinam
357 2542 492 2615 spectant
506 2535 711 2604 elucidandis,
729 2538 935 2613 gravissimam
950 2542 1051 2601 aucto·

98 2618 221 2683 ritatem
244 2619 361 2689 habet,
386 2619 589 2683 testimonium
611 2618 745 2679 omnium
767 2617 971 2681 Ecclesiarum
994 2624 1050 2682 est,

99 2702 299 2780 perscriptum
322 2701 509 2778 antiquitus,
530 2706 561 2762 et
583 2706 753 2775 temporum
774 2700 960 2761 successione
983 2718 1053 2761 con·

101 2784 250 2847 tinuotnm
273 2788 303 2843 et
324 2790 514 2845 renovatum.
531 2782 674 2858 Magnum
690 2782 747 2843 hoc
760 2780 791 2849 in
807 2798 917 2858 genere
939 2780 1053 2859 pondus

100 2864 215 2927 hahent
244 2871 362 2940 uetusta
384 2864 539 2931 Traditio,
562 2863 740 2930 Sanctorum
768 2862 890 2925 Petrum
918 2864 1050 2940 scripto,

99 2944 230 3009 Decreta
262 2946 487 3017 Consiliorum,
511 2952 542 3007 et
572 2944 688 3022 reliqna
718 2942 917 3007 ecclesiastica
950 2960 1053 3005 monu-

101 3036 215 3091 menta.
231 3028 288 3091 Sed
311 3030 388 3091 inter
410 3028 458 3089 illa
475 3029 639 3089 maximam
660 3026 983 3104 dignitatem-obtinent
1003 3041 1052 3089 ea,

97 3127 179 3188 quae
202 3112 292 3173 totius
314 3110 534 3187 quodammodo
556 3108 711 3171 Ecclesiae
732 3125 838 3170 rocem
869 3113 901 3171 et
921 3109 1052 3172 testimo-

102 3195 187 3255 nium
211 3192 375 3258 exhibent.
399 3193 466 3271 quia
489 3194 601 3269 utrique
622 3192 740 3270 cognita
760 3198 792 3252 et
813 3192 937 3269 probata
958 3193 1048 3254 sunt,

96 3281 131 3337 ct
155 3278 184 3337 ia
210 3275 267 3337 illis
289 3293 346 3337 nou
368 3272 609 3355 Episcoporum,
633 3281 665 3336 et
685 3271 934 3352 Presbyterorum
951 3270 1053 3337 modo,

137 3473 173 3535 (1)
194 3468 487 3533 cressementum,
508 3470 633 3524 collectio
654 3468 840 3534 disceptarem
855 3464 1049 3517 Orientalium.

132 3544 168 3603 (tt
187 3542 316 3603 Zaccmh,
330 3539 495 3593 Bibliotheca
507 3540 635 3602 ttitualia,
648 3542 724 3591 tom.
744 3540 754 3590 1
774 3537 934 3589 Dissertatio
952 3548 1051 3587 recuu-

95 3608 134 3661 dc
152 3612 236 3675 Caput
255 3614 277 3665 11
296 3624 357 3678 pag.
377 3614 465 3665 uvut.
