2517 4059
437 210 665 284 *125st

78 359 152 413 mae,
176 358 265 417 quam
279 338 420 399 Officium
432 341 644 418 Rogatianum,
669 343 864 421 signaturque
887 358 957 401 cum
975 358 1023 401 no·

77 441 142 487 rem
163 422 356 483 Lectionibus
378 422 407 480 in
428 420 542 483 Ordine
563 421 719 501 flittorpii.

112 500 167 566 tlt.
186 502 269 565 Inter
282 502 371 563 Festa
393 504 431 565 ab
446 502 597 581 Apostolis
619 506 753 565 instituta
776 520 896 580 semper
912 502 1024 565 Ascen-

76 589 115 647 sio
127 590 285 647 numerata
297 591 354 654 est,
367 589 401 645 ut
412 586 554 645 adfirmat
567 584 599 647 S.
613 587 799 665 Augustinus
812 583 949 667 Epistola
965 586 1024 647 118

75 676 102 729 et
121 667 255 746 Epistola
271 666 313 727 tt
334 684 429 727 novae
450 668 598 727 editionis.
624 669 668 729 De
685 667 742 727 hoc
764 664 854 727 Festo
876 665 1023 729 Constitu·

74 752 166 810 tiones
189 747 378 824 Apostolicae
399 748 565 825 loquuntur
586 748 653 808 Lib.
677 748 751 811 Vlll
772 746 845 827 Cap.
865 748 895 808 3.
919 746 1026 809 Exstat

72 830 147 909 apud
169 829 202 889 S.
226 828 368 889 loannem
391 829 641 908 chrysostomum
665 829 788 895 Sermo,
813 848 901 905 quem
925 832 954 889 in
976 830 1024 891 die

73 912 165 992 hujus
187 910 268 971 Festi
292 912 396 971 habuit
417 914 446 971 in
470 906 550 971 Urbe
577 912 749 973 Antiochia.
774 912 801 973 A
823 910 854 971 S.
878 910 1025 989 Gregorio

71 990 207 1073 Nysseno
230 996 260 1053 in
286 991 423 1053 Sermone
445 991 488 1052 lll
515 991 549 1051 de
570 992 801 1055 Resurrectione
824 993 874 1053 ubi
905 994 941 1055 de
966 993 1022 1053 hoc

71 1070 157 1135 Festo
181 1078 253 1153 agit,
278 1074 445 1152 appellatur
465 1080 655 1146 Εωισωμηνη,
680 1077 738 1136 hoc
753 1084 799 1137 est
821 1074 885 1135 dies
906 1077 1022 1136 salutis.

72 1150 265 1218 Observanda
280 1163 326 1216 est
348 1158 510 1234 processio,
534 1175 613 1233 quae
636 1156 760 1218 solemni
777 1174 883 1236 pompa
900 1158 971 1217 olim
996 1156 1024 1214 in

72 1238 210 1297 omnibus
234 1238 343 1314 passim
367 1233 511 1298 Ecclesiis
534 1237 764 1310 celebrabatur,
790 1242 819 1298 iu
842 1238 922 1298 illius
944 1236 1024 1299 haud

75 1320 194 1381 dubium
218 1320 416 1386 memoriam,
441 1336 499 1396 qua
521 1317 605 1380 lesus
620 1317 758 1381 Christus
775 1320 929 1387 Dominus,
954 1336 1024 1381 eon-

74 1406 220 1461 summato
235 1397 464 1479 Redemptionis
487 1408 606 1461 nostrae
618 1404 773 1481 mysterio,
796 1402 1025 1480 quadragesimo

73 1490 136 1557 post
156 1480 420 1544 Resurrectionem
444 1480 501 1550 die,
525 1481 694 1546 videntibus
715 1502 749 1543 ac
772 1482 958 1561 stupentibus
981 1481 1025 1541 di·

76 1566 205 1642 scipulis,
228 1571 342 1626 aterra
366 1564 510 1642 processit
531 1564 567 1623 ad
590 1566 721 1627 caelum.
739 1562 842 1643 Hujus
865 1566 1026 1641 processio·

75 1644 116 1706 uis
138 1642 277 1707 ordinem
301 1642 459 1721 descripsit
480 1642 587 1705 Pel-rus
607 1646 753 1708 Gassendi
787 1649 816 1706 iu
839 1648 942 1706 notitia
968 1644 1025 1705 Bc·

74 1722 175 1789 clesiae
199 1724 349 1786 Diniensis
380 1731 461 1803 part.
483 1724 505 1785 2
525 1722 598 1803 Cap.
625 1727 664 1787 19
692 1728 788 1805 qualis
818 1730 847 1787 in
875 1728 926 1786 illa
954 1742 1027 1803 que·

75 1810 163 1871 tannis
180 1810 335 1869 observari
353 1806 441 1866 solet.
465 1806 499 1866 ln
517 1807 697 1884 quibusdam
722 1810 787 1869 aliis
802 1808 945 1869 Ecclesiis
967 1806 1028 1869 suit

72 1892 97 1949 in
112 1911 167 1954 usu
185 1890 330 1951 solemnis
345 1884 517 1949 benedictio
540 1887 636 1965 panis,
660 1890 748 1969 eujus
764 1892 851 1951 ritum
875 1895 905 1951 et
922 1907 1025 1966 preces

74 1976 298 2051 repraesentant
320 1966 476 2047 aritiquum
500 1966 674 2032 Pontificale
698 1970 890 2035 Narbonense
912 1976 944 2033 et
967 1970 1023 2033 Mi-

71 2058 202 2118 matense
226 2050 386 2113 Guitlelmi·
403 2051 549 2122 Durandi‚
574 2068 634 2129 que
650 2070 723 2113 {rsus
739 2060 784 2113 est
805 2055 875 2114 olim
899 2054 1025 2115 loannes

69 2134 248 2199 Seirebruch
264 2131 429 2210 Episcopus
444 2130 681 2193 catalaunensis.
699 2134 743 2194 Ex
759 2134 872 2195 Ordine
887 2134 1025 2196 liomano

68 2214 206 2281 Canonici
224 2215 377 2275 Benedicti
395 2214 499 2290 liquet,
524 2210 646 2275 Festum
669 2215 726 2275 hoc
741 2233 799 2276 nou
822 2236 908 2278 secus
930 2233 965 2276 ac
977 2234 1026 2277 se·

67 2302 210 2361 lemniora
229 2296 297 2355 anni
313 2292 401 2355 Festa
417 2296 565 2356 celebrari
581 2300 790 2357 consuevisse:
809 2296 943 2359 Pontifex
956 2314 1024 2358 cum

67 2380 273 2444 Cardlnalibus
289 2381 319 2437 et
342 2370 499 2456 Episcopis
515 2378 619 2455 primis
637 2386 758 2455 praerat
773 2378 934 2458 Vesperis;
959 2397 1027 2439 sur·

67 2465 192 2543 gebatur
217 2460 315 2520 media
334 2462 419 2517 nocte
443 2476 498 2535 pro
513 2458 619 2518 Officio
643 2466 806 2531 nocturno;
832 2468 893 2523 tres
908 2464 1040 2538 primae.

66 2546 223 2607 Lectiones
245 2546 332 2601 erant
347 2538 478 2600 Actuum
495 2539 721 2615 Apostolorum,
746 2545 878 2621 quinque
900 2558 1025 2618 sequen·

68 2634 108 2688 tes
130 2644 148 2687 e
172 2624 317 2685 Sermone
340 2618 465 2697 alicujus
487 2617 584 2681 Patris
618 2621 654 2681 de
677 2620 787 2691 Festo,
818 2630 848 2685 et
871 2642 946 2685 nona
968 2624 1026 2685 Le·

67 2710 121 2770 ctio
144 2708 183 2768 de
206 2702 339 2764 Homilia
373 2702 402 2759 in
426 2702 634 2779 Evangelium.
666 2704 789 2767 Festum
813 2707 871 2767 hoc
893 2706 1024 2767 habebat

67 2790 226 2868 plusquam
242 2782 402 2852 Octavam3
426 2782 551 2843 durabat
572 2786 653 2845 euim
669 2788 773 2850 decern
790 2790 853 2849 dies
869 2805 964 2865 usque
985 2787 1025 2847 ed

68 2872 276 2933 Pentecosten.
307 2862 408 2942 nujus
429 2866 488 2925 diei
510 2864 650 2926 Officium
681 2868 744 2931 lere
768 2888 887 2948 semper
912 2869 1024 2944 ubique

68 2950 146 3015 idem
167 2948 229 3010 iuit
250 2964 286 3007 ac
308 2946 396 3007 hodie
422 2951 478 3006 est.
502 2944 535 3006 ln
559 2943 693 3025 Epistola
715 2972 731 3012 a
754 2951 940 3015 Cutheberto
962 2950 1025 3011 An-

67 3028 143 3114 gliae
167 3027 318 3093 monacho
339 3028 450 3103 scripta
472 3028 510 3087 de
532 3037 627 3090 morte
651 3030 775 3101 uerae,
800 3035 920 3111 legitur
954 3047 1024 3093 eum
1048 3067 1050 3071 -

68 3114 176 3179 obiisse
193 3111 347 3173 recitando
369 3109 572 3185 Antiphonem
599 3107 711 3175 OReor
732 3116 856 3195 gloriae,
881 3132 958 3193 quae
980 3120 1027 3173 est

71 3193 106 3260 ad
126 3193 292 3271 vesperas.
318 3190 360 3249 ‘ln
382 3191 532 3251 nonnullis
554 3190 721 3258 Ordinariis
744 3216 850 3275 magna
885 3216 956 3259 oum
979 3211 1026 3255 so·

69 3278 223 3342 tenuitate
256 3274 364 3334 dicitur
384 3270 490 3339 Noua,
525 3274 594 3350 quia
617 3296 652 3336 ea
687 3280 760 3339 hora
783 3280 916 3342 creditur
938 3277 1024 3341 tosus

69 3351 206 3424 Christus
231 3357 259 3417 in
276 3353 394 3416 coelum
410 3352 588 3433 ascendisse.
606 3355 719 3420 Cereus
741 3380 836 3439 usque
858 3362 894 3422 ad
912 3361 1023 3423 Ascen-

72 3443 185 3504 sioaem
199 3438 374 3499 accenditur
388 3437 479 3495 certis
500 3434 680 3513 quibusdam
703 3442 819 3507 diebus,
835 3446 879 3505 uti
896 3444 1025 3504 diximus

73 3518 202 3585 tottesto
223 3512 476 3581 Sabbati‘Saneti.
501 3517 626 3590 Quando
643 3520 759 3585 Cereus
774 3522 887 3594 auferri
904 3526 1024 3593 debeat,

73 3624 123 3667 nec
145 3600 277 3683 amplius
297 3591 438 3668 accendi,
463 3596 536 3659 nihil
559 3602 638 3679 apud
660 3606 840 3667 vetustiores
862 3608 1024 3685 scriptores
