2517 4059
497 240 558 300 *ll
582 228 640 291 167
662 236 721 299 <tite

125 357 273 417 Romanis
300 356 474 416 adnotatum
505 354 681 433 repeiilur,
711 357 790 434 quod
817 356 959 421 Summus
989 358 1091 423 Ponti·

125 443 177 499 lcx
203 447 265 499 ires
287 438 455 515 praedictas
477 437 585 497 Missas
606 440 776 499 celebraret
804 440 839 497 ad
871 445 933 503 tres
955 443 1089 504 diversas

123 521 299 589 Stationas;
324 521 452 595 primam
476 521 511 579 ad
535 518 566 579 S.
590 522 718 581 blarianr
743 518 902 597 majorem,
925 525 1088 585 secundam

121 605 161 663 ad
180 604 212 664 S.
231 603 433 671 anastasiam,
451 604 570 663 tertiam
588 604 624 662 ad
642 602 672 663 S.
692 601 829 664 Petrum.
849 603 884 663 ln
900 604 1013 669 Ordine
1029 604 1089 677 Ro,-

122 704 218 745 mano
240 683 380 745 Canonici
403 684 573 753 Benedicti,
596 684 675 760 Papa
700 685 728 742 in
753 684 807 743 irae
829 684 877 745 die
901 689 993 749 tribus
1016 688 1088 749 Mis·

120 770 164 827 sis
187 771 362 826 oneratur:
387 775 445 825 tras
466 762 577 826 Mesae
594 784 652 845 per
674 763 789 843 Pupam
813 765 969 829 dicuntur.
1002 769 1089 831 Hora

121 852 246 927 primae
269 846 378 907 Missae
399 848 436 905 ad
457 848 525 924 galli
555 853 676 907 cantum
705 850 818 921 sipnata
848 858 916 915 ost,
946 851 984 911 Ia
1014 852 1088 929 palli

1 935 2 938 ’
119 942 230 998 caetu,
255 930 307 1005 qui
329 926 414 1004 juxta
435 930 572 1004 antiquos
586 928 716 991 Ordines
732 928 882 989 Romanos
905 940 950 993 cst
972 935 1087 1010 primus

119 1022 243 1081 cantus,
270 1009 309 1070 In
321 1012 423 1088 primo
439 1013 591 1089 pullorum
607 1022 710 1077 cantat,
737 1013 793 1071 boc
815 1018 872 1075 cst.
898 1015 933 1072 ad
953 1016 1083 1074 mediam

120 1102 271 1162 noctem,
295 1110 363 1150 curn
386 1093 536 1152 secundus
557 1093 626 1169 galli
651 1099 757 1153 cautus
789 1094 824 1151 ad
850 1094 941 1157 boras
964 1099 1013 1157 sil.
1053 1094 1085 1155 ln

118 1176 369 1239 sacramentario
392 1174 422 1231 S.
440 1173 577 1246 Gregorii
602 1192 656 1251 per
674 1172 840 1235 Pamclium
857 1177 936 1237 ndito
952 1178 1086 1255 praecisa

118 1260 263 1331 signatur
285 1257 383 1316 media
405 1275 476 1319 nox,
494 1253 598 1316 Madia
612 1265 693 1315 noete
716 1257 813 1317 Statio
835 1257 874 1315 od
900 1256 930 1319 S.
949 1258 1085 1319 Mariam

117 1339 289 1402 Maiorem.
314 1337 358 1398 lta
381 1340 472 1397 etiam
494 1340 608 1415 signata
631 1343 677 1397 est
698 1341 775 1413 apud
800 1337 989 1415 Rupertum,
1026 1340 1087 1400 llus

118 1423 282 1486 randum,
306 1422 442 1495 aliosque
469 1427 635 1485 auctores,
666 1421 782 1479 mediae
812 1423 904 1481 noctis
934 1432 1082 1499 temporo,

117 1505 203 1564 urrda
221 1516 338 1561 'nomen
368 1503 515 1571 retinuit,
551 1501 728 1576 mediaeque
756 1503 848 1561 noctis
870 1506 962 1564 Missa
985 1505 1086 1581 appel·

119 1588 181 1647 lala
207 1590 266 1645 est.
290 1582 403 1643 Romae
427 1600 484 1641 non
507 1584 691 1650 inchoatur,
717 1584 770 1643 nisi
794 1586 943 1661 completo
967 1587 1090 1665 mediae¹

118 1668 330 1728 noctissono.
353 1666 387 1726 ln
403 1663 492 1725 Missa
516 1665 635 1726 mediae
658 1666 753 1723 noctis
775 1667 951 1726 cantabatur
977 1666 1086 1730 Gloria

106 1751 153 1818 ¹ia
169 1747 313 1809 Eacelsis
334 1748 531 1807 solemniter:
556 1750 585 1805 in
607 1746 786 1823 quibusdam
805 1746 944 1807 Ecclesiis
966 1748 1086 1807 diceba-

118 1840 169 1891 tur
195 1846 329 1904 graeee,
351 1835 383 1888 et
403 1828 524 1888 iuterim
547 1828 653 1888 onrnes
674 1826 844 1901 Campanae
867 1828 1083 1907 pulsabantur,

117 1917 149 1973 et
171 1909 419 1985 genuflectebant
438 1911 482 1969 ad
507 1911 555 1970 illa
578 1910 706 1969 Verba:
731 1908 769 1969 Et
791 1911 824 1969 in
848 1920 929 1971 terra
947 1926 1014 1987 poor
1035 1912 1087 1970 bo·

117 1994 266 2054 minibus.
291 1992 472 2068 Micrologns
494 1993 642 2058 observat,
667 1993 695 2050 in
713 1990 770 2051 srno
786 1990 880 2069 hujus
895 1991 1003 2054 Missae
1027 2010 1085 2052 non
1202 2050 1207 2061 ,

118 2075 178 2134 dici
205 2075 397 2135 consuevisse
419 2073 465 2132 Ite
492 2072 586 2134 Missa
614 2084 665 2138 cal,
689 2074 740 2133 scd
764 2071 989 2142 Benedicomus,
1015 2076 1084 2151 quia

118 2157 302 2217 dicebantur
326 2154 443 2216 Laudes
460 2162 526 2229 post
542 2156 663 2215 Missam
679 2154 763 2232 juxta
781 2153 881 2214 littam
899 2158 1082 2217 Romanum.

117 2237 263 2299 Secunda
280 2238 434 2299 sollemnis
450 2236 541 2297 Missa
555 2234 647 2313 hujus
663 2238 721 2301 diei
744 2237 933 2306 inscribitdr3
957 2236 1085 2299 secundo

119 2319 219 2382 Missa
235 2322 270 2379 io
284 2317 414 2387 Aurora,
434 2337 494 2378 nec
517 2320 574 2382 dici
589 2319 691 2385 debet,
716 2319 770 2377 nisi
794 2319 849 2377 sub
872 2318 946 2379 lucis
969 2326 1081 2389 ortum,

118 2410 192 2477 post
208 2400 339 2460 Primam
362 2402 391 2460 in
407 2398 508 2460 Chore
530 2406 691 2461 cantatam.
716 2401 749 2461 ln
765 2399 889 2459 Statutis
910 2398 1085 2462 Carthusia·

119 2501 234 2545 norum
258 2484 380 2558 legitur,
398 2483 478 2559 quod
496 2482 634 2543 Aurorae
657 2488 740 2541 ortus
763 2482 967 2559 expectandus
989 2488 1079 2552 esset;

120 2566 255 2640 ideoque
269 2565 395 2624 dicenda
416 2572 482 2625 erat
503 2571 572 2625 ante
588 2562 734 2632 Primam,
760 2582 817 2623 non
836 2581 907 2623 vero
924 2570 1080 2642 postquam

119 2647 238 2709 dictum
261 2651 340 2706 essct
361 2644 427 2706 lom
456 2647 533 2705 lucia
559 2655 626 2706 orto
656 2646 765 2704 sidere.
799 2642 931 2705 Cluniaci
955 2646 982 2705 id
1006 2648 1082 2708 adeo

120 2733 230 2789 exacte
252 2727 453 2795 serrabatur,
481 2735 514 2788 ut
536 2729 665 2786 maxima
689 2726 876 2787 solemnitate
899 2727 1017 2789 Laudes
1039 2729 1085 2789 di-

120 2816 291 2876 cerentur,
323 2809 359 2868 ad
383 2809 440 2868 boc
464 2814 496 2867 ut
517 2810 742 2884 complerentur
764 2824 882 2889 summo
905 2828 993 2869 mane
1011 2854 1035 2880 ,.
1053 2816 1087 2871 et

120 2896 195 2951 tune
212 2890 343 2951 secunda
360 2889 451 2949 Missa
468 2889 675 2952 inchoabatur.
693 2888 951 2951 Commemoratis
966 2890 1081 2951 Sutun-

121 2974 296 3039 nastasiae,
320 2990 397 3047 quae
420 2970 508 3030 Urbis
530 2979 643 3032 tantum
666 2971 781 3030 Romae
804 2972 924 3048 propria
947 2978 1021 3041 erat,
1046 2972 1081 3032 ad

121 3063 241 3116 ceteras
263 3072 368 3113 ornnes
383 3053 536 3121 Ecclesiae
553 3054 682 3121 transiit,
708 3060 863 3129 postquam
887 3052 1007 3113 Missaie
1023 3054 1082 3115 Ro·

121 3154 248 3197 manum
271 3137 515 3211 invectumestr
550 3136 628 3210 quod
658 3136 749 3194 eliam
780 3152 860 3193 nunc
890 3135 1085 3195 observatur,

120 3216 238 3291 Tertia,
264 3235 342 3293 qnae
364 3224 409 3277 est
431 3216 522 3275 Missa
545 3216 616 3284 diei,
641 3216 698 3275 luit
713 3234 834 3293 semper
850 3217 1013 3277 solemnior
1035 3233 1086 3277 ca·

123 3302 209 3360 teris.
235 3296 304 3358 Post
314 3297 445 3359 Tertiam
469 3300 498 3357 in
513 3296 614 3360 Charo
636 3298 836 3365 decantatam,
861 3298 1007 3359 celebrari
1030 3298 1084 3359 de·

122 3380 186 3441 bet.
210 3379 316 3439 Oratio
332 3381 437 3440 tertiae
453 3380 573 3444 Missae,
602 3380 733 3442 Concede
750 3379 879 3439 retertur
902 3380 938 3440 ab
954 3380 1083 3441 Alcuino

125 3461 192 3522 Lib.
207 3462 252 3522 ΙΙΙ
267 3467 370 3521 contra
387 3459 518 3522 Felicem
534 3460 814 3539 etlilipandum.1n
831 3462 1008 3537 quibusdam
1024 3460 1082 3522 Ec-

124 3544 226 3603 clesiis
254 3562 310 3621 pro
333 3540 495 3623 Evangelio
526 3546 633 3604 tertiae
658 3544 766 3604 Missae
794 3543 950 3604 dicebatur
971 3544 1084 3606 Missus

125 3632 197 3695 est,
221 3626 251 3684 in
273 3625 450 3703 quibusdam
472 3624 612 3686 Partorcr
634 3623 674 3684 ad
695 3626 834 3686 inbicem.
