2517 4059
452 212 680 284 *189*

93 338 170 417 longe
190 340 312 401 excedit
333 358 437 401 omncs
460 343 570 403 limites
593 349 717 403 naturae
733 352 748 407 ,“
765 358 842 419 quae
867 343 1006 418 paulatim
1026 382 1033 407 2

91 423 233 494 variisque
257 423 400 500 gradibus
423 426 563 498 puerolos
586 426 718 485 meteriis
742 425 770 482 in
786 424 951 485 visceribus
974 425 1035 484 lor·

90 509 155 561 mat.
177 501 283 565 Tertio
298 521 407 581 corpus
420 503 531 567 Christi
554 526 612 566 non
626 507 723 566 solum
746 506 775 564 in
791 511 943 566 momento
965 523 1036 565 con-

91 586 228 658 ceptionis
243 586 300 647 luit
315 588 432 663 integre
448 587 621 656 formatum,
647 589 697 647 sed
715 590 836 660 insuper
850 588 955 647 eodem
973 605 1036 647 mo·

92 672 183 724 monto
205 668 265 728 luit
285 669 453 728 animatum
475 670 574 730 anima
597 669 745 737 rationali,
770 670 859 728 simol
885 687 972 735 coro,
996 669 1036 727 n'·

88 748 145 805 nul
164 745 250 808 Verln'
267 750 324 809 Dei
337 768 415 820 coro,
431 750 521 810 simul
536 772 604 816 nero
618 751 758 810 animata
773 750 878 809 animo
892 752 1038 811 rationali

88 826 177 903 lnquit
188 830 435 891 S.I)amascenus
450 832 568 895 sitnm
578 833 614 891 de
634 829 813 893 Ortlrodono
828 829 901 891 Fide
915 831 988 908 Cep.
1001 832 1033 891 2.

87 905 195 984 Quarto
216 930 329 989 corpus
349 914 462 991 Christi
484 915 513 973 in
530 916 649 975 instanti
672 913 875 989 conceptionis
899 914 953 975 [rsit
968 914 1037 973 uni-

88 991 272 1057 tumflVerbo
294 994 416 1064 divino,
442 996 538 1066 itaut
557 995 695 1057 Christus
715 1013 771 1072 pen
794 995 977 1059 ineffabilem
1000 995 1035 1052 il·

89 1069 140 1129 lam
159 1075 327 1144 unionem,
349 1083 381 1136 et
401 1077 706 1152 utriusqrro'naturae
729 1077 847 1137 divinae
869 1075 984 1136 scilicet
1004 1082 1053 1137 et'
1131 1092 1133 1097 '

90 1150 232 1217 lomaniae
256 1158 466 1223 consortium,
497 1157 587 1219 luerit
608 1157 690 1218 Dens
711 1164 741 1218 et
765 1158 876 1223 nono.
901 1158 1054 1233 duasque·

82 1232 220 1313 ‘habuerit
243 1239 411 1300 voluntates
432 1248 465 1301 et
485 1243 691 1315 operationes,
716 1240 846 1309 (lisinam
870 1240 984 1299 scilicet
1005 1246 1037 1300 et

89 1313 259 1378 lrdmanam.
285 1318 352 1381 Non
367 1332 408 1381 est
421 1321 614 1381 interpollans
630 1322 770 1402 temporis
794 1324 897 1397 inquit,
922 1321 953 1404 S.
971 1319 1037 1381 Ful·

89 1400 199 1471 gentius
220 1401 295 1477 Cep.
314 1401 345 1461 li.
361 1400 446 1462 Libri
467 1402 503 1461 de
517 1401 735 1463 Incurnotione
752 1412 780 1463 et
803 1400 924 1468 Gratia,
948 1404 1039 1463 aesti-

89 1480 229 1550 nondnm
242 1486 327 1544 inter
343 1492 498 1561 conceptae
513 1487 616 1544 curnis
630 1480 768 1553 initium:
787 1494 814 1544 et
830 1485 1039 1565 concipiendae

91 1558 454 1634 dinsitotis‘ndoentnrm
475 1584 539 1624 nno
554 1568 662 1645 qnippe
676 1568 736 1643 [nit
759 1568 796 1625 in·-
808 1564 893 1625 utero
918 1566 1039 1627 Mariae

16 1697 17 1702 ,
94 1639 220 1719 Vispinis
236 1648 389 1726 conceptio
403 1646 571 1708 diuinitatis
586 1660 614 1707 et
640 1651 752 1713 cornis,
780 1657 808 1706 et
823 1665 901 1707 nnus
916 1657 957 1707 est
981 1647 1038 1706 pn·

16 1719 17 1736 ¹
92 1719 163 1798 filins
189 1728 226 1785 in
239 1736 369 1806 utroque
384 1738 498 1788 notura
522 1738 687 1807 conceptus.
714 1728 825 1801 Quinto
847 1727 993 1789 Christus·
1007 1728 1037 1785 in

93 1803 183 1865 intanti
199 1811 405 1885 conceptionis
419 1828 492 1869 suae
515 1808 674 1871 luitnotus
691 1810 845 1870 Sacerdos.
871 1807 910 1867 Et
925 1828 957 1869 re
973 1810 1037 1887 qni·

92 1882 153 1945 dem
170 1906 248 1949 nera
262 1890 441 1952 Sacerdotis
462 1891 591 1951 officium
603 1898 684 1956 cst,
708 1891 772 1952 Deo
794 1889 971 1951 sacrificium
998 1888 1039 1948 oi.

92 1962 172 2032 terre.
196 1978 227 2031 at
243 1971 381 2040 Cliristus
403 1973 432 2030 in
450 1970 601 2033 mome'nto
623 1974 831 2048 conceptionis·
845 1980 1037 2031 suaevorum

92 2046 272 2113 sacrificium·
286 2054 351 2115 Deo
373 2054 453 2125 Patri
475 2054 889 2131 offerrc·eoepit,.‘incnrneri
908 2056 1046 2130 namque·

95 2132 208 2201 perinde
219 2142 268 2195 est
289 2154 324 2196 ac
347 2138 498 2195 victimam
521 2136 586 2196 Deo
607 2136 689 2195 Patri
711 2135 923 2195 immolandam
945 2136 1038 2195 allen

92 2207 182 2273 Verbo
204 2220 331 2284 assumi,
356 2235 411 2277 nec
433 2218 492 2278 alio
514 2218 591 2287 fine,
606 2226 650 2279 'ut
670 2218 780 2279 docent
801 2217 900 2277 Sancti
921 2216 1036 2287 Patres,

93 2292 224 2358 averno
246 2299 360 2369 divino,
388 2300 467 2374 qood
491 2303 569 2360 vitae
591 2296 729 2360 ubertate
751 2301 871 2361 omnino
895 2300 1039 2360 redunda-

93 2370 156 2447 bat,
179 2388 336 2459 assumpta
358 2385 404 2440 est
426 2374 531 2463 nature
556 2382 707 2451 hominis,
732 2400 822 2459 qrrsrn
844 2382 927 2442 velut
948 2381 1037 2441 ratio·

93 2458 158 2517 uelis
180 2460 278 2521 hostia
295 2462 552 2532 ‚Decolierendn
575 2462 653 2536 Cum
675 2464 767 2541 igilm
788 2461 967 2534 incarnatio,
990 2461 1039 2539 ju·

93 2543 136 2598 xta
155 2540 323 2603 doctrinam
339 2544 517 2608 Sanctorum
533 2544 668 2612 Petrum,
694 2563 750 2605 non
773 2545 852 2605 vitae
874 2544 1035 2610 humanae,

93 2620 139 2678 ssd
152 2626 343 2687 mortalitatis
358 2632 389 2685 et
408 2628 512 2686 mortis
533 2628 572 2686 sit
591 2628 771 2704 assumptio,
795 2628 930 2703 sequitur
950 2627 1038 2689 Clrri·

94 2703 163 2763 snm
186 2707 215 2765 in
241 2711 392 2768 momento
413 2709 630 2769 incarnationis
651 2725 722 2767 suae
744 2706 922 2768 sacrificium
946 2708 1037 2769 luisse

95 2786 285 2859 auspicatum,
309 2789 388 2866 qood
411 2796 473 2850 toto
486 2790 567 2850 vitae
588 2806 661 2851 sune
677 2792 813 2866 tempore
830 2790 981 2867 produxit,
1006 2797 1038 2852 et

95 2859 233 2930 tuumne
255 2872 489 2931 consummarit.
511 2871 648 2948 Denique
677 2872 900 2949 conceptionem
922 2870 1035 2932 Christi

95 2938 177 3009 luisse
199 2952 413 3012 miraculosam
434 2958 465 3013 et
484 2954 744 3031 supernaturalem
777 2953 863 3014 laclle
887 2952 1039 3029 colligitur·

95 3038 134 3117 (ἐξ,
146 3029 315 3103 beatissima
335 3032 509 3104 coelestium
541 3035 686 3101 donorum
704 3035 794 3111 ¹copia
817 3041 847 3095 et
862 3076 865 3081 -
878 3036 1037 3112 omnigena

97 3112 231 3175 rutulum
247 3115 458 3197 suppellectili,
471 3128 530 3192 qua
546 3117 575 3176 in
587 3123 739 3177 momento
751 3112 953 3194 conceptionis
965 3132 1037 3179 suae

96 3180 145 3248 luit
162 3195 398 3257 cumulatissime
419 3204 590 3259 exornatus.
