2517 4059
603 177 808 250 willin-

229 306 329 365 ritatis
358 310 482 364 ventum
509 310 581 377 est,
612 306 686 366 dicit
709 306 742 369 S.
766 305 937 365 Matthaeus
964 298 1038 376 Cap.
1062 296 1185 360 xxvii

228 402 259 445 a.
282 386 336 453 ΒΞ,
360 386 440 461 quod
462 396 602 449 meantes
621 389 800 448 invenerunt
820 388 968 445 hominem
984 383 1183 459 Cyrenaeam,
1243 445 1244 448 Ἴ

229 467 349 527 nentina
364 467 530 531 Simonem:
552 470 632 529 hune
654 470 898 547 angariaverunt
916 473 951 527 ot
973 465 1086 523 tolleret
1104 462 1185 524 Crrr·
1244 483 1245 548 j

228 566 289 624 mm
310 546 390 628 ejus.
413 546 487 621 Quis
509 548 600 613 luerit
622 552 677 612 iste
698 550 814 618 Simon,
838 550 986 611 incertum
1008 550 1066 607 est.
1088 541 1188 623 Cyre·
1244 551 1245 570 ³

230 646 339 690 meum
355 629 447 690 luisse
469 632 641 694 Matthaeus
656 633 773 702 scrihit,
796 648 850 703 sep
863 628 982 709 Cyrene
1003 618 1122 686 natrim.
1146 628 1188 687 Ar

230 729 300 775 oum
317 711 391 771 haee
409 712 516 788 triplex
540 715 642 783 luerit,
666 733 727 775 una
749 715 778 773 in
794 712 898 791 hybla,
921 709 1015 769 altera
1036 705 1185 787 insyria,

231 793 320 853 tertia
343 793 371 851 in
393 789 516 869 Cypro:
540 812 581 857 ex
604 796 698 873 priori
720 794 814 855 tuisse
837 795 917 853 hunc
938 790 1091 851 Simonem
1115 808 1186 851 een-

231 874 434 949 mutationi,
461 877 537 938 inter
560 896 637 954 quos
657 876 690 937 S.
713 877 898 954 Augustinus
921 876 1062 936 Sermone
1085 869 1129 929 tu
1151 870 1188 929 rle

235 950 373 1031 Tempore
395 954 468 1033 Cap.
495 960 544 1019 17.
579 958 637 1020 Sed
662 968 718 1019 nou
740 964 834 1017 certo.
858 954 1045 1032 hn'gentilis
1067 952 1187 1021 luerit,
1247 1003 1248 1016 ,

230 1054 268 1097 au
289 1034 418 1114 judaeus
439 1042 701 1101 controvertitur:
730 1039 873 1117 gentilem
896 1036 1012 1103 luisse,
1046 1034 1188 1094 arbitrati
1247 1033 1248 1042 ’

230 1124 301 1181 suut
322 1117 408 1176 multi
430 1136 472 1179 ex
488 1120 637 1186 Patribus,
659 1139 694 1181 ae
716 1140 772 1199 per
791 1120 849 1179 hoc
870 1108 1071 1195 significatum
1094 1113 1190 1177 fuisse

231 1198 411 1275 mysterium
427 1204 542 1269 volunt,
567 1205 709 1262 nimirum
730 1202 807 1269 tore,
831 1205 876 1269 ut,
901 1199 1019 1260 lrrdaeis
1040 1215 1100 1257 non
1122 1214 1191 1257 cre·
1248 1217 1249 1222 ¹

231 1279 382 1347 dentibus,
405 1285 529 1356 gentiles
542 1283 652 1346 Christi
667 1281 796 1344 Crucem
811 1299 847 1341 ae
862 1280 966 1341 Fidem
984 1280 1187 1357 susciperent.

230 1360 262 1421 S.
286 1358 347 1420 Leo
367 1359 512 1427 Sermone
534 1364 555 1424 8
576 1366 613 1425 de
636 1362 775 1426 Passiooe
795 1361 868 1440 Cap.
892 1361 921 1421 V
943 1362 1036 1421 dicit:
1060 1358 1121 1420 Per
1144 1359 1190 1420 Si·
1249 1373 1250 1376 ’

232 1460 351 1503 monem
367 1441 569 1521 Cyrenaeum,
593 1449 622 1505 io
645 1466 735 1522 quern
758 1446 870 1522 lignum
885 1444 991 1507 Crucis
1006 1441 1190 1502 translatum

232 1523 299 1593 luit,
325 1528 570 1603 praesignabatur
589 1526 732 1588 Gentium
755 1526 841 1595 fides,
865 1527 973 1603 quihus
998 1524 1087 1586 Cruor
1100 1521 1191 1584 Chrr'·

232 1606 270 1666 rtr'
291 1623 351 1664 non
373 1607 508 1684 censorio
532 1620 597 1671 erat
611 1609 730 1687 futuro,
753 1608 802 1669 seri
824 1609 940 1687 glorie:
964 1608 1093 1681 ideoque
1116 1622 1191 1663 con·

233 1705 342 1765 gruum
364 1694 439 1753 erat,
465 1689 721 1752 utSacratissimo
743 1690 908 1751 salvatoris
929 1688 1102 1765 opprobrio.
1128 1703 1190 1745 nou
1251 1689 1252 1744 ἰ

233 1767 392 1831 Hebraeus
413 1772 572 1848 quisquam
597 1790 651 1833 nec
668 1771 802 1832 israelita
824 1771 876 1831 sed
892 1771 1056 1846 alienigena
1079 1767 1192 1827 subde-

233 1856 329 1918 retur,
352 1858 383 1911 et
405 1862 439 1912 ut
460 1856 503 1914 sic
524 1855 615 1913 etiam
638 1852 858 1932 significaretur
880 1852 1035 1921 translatio
1059 1866 1077 1909 a
1098 1848 1193 1910 Vete-
1252 1859 1253 1924 l

234 1934 316 1994 ribus
337 1931 497 1994 Sacriheiis
530 1936 566 1995 ad
591 1953 701 1994 novum
726 1934 975 1995 reconciliationis
1008 1930 1070 1989 ileo
1093 1930 1192 1992 Patri.
1252 1929 1253 1942 ²

234 2014 359 2091 lnsuper
381 2014 412 2073 S.
437 2014 533 2076 Lucas
554 2017 626 2093 Cap.
651 2015 759 2077 xxttl
782 2036 812 2076 v.
836 2013 887 2074 27:
912 2009 1120 2093 Se‘qoehetur,
1148 2014 1194 2072 iu·

232 2096 306 2173 qrrit,
331 2104 431 2154 autern
445 2098 533 2157 illem
549 2098 639 2157 turbo
653 2101 749 2158 multo
760 2098 867 2176 populi
882 2107 907 2155 et
920 2098 1092 2162 mulierem,
1108 2112 1195 2173 quoe
1253 2101 1254 2104 ’

228 2177 432 2260 plangentem
445 2190 471 2238 et
486 2180 732 2239 lamentabuntur
745 2198 822 2238 eum.
850 2176 1015 2238 Conuersus
1030 2185 1135 2233 entem
1151 2173 1194 2236 od

232 2260 300 2319 illes
316 2255 398 2316 lesus
413 2256 517 2319 atrii.-
539 2256 636 2320 Filiae
652 2258 815 2319 Ierusalem
836 2260 928 2318 notite
942 2260 1012 2339 flere
1025 2274 1117 2335 seper
1130 2277 1193 2328 me,

233 2337 283 2399 reri
297 2356 387 2415 super
402 2357 452 2400 eos
467 2342 546 2420 ipsos
561 2340 637 2421 plote,
654 2350 682 2401 et
696 2359 786 2419 super
799 2341 876 2421 filios
889 2351 1011 2401 vestroe.
1027 2336 1193 2410 Quaenam

233 2420 347 2481 luerint
368 2420 435 2481 illae
458 2422 614 2498 religiosae
636 2420 795 2491 mulieres,
823 2421 932 2498 quidve
953 2419 1194 2481 olliciiChristo

233 2501 446 2580 praestiterint,
469 2502 663 2582 Evangelista
685 2520 744 2564 non
766 2504 849 2563 dicit.
873 2502 984 2564 Fertur
1007 2509 1125 2572 umen,
1154 2520 1195 2564 ex

234 2584 271 2642 iis
293 2599 383 2643 unam
400 2585 544 2655 extitisse,
569 2583 749 2646 veronicam
770 2585 903 2654 nomine,
927 2602 1005 2661 quae
1026 2582 1194 2645 sudarium

236 2664 357 2727 Christo
379 2663 519 2737 oiielens,
537 2675 571 2730 ut
593 2665 701 2727 taciem
723 2668 833 2727 sudore
854 2671 887 2725 ot
900 2667 1044 2744 sangnine
1065 2666 1194 2725 maden-

234 2749 295 2807 tem
319 2747 531 2823 abstergeret,
555 2748 612 2807 hoc
636 2749 714 2809 idern
736 2749 774 2809 ah
795 2748 846 2807 illo
870 2749 1042 2807 restitutum
1064 2764 1195 2826 accepe-

234 2829 309 2895 rit,
325 2827 469 2905 impressa
493 2831 593 2891 vultus
614 2830 708 2905 ipsius
729 2829 857 2907 imagine
880 2830 1075 2906 insignitum
1108 2830 1194 2905 quod

233 2907 348 2971 Itomae
371 2911 399 2969 in
416 2910 543 2973 Basilica
565 2910 596 2971 S.
610 2909 691 2973 Petri
707 2911 889 2971 custoditum
905 2928 1023 2969 summa
1045 2910 1194 2988 religione

159 3002 164 3010 ‘
231 2996 404 3052 veneratur.
439 2990 526 3053 lianc
549 2996 751 3053 narrationem
773 2991 875 3053 Critici
903 2992 940 3051 ad
963 2993 1061 3051 minus
1083 3010 1193 3069 suspe-

232 3076 313 3133 ctam
336 3073 471 3149 plurihus
494 3074 652 3135 ostendere
673 3079 830 3134 conantur.
857 3072 958 3132 Primo
980 3092 1018 3133 ex
1039 3072 1192 3136 altissimo

233 3152 304 3215 iacti
327 3154 417 3232 hujus
439 3155 568 3222 silentio,
593 3174 651 3215 non
674 3156 764 3215 modo
787 3154 866 3231 apud
889 3155 1113 3230 Evangelistas,
1139 3156 1194 3220 sed

234 3241 266 3297 et
286 3237 364 3314 apud
380 3252 484 3297 omnes
505 3242 624 3297 veteres
646 3237 761 3303 Patres,
784 3243 816 3297 et
836 3233 1065 3296 Ecclesiasticae
1086 3236 1197 3299 Miste-

235 3320 297 3379 riae
325 3324 387 3377 turn
413 3319 526 3393 primae
550 3323 615 3378 tum
640 3314 764 3378 mediae·
777 3319 883 3377 aetatis
905 3316 1085 3390 Scriptores.
1104 3317 1194 3381 Prae·

235 3406 319 3459 terea
341 3400 506 3460 Veronioae
530 3416 638 3460 nomen
660 3400 790 3476 antiquis
811 3399 947 3475 ignotum
970 3397 1042 3459 luit:
1064 3408 1195 3477 excepto

213 3480 316 3540 ·Petri
337 3479 466 3540 Galesini
490 3480 726 3559 Martyrologio,
750 3482 779 3539 in
802 3481 884 3541 nrrlio
905 3478 974 3546 alio,
999 3482 1105 3541 necin
1132 3481 1195 3542 Ro·

238 3576 326 3620 mano
351 3560 511 3623 Veronioee
534 3578 643 3623 nomen
665 3562 745 3621 iuter
764 3569 883 3623 sanctas
903 3562 1048 3622 Mulieres
1070 3562 1193 3640 legitur.

1241 143 1244 282 l
