2517 4059
499 166 722 239 maestis·

138 303 227 359 erata
249 315 267 358 a
289 295 460 358 Mabillonio
481 314 517 357 ex
539 299 642 360 codice
665 298 871 359 Bibliothecae
898 296 1082 369 Tbuaneae,

136 382 216 441 inter
237 380 267 441 S.
284 377 426 438 Germani
447 378 624 441 Parisiensis
646 380 801 441 antistites
815 384 914 440 vestes
929 398 1085 441 recensen-

136 469 188 523 tur
209 461 345 539 ejusdem
368 461 399 521 S.
416 458 559 521 Germani
581 462 703 522 tuscana
726 462 837 525 casula.

179 543 219 603 V.
242 542 287 604 De
302 541 386 603 lusco
407 542 519 608 colore,
542 542 658 621 acejns
680 545 707 603 in
730 541 865 603 Ecclesia
880 542 1010 604 Romana
1033 562 1084 607 ve·
1116 614 1123 628 .

135 629 265 688 terrimo
286 643 342 684 usn
357 624 419 702 jam
435 628 523 694 satim
547 626 583 686 ad
598 632 771 687 castaneum
795 643 846 685 nos
861 630 1081 697 convertamus,

134 711 187 786 qui
209 725 226 766 a
249 707 334 767 lusco
358 725 415 767 uon
437 712 483 767 est
503 708 667 768 dissimilis.
691 706 832 767 Aeolore
848 706 966 766 corticis
988 714 1082 768 easta·

133 808 212 851 neae
228 789 267 848 ita
281 789 395 849 dictum
412 791 500 865 putat‘
510 788 653 867 Scaliger.
671 788 815 848 Baronius
827 790 896 850 item
909 795 1081 851 castaneum

132 874 267 933 colorem
283 871 320 931 de
337 871 518 930 subobscura
532 877 616 932 ueste
633 872 859 947 interpretatur,
873 870 919 931 cui
938 872 1016 933 nltro
1031 888 1080 933 aa·

133 954 214 1016 cedit
225 951 404 1013 Gallielmus
415 950 590 1032 Peperatins
600 955 635 1012 in
643 950 879 1032 Antiquitatibus
890 952 990 1028 rapina
1002 952 1027 1015 C
1028 971 1081 1031 up-

129 1038 228 1118 palloe
249 1031 365 1113 Rapum
381 1030 581 1095 Francorum.
598 1034 629 1095 S.
643 1033 777 1110 Gregorii
802 1032 843 1093 M.
869 1036 1014 1110 imago-in
1030 1036 1082 1095 ab·

132 1119 230 1180 sidula
252 1116 283 1176 S.
301 1115 441 1177 Andreae
462 1117 498 1176 ad
520 1118 633 1176 clivum
658 1115 774 1181 Scauri,
798 1121 888 1191 prout
909 1132 925 1173 a
949 1115 1080 1179 lobanne

135 1199 271 1262 Diacono
293 1197 481 1267 describitur,
506 1199 653 1259 delineata
675 1203 742 1258 erat
761 1216 829 1259 eum
853 1197 969 1274 planeta
992 1216 1081 1277 super

133 1283 326 1343 dalmaticam
349 1280 458 1340 coloris
489 1281 630 1341 castanei.
655 1280 775 1341 Planeta
792 1278 892 1354 ,ettam
915 1278 1077 1353 Gordiani,

131 1366 241 1426 eoloris
271 1361 402 1421 castanei
423 1360 507 1433 luit,
543 1370 576 1422 ut
596 1380 634 1422 ex
659 1361 765 1423 eodem
794 1362 1080 1423 lobanne·lliaeono

130 1449 151 1509 li
176 1453 239 1508 uei.

154 1467 225 1590 qVl.
255 1524 401 1599 Quintam
431 1529 462 1584 et
490 1529 675 1603 postremum
703 1526 779 1585 inter
809 1544 910 1587 saeros
939 1524 1076 1595 colores,

131 1614 241 1689 quibus
262 1624 382 1682 semper
404 1606 433 1663 ia
457 1605 570 1667 Divinis
589 1605 703 1667 Officiis
724 1625 777 1667 usa
801 1614 846 1669 est
871 1610 1004 1669 Romana
1025 1605 1080 1669 Ec·

131 1694 221 1754 alesia
244 1691 342 1749 locum
358 1688 479 1748 obtinet
499 1689 582 1749 color
606 1690 721 1749 viridis.
757 1687 822 1749 Alio
844 1691 935 1751 etiam
958 1691 1078 1751 nomine

129 1776 276 1841 adortum
298 1772 322 1830 si
338 1770 460 1847 quidem
483 1771 620 1848 prasinus
635 1788 723 1849 saepe
738 1777 873 1831 vocatur.
900 1771 943 1833 De
960 1772 1078 1849 prasino

129 1858 231 1917 colore
251 1852 329 1931 apud
352 1856 496 1930 veteres,
520 1859 551 1913 et
572 1855 609 1914 de
626 1855 743 1931 prasina
765 1851 913 1920 factione,
942 1872 1019 1930 quae
1047 1860 1079 1915 at

129 1939 249 2000 uiridis,
274 1936 345 1994 satis
367 1936 461 1995 multa
482 1935 562 2012 apud
583 1934 745 2009 losepbum
769 1933 963 1997 Laurentium
986 1936 1023 1996 de
1044 1954 1077 1995 re

128 2019 283 2085 castioris,
306 2021 337 2076 et
347 2016 426 2093 apud
442 2015 583 2076 Vossium
605 2016 635 2075 in
651 2014 863 2095 Etpmolopico.
886 2016 1075 2096 Quapropter

128 2100 305 2178 smaragdus
320 2114 451 2175 gemma,
467 2116 544 2174 quae
560 2098 686 2158 viridem
702 2099 835 2158 colorem
851 2100 992 2177 praefert.
1006 2118 1073 2177 pra·

127 2185 220 2249 ainus,
244 2200 298 2241 sen
315 2179 433 2257 prasina
454 2180 634 2255 appellatur.
657 2179 701 2239 Ile
719 2182 844 2255 prasinis
860 2181 986 2259 gemmis
1008 2200 1071 2259 pas·

126 2267 182 2327 sim
206 2263 318 2323 mentio
340 2261 418 2338 apud
440 2260 595 2338 vulgatum
618 2260 826 2333 Anastasium,
850 2262 937 2341 cujus
959 2264 1074 2340 aliquot

126 2366 162 2410 ea
182 2346 220 2406 de
235 2363 269 2404 re
284 2343 451 2404 testimonia
472 2344 607 2421 congerit
627 2342 801 2405 Salmasius.
826 2342 1006 2421 Huiusmodi
1021 2364 1074 2406 vo·

125 2446 191 2496 aean
214 2443 318 2486 rernm
349 2442 505 2485 sacrarum
526 2426 684 2503 scriptores
707 2427 872 2503 semiprisci
902 2427 1073 2503 [requenter

125 2510 332 2585 usurparunt,
365 2507 402 2567 ad
423 2507 550 2568 uiridem
572 2507 704 2568 colorem
734 2507 969 2584 designandum,
1004 2508 1073 2569 licet

126 2609 193 2653 eam
215 2590 367 2664 aliquanto
398 2589 613 2665 corruperint3
644 2590 827 2667 seripserunt
851 2591 929 2652 enim
956 2590 1074 2668 diopra-

124 2674 229 2740 siam,
253 2672 447 2748 diaprasium.
474 2669 599 2730 Sanctus
620 2670 780 2746 Anse'gisns
795 2670 893 2731 Abbas
914 2669 1073 2733 Fontanel·

124 2755 225 2822 lensia,
249 2753 305 2812 sub
327 2752 364 2812 lt.
389 2749 427 2809 Ι).
449 2749 511 2812 835
531 2751 659 2811 contulit
680 2749 831 2812 Ecclesiae
858 2753 903 2812 sui
926 2752 1072 2815 Monasle·

125 2839 161 2897 rii
186 2836 285 2897 uarias
311 2831 440 2902 casulas,
465 2834 542 2893 inter
569 2850 643 2908 qrras
658 2832 761 2891 viridis
777 2833 886 2894 coloris
908 2839 981 2894 tres.
1005 2834 1069 2895 Ησ·

124 2919 255 2980 doardas
276 2917 305 2974 in
326 2914 461 2975 Historia
483 2913 637 2975 Remensis
660 2913 810 2975 Ecclesiae
835 2915 947 2983 tradit,
980 2913 1071 2977 Hine·

124 3018 243 3062 marum
259 2996 462 3059 Rbemensem
478 2995 630 3056 Amalrieo
652 2996 816 3057 Turoneusi
837 2996 1070 3075 Arcbiepiscepo

124 3084 153 3143 in
174 3082 339 3143 dilectionis
366 3079 484 3156 siguum
518 3077 631 3137 misisse
658 3078 805 3155 quaedam
828 3080 956 3155 pretiosa
984 3097 1070 3141 orna·

122 3170 235 3231 menta,
259 3164 403 3229 casulam,
426 3160 562 3224 scilicet,
586 3158 807 3234 diaprasinam,
831 3165 861 3220 at
882 3161 940 3220 alia
962 3180 1070 3222 manu·

122 3247 215 3307 scuta.
241 3242 286 3302 Ex
303 3245 481 3304 testamento
497 3238 605 3300 Ricnlii
628 3238 766 3318 Episcopi
782 3241 960 3304 Helenensis
982 3244 1070 3305 disci-

123 3346 204 3397 mus,
228 3324 348 3385 relietas
369 3325 461 3385 inisse
481 3322 521 3383 ab
542 3322 600 3381 boc
615 3320 754 3385 Antistite
769 3325 886 3385 casulas
903 3323 1067 3404 ¹Episcopa-

121 3412 166 3472 les
188 3408 315 3486 optimas
343 3411 429 3474 tres,
465 3421 555 3464 anam
588 3403 779 3482 dioprasiam.
817 3406 903 3485 Apud
938 3408 1069 3471 Graecos

122 3509 218 3569 usqne
239 3490 275 3551 ad
298 3486 374 3549 ΧΙΙΙ
388 3485 544 3548 saeculnm
567 3500 624 3545 non
648 3486 750 3564 plures
771 3505 860 3563 auam
883 3488 1069 3552 dnocolores

121 3572 262 3641 luerunt,
287 3570 398 3640 albus,
421 3572 454 3630 et
474 3568 608 3637 rubens3
634 3568 745 3629 idcireo
767 3569 972 3635 Theodorelus
994 3578 1068 3634 tam·
