2517 4059
565 142 789 213 *wlmaro

199 272 275 349 Cap.
300 270 339 338 ll,
364 270 414 330 obi
437 288 505 329 cum
529 270 665 347 Apostoli
688 272 767 349 plem
783 271 892 333 Sancto
909 272 1023 351 Spiritu
1047 290 1064 331 e
1087 268 1173 331 Coe-

202 354 311 413 nacnlo
332 353 443 429 egressi
458 352 550 411 variis
567 354 673 429 linguis
690 355 899 429 loquerentur,
918 360 1000 415 tanto
1016 360 1046 413 et
1062 372 1079 413 a
1098 371 1172 415 sae-

200 436 277 495 culis
311 435 443 493 inaudito
466 440 626 511 portento.
662 453 698 493 ex
722 435 840 496 ludaeis
862 438 983 511 quidam
1006 442 1173 512 stupentes

199 517 362 577 dicebant:
389 513 472 589 Quid
494 524 535 573 ast
558 516 630 574 lroct
652 515 779 587 Quidam
806 535 878 577 vero
899 517 1071 578 irridentes
1087 516 1172 576 dica-

201 600 291 665 bant,
310 599 383 675 quio
394 607 489 656 masto
497 598 582 675 pleni
592 608 660 657 sont
672 600 734 661 isti.
748 598 804 659 His
814 617 879 657 sese
890 617 1042 676 opponens
1054 598 1171 659 Petrus

199 699 283 740 vers.
310 679 348 738 15
371 681 432 737 ait:
445 676 539 748 ·,Non
562 681 640 739 sicat
661 698 711 739 aes
734 682 904 750 aestimatis,
929 683 961 740 lai
981 682 1058 740 ebrii
1080 689 1168 751 sant,

201 781 270 821 cam
291 764 329 820 sit
349 760 424 819 bora
449 759 511 820 diei
532 761 634 820 tertia
662 760 786 839 Signum
810 762 959 833 sensibile,
973 780 1044 858 ‘quo
1067 762 1169 839 Spiri-

201 850 250 904 tns
272 844 401 903 Sanctus
423 860 513 901 suum
537 842 700 901 adventum
726 842 939 911 manifestavit,
956 846 998 904 sic
1020 844 1174 903 describi-

198 937 250 985 tur
271 926 340 984 Act.
363 922 437 999 Cap.
462 922 490 982 ll
511 942 542 983 r
566 921 611 980 ἓν
638 922 675 981 m
702 926 863 1003 [natusest
888 924 1171 1005 repentadacoelo

200 1025 302 1075 sonas,
328 1017 474 1083 tanquam
496 1003 680 1065 advenientis
699 1006 832 1084 Spiritus
854 1009 1005 1077 venientis,
1026 1016 1054 1065 at
1072 1010 1173 1088 repla-

201 1093 245 1149 oit
268 1098 359 1146 totam
381 1087 524 1153 domam,
547 1086 599 1144 abi
620 1096 707 1146 erant
729 1088 871 1148 sedentes.
894 1087 932 1147 Et
954 1098 1172 1169 apparuerant

196 1170 265 1231 ¹illia
286 1168 460 1246 dispartitae
485 1170 606 1245 tiapaae
628 1178 784 1247 tamqnam
805 1170 894 1247 ipnis,
918 1170 1050 1267 seditque
1076 1188 1172 1248 saper

202 1250 337 1327 singalas
353 1267 465 1308 eoram.
478 1249 596 1321 Quibus
611 1250 771 1319 indicatur,
790 1254 921 1327 primunr
934 1255 1050 1330 siguum
1069 1251 1169 1313 luisse

204 1350 311 1391 sonrrm
337 1336 492 1406 tamquam
515 1333 597 1390 venti
621 1342 746 1405 repente
762 1334 913 1403 irruentis,
930 1340 961 1393 et
976 1335 1103 1393 domum
1122 1340 1169 1395 to·

205 1421 267 1472 tam
292 1414 445 1487 replentis,
471 1419 505 1471 ut
525 1432 577 1489 qur
570 1412 633 1471 ibi
656 1422 743 1476 orant
757 1416 972 1475 excitarentur.
990 1416 1169 1477 Secundum

197 1496 421 1591 apparitionem
445 1494 616 1570 linguarum
640 1494 866 1573 dispertitarum
897 1505 1049 1573 tamquam
1073 1498 1166 1573 ignis,

204 1580 256 1653 qui
279 1578 356 1635 sedit
377 1593 469 1651 super
491 1576 624 1671 singulos
647 1588 764 1637 eorum.
782 1576 946 1649 Quaeritur
962 1580 1041 1638 enim
1059 1597 1096 1637 an
1115 1596 1168 1639 ve-

202 1678 257 1719 rus
281 1659 371 1717 irrerit
392 1656 470 1715 ille'
462 1659 548 1734 ignis,
572 1664 602 1716 et
624 1660 695 1733 quid
720 1678 837 1735 pereas
854 1662 969 1737 linguas
991 1660 1168 1737 dispertitas

199 1740 243 1799 sit
265 1739 502 1815 intelligendum
527 1738 726 1800 lloctissimus
748 1738 781 1799 P.
798 1738 981 1801 Calmetus'
973 1758 1002 1801 rn
1025 1741 1127 1817 Caput
1140 1740 1169 1801 ll

203 1822 274 1883 Act.
291 1820 511 1919 Apostolorum
533 1839 564 1878 v.
589 1819 692 1881 3ait:
718 1840 777 1880 non
798 1822 888 1899 [aissa
909 1824 996 1883 illam
1018 1824 1170 1885 materia-

203 1904 298 1962 lam
285 1923 401 1980 apnem,
426 1912 453 1960 et
471 1904 685 1972 elementarem,
702 1903 752 1962 sed
766 1904 913 1981 palparem
929 1905 1087 1982 qnamdam
1105 1922 1170 1963 nan

203 1986 369 2043 absimilem
394 1984 472 2060 igni,
496 1986 549 2061 qui
574 1985 736 2061 symbolam
751 1995 816 2043 erat
837 1988 971 2052 laminis,
988 1984 1166 2055 atardoris,

204 2084 289 2143 quem
313 2067 347 2123 in
363 2063 526 2140 Apostolos,
550 2078 733 2144 caeterosque
755 2066 887 2144 Spiritus
903 2068 1056 2127 Sanctus
1044 2067 1168 2161 injicie-

202 2147 264 2205 bat.
282 2146 524 2221 Sapientissimns
540 2145 717 2207 Benedictus
734 2146 809 2207 XlV
825 2150 979 2209 existimat
994 2166 1045 2207 eas
1063 2150 1167 2243 igneas

204 2229 331 2305 linguas,
357 2228 429 2285 nilril
456 2228 537 2285 aliud
562 2226 665 2298 luisse,
683 2248 774 2305 qtram
793 2230 951 2306 igniculos,
968 2233 1167 2307 seuexignas

199 2307 383 2372 llammulas,
407 2326 485 2383 qrrae
507 2326 599 2385 snper
621 2328 691 2376 eos,
709 2314 759 2385 qui
784 2312 843 2369 illic
866 2311 1004 2378 aderant,
1023 2311 1165 2371 bacillac

196 2392 380 2468 dispertitae
403 2392 473 2449 sint.
491 2388 669 2449 Conantem
687 2392 816 2467 Spiritus
832 2392 970 2463 Sanctus,
988 2394 1039 2468 qui
1056 2394 1085 2451 in
1100 2411 1167 2469 spe·

194 2468 250 2534 'cie
272 2472 436 2532 Columbae
445 2490 547 2565 super
569 2468 724 2531 Christum
747 2475 911 2539 descendit,
929 2492 1020 2549 snper
1035 2474 1166 2549 Aposto-

204 2554 276 2613 los
269 2574 297 2611 m
321 2556 421 2624 specie
443 2554 524 2648 ignis·
541 2556 741 2628 apparuerit,
767 2551 913 2615 rationem
937 2556 988 2615 dat
1010 2554 1041 2613 S
1059 2556 1167 2632 Augu·

203 2636 300 2694 stinus
326 2631 426 2694 Tract.
453 2635 524 2694 Vl
517 2654 546 2693 rn
570 2634 736 2706 loannem,
767 2640 798 2696 et
827 2654 864 2695 ex
892 2636 981 2696 eoS.
1006 2636 1165 2705 Thomas,

203 2713 283 2775 leet
309 2714 416 2775 xlv·
409 2736 437 2775 m
460 2716 557 2791 Caput
580 2716 590 2774 l
615 2717 744 2786 loannis,
769 2719 966 2777 ninimirum
991 2719 1166 2779 ostendere·

203 2804 264 2864 tur,
289 2800 316 2855 in
341 2796 477 2857 fidelibus
500 2799 684 2875 simplicitati
701 2797 875 2868 Columbae,
894 2798 1006 2859 debere
1021 2798 1164 2876 conjungi

201 2880 384 2939 ier’vorem
376 2880 463 2955 ignis.
486 2878 553 2938 Hac
569 2881 684 2955 inquit,
701 2882 886 2957 Augustinus
901 2880 1031 2941 vidimus
1053 2882 1165 2941 colam-

201 2964 268 3022 bam
290 2979 379 3038 saper
400 2961 587 3031 Dominam,
611 2964 667 3021 boa
690 2962 811 3039 tingens
834 2962 947 3022 divisas
971 2980 1060 3039 saper
1076 2962 1165 3021 disci·

197 3043 286 3124 palos
308 3054 512 3120 conprepatas
528 3041 586 3101 Hic
600 3044 786 3120 simplicitas,
802 3043 882 3121 bias
865 3043 964 3121 feruor
981 3044 1162 3104 ostenditur

202 3126 281 3184 An
273 3142 302 3182 m
325 3126 404 3183 solos
426 3124 607 3199 Apostolos,
639 3143 675 3182 an
699 3127 789 3184 etiam
814 3126 842 3184 in
866 3142 970 3183 omnes
992 3122 1142 3187 Fideles
1134 3142 1163 3183 m

200 3204 370 3265 Coenacula
387 3210 581 3280 congregatos
596 3206 709 3267 effusus
726 3209 765 3266 sit
778 3206 908 3283 Spiritus
924 3206 1064 3267 Sanctus,
1083 3205 1162 3266 Beza

200 3284 319 3361 juratus
342 3284 456 3345 Caluini
480 3287 615 3363 gregalis
633 3289 658 3344 id
683 3290 782 3366 inepte
808 3288 962 3364 restringit
977 3288 1021 3347 ad
1031 3287 1164 3347 solosA·

201 3369 346 3444 postolos.
362 3365 510 3426 Eumdem
527 3367 664 3428 confutat
678 3372 767 3429 etiam
788 3370 1012 3429 haereticarum
1031 3369 1162 3444 partium

159 3498 164 3505 .
201 3450 331 3525 scriptor
352 3447 479 3508 loannes
506 3446 741 3527 Cbristopborus
757 3449 998 3527 Starembergius
1015 3450 1164 3510 Disserta-

200 3529 280 3588 tione
303 3529 347 3588 De
376 3530 525 3590 miraculo
551 3528 749 3593 Pentecostali
775 3550 857 3593 num.
875 3530 905 3590 9.
925 3530 964 3595 Et
986 3551 1017 3592 ro
1039 3532 1162 3609 quidem
