2517 4059
566 205 793 278 sufflame-
866 232 869 237 ·

199 333 246 392 vel
271 338 303 393 ut
324 332 453 410 explicat
473 332 643 395 Germanus
671 336 698 393 in
725 332 854 394 Tbeoria
876 332 988 391 Rerum
1010 327 1162 391 Ecclesia·

202 416 370 483 sticarum,
395 415 482 475 dictis
504 417 605 477 verbis
629 417 787 482 indicatur,
810 416 890 491 quod
914 412 1073 490 legendum
1097 416 1157 478 est,

202 514 266 557 esse
295 514 465 555 sermonem
489 497 570 567 Dei,
602 500 692 575 idque
720 499 875 557 credentes
897 496 1029 554 clamare
1053 491 1162 555 Gloria

200 578 254 638 tibi
269 578 407 645 Domine.
430 577 508 637 Tum
530 579 642 659 junctis
664 580 813 645 manibus,
830 579 893 637 sive
914 575 1070 654 privatim,
1094 574 1162 635 sive

200 660 375 719 solemniter
398 660 542 727 celebret,
569 660 767 739 Evangellum
790 660 872 737 legit.
896 657 930 717 ln
954 655 1061 735 majori
1085 655 1162 715 beb-

200 741 337 809 nomana,
362 750 433 802 cum
456 743 563 819 legitur
578 740 713 803 Historia
729 741 875 802 Passionis
889 739 1013 809 Christi,
1037 738 1162 797 lectioni

200 824 425 900 praemittitur:
451 820 555 884 Passio
578 825 702 884 Domini
721 824 817 885 nostri
838 831 893 882 ete.
922 828 954 881 el
975 821 1162 880 omittantur

200 905 412 972 tamniticam,
437 914 488 965 aut
501 906 663 983 Sequentia
684 912 743 966 etc.
768 922 858 981 quam
882 903 1066 981 praedictum
1083 898 1161 961 Cru-

200 987 242 1045 cis
265 988 394 1063 singum.
412 985 505 1045 Lecto
528 986 691 1067 Evangelio
712 989 742 1045 in
758 986 850 1045 Missa
873 987 987 1059 privata
1011 1002 1028 1042 a
1050 982 1163 1043 Sacer·

200 1068 280 1138 dole,
299 1068 438 1129 Minister
455 1071 631 1146 respondet:
650 1067 729 1128 Laus
743 1069 798 1127 tibi
815 1067 949 1129 Christe:
972 1083 1048 1142 quae
1063 1065 1161 1125 rerba

199 1152 381 1209 omittuntur
404 1146 492 1211 Feria
516 1151 557 1210 Vl
584 1153 612 1210 in
635 1150 828 1219 Parasceve,
856 1167 909 1208 nos
931 1147 1056 1208 dicendo
1082 1147 1162 1207 haec

199 1232 303 1302 verba,
330 1230 487 1292 laudamus
508 1230 673 1293 Christum
917 1256 920 1259 ⁴

239 1311 295 1371 lll.
321 1313 410 1371 Lecto
434 1311 597 1393 Evangelio
619 1314 724 1373 fideles
746 1313 817 1372 olim
840 1312 949 1371 dixisse
972 1308 1077 1374 Amen,
1103 1308 1163 1369 Be·

200 1394 263 1456 letb
287 1395 315 1454 in
341 1393 551 1470 Eacplicatione
573 1395 755 1457 Divinarum
781 1393 953 1477 officiorum
974 1391 1047 1468 Cap.
1066 1390 1106 1451 39
1129 1398 1161 1452 et

199 1476 360 1537 Durandus
383 1475 448 1536 Lib.
474 1477 516 1536 IV
540 1478 613 1555 Cap.
631 1477 673 1537 aa
694 1485 784 1537 testes
806 1481 885 1540 sunt.
910 1474 989 1550 quud
1012 1472 1105 1533 etiam
1129 1474 1159 1532 in

199 1558 292 1621 Missa
314 1558 533 1630 Mazaraburn,
558 1567 589 1621 ct
611 1561 639 1618 in
662 1558 778 1637 Regula
800 1557 830 1617 S.
855 1556 1007 1616 Benedicti
1029 1552 1104 1630 Cap.
1130 1553 1159 1614 ll

198 1642 425 1718 praescribitur.
449 1642 568 1701 Alcnsis
591 1643 663 1701 item
686 1642 705 1701 ln
733 1638 768 1698 Ρ.
793 1640 933 1701 Summae
955 1638 989 1696 in
1012 1633 1159 1697 Tractaln

200 1720 234 1781 de
262 1721 372 1806 Officiis
394 1726 511 1791 Missae,
532 1725 692 1801 perlecto,
716 1724 838 1799 inquit,
865 1720 1027 1797 Evangelia
1050 1718 1159 1779 dicunt

198 1807 365 1865 assistentes
387 1806 499 1874 Amen,
525 1808 612 1884 quasi
635 1805 760 1865 dicant:
784 1801 891 1877 Faciat
913 1820 965 1861 nos
986 1799 1067 1860 Dens
1085 1819 1160 1880 per·
1256 1857 1257 1874 ¹

198 1904 335 1949 severare
364 1886 397 1943 in
421 1886 557 1947 doctrina
580 1884 750 1965 Evangelii.
777 1886 836 1944 Alii
851 1884 977 1944 dicunt:
1000 1883 1063 1941 Deo
1086 1900 1158 1961 pru·
1256 1879 1257 1908 ³

198 1968 265 2037 tias,
289 1972 322 2029 in
344 1968 517 2047 pretiorum
540 1972 684 2029 actionem
701 1988 757 2047 pro
771 1966 908 2045 beneficio
930 1972 1031 2024 tantae
1047 1963 1160 2026 doctri·

197 2068 273 2118 nae,
305 2060 331 2109 ct
353 2060 412 2110 tant
436 2052 591 2111 salutaris.
619 2050 709 2111 Addit
731 2049 876 2109 Alcuinus
901 2066 941 2107 ex
961 2045 1075 2106 Ordine
1098 2048 1156 2107 Ro·

198 2149 287 2192 mano
310 2132 452 2209 populum
476 2152 507 2192 se
522 2136 605 2210 signo
621 2132 727 2195 Crucis
749 2131 866 2190 munire
889 2136 961 2190 tunc
983 2130 1160 2189 consuevis-

199 2232 254 2280 se,
278 2217 312 2273 ut
334 2214 412 2291 quod
442 2233 479 2275 ex
502 2215 609 2273 divinis
632 2214 757 2290 eloquiis
784 2212 822 2272 ad
845 2212 974 2271 salutem
998 2213 1157 2289 percepit,

198 2296 347 2373 signatum
364 2295 459 2371 sigillo
472 2294 587 2365 Crucis,
606 2302 698 2371 atque
713 2296 861 2356 munitum
877 2296 1066 2370 permaneat.
1081 2294 1157 2354 Tau·

198 2379 266 2439 dem
290 2378 386 2452 ipsum
405 2374 600 2456 Evangelium
618 2376 779 2439 Celebrans
801 2376 963 2445 osculatur,
988 2378 1066 2451 quod
1083 2377 1156 2437 olim

198 2461 340 2521 universo
362 2457 477 2531 Claro,
507 2460 650 2537 omnique
675 2460 786 2535 populo
812 2457 848 2517 ad
874 2458 1073 2519 osculandum
1100 2461 1156 2520 cir-

199 2541 367 2611 cumferri,
393 2548 423 2603 et
445 2542 557 2621 porrigi
586 2541 814 2604 aSabdiacono
841 2542 954 2601 solebat
983 2543 1011 2599 in
1034 2543 1167 2618 signum

197 2626 411 2692 venerationis,
436 2633 467 2688 et
488 2626 709 2687 communionis
731 2644 801 2685 cum
825 2623 954 2684 Domino
975 2622 1045 2685 lesu
1067 2623 1156 2686 Chri·

199 2715 245 2771 sto
263 2754 270 2781 ,
290 2715 326 2769 ct
347 2709 482 2769 doctrina
504 2706 591 2785 ejus,
623 2714 657 2768 ut
678 2708 764 2768 lonas
788 2706 1013 2776 Aurelianensis
1034 2709 1155 2785 egregie

198 2791 286 2853 ducet
308 2792 336 2849 in
355 2788 573 2852 praelationem
598 2790 680 2849 Libri
695 2788 724 2848 ll
747 2788 782 2847 de
800 2788 891 2851 Culta
908 2789 1081 2867 imaginum
1104 2789 1158 2849 ad-

197 2891 296 2935 versus
322 2872 487 2935 Claudiam
514 2870 751 2933 Taurinenscm:
773 2870 908 2940 Sacrae,
931 2872 1048 2946 inquit,
1073 2869 1157 2934 Reli-

198 2957 293 3035 pionis
314 2972 386 3015 usas
410 2958 444 3015 in
470 2968 573 3015 sancta
597 2951 730 3013 Ecclesia
751 2950 849 3011 adbuc
870 2963 1011 3013 seruatur·
1024 2995 1032 3024 ,
1063 2955 1090 3012 si
1114 2964 1158 3015 la·

197 3058 265 3098 men
287 3036 368 3117 apud
391 3044 430 3104 te,
446 3045 482 3097 ut
499 3038 631 3115 perlecta
654 3035 686 3096 S.
701 3032 858 3112 herennii
879 3036 1010 3102 lectione,
1033 3036 1069 3093 ab
1086 3032 1160 3113 Epi-

199 3138 285 3198 scopo
305 3120 349 3179 oel
373 3116 565 3197 Presbytero,
591 3117 775 3194 caeterisque
796 3118 879 3177 sacri
900 3116 1014 3176 ordinis
1036 3117 1160 3195 religia·

198 3206 237 3263 sis
260 3200 372 3268 codem,
397 3200 429 3259 in
452 3218 510 3279 qao
534 3198 694 3277 Evangelii
716 3198 801 3257 lectio
822 3198 950 3259 recitata
973 3206 1032 3266 est,
1056 3200 1159 3258 malti-

200 3285 279 3344 or'bas
302 3283 409 3341 osculis
429 3290 597 3341 aen-eretur.
616 3280 675 3342 sea
696 3281 750 3339 bec
772 3284 857 3361 cnjus
872 3300 971 3346 causa,
994 3279 1055 3339 nisi
1075 3280 1158 3340 illias

203 3368 290 3445 cujas
314 3382 370 3423 esse
391 3364 479 3423 aerbo
503 3362 683 3428 credantur,
707 3360 846 3439 agimus‘.l
868 3362 901 3421 ln
924 3359 1014 3421 Missa
1029 3361 1154 3422 Tilliana

201 3446 345 3506 Sacerdos
377 3446 516 3506 osculans
542 3443 776 3521 Evangeliorum
798 3444 949 3508 librum,
979 3444 1074 3503 dicit:
1100 3442 1157 3503 Per

201 3530 271 3587 istos
294 3544 442 3586 sermones
465 3527 569 3587 Sancti
594 3524 748 3603 Evangelii
770 3526 827 3607 filii
848 3528 893 3585 lui
915 3523 1041 3584 Domini
1060 3528 1155 3585 nostri
1186 3555 1190 3565 f

201 3604 269 3668 lesa
294 3606 411 3670 Cbristi
438 3608 590 3687 indulgeat
612 3605 760 3689 Dominus
790 3616 913 3688 peccata
940 3618 1051 3668 nestra.
1077 3607 1157 3667 Deli·
