2517 4059
470 253 697 323 mittito

103 377 211 437 tionis.
234 375 280 438 lix
302 378 517 441 Wandelherti
538 376 778 461 Martyrologio‚
801 382 838 442 de
861 383 966 443 eadem
989 384 1067 445 sole>

103 459 233 521 multato
246 461 348 536 agitur
362 460 410 520 his
426 463 585 522 versibus:

190 582 292 645 Irlihue
306 588 418 647 ociosos
433 596 555 648 mortem
568 590 693 667 passuri
709 606 886 667 crucemque

192 667 306 730 Christi
319 681 422 729 renero
439 688 511 729 coro
527 671 694 729 aetheream
710 668 791 729 dedit
807 681 877 729 unte
891 669 1031 751 fiqurom.

101 772 215 837 Petrus
235 778 426 840 Venerabilis
459 782 488 840 io
517 781 643 842 Slalutis
672 783 710 844 de
738 778 827 841 Festo
855 779 1063 857 Transfigura-

103 857 196 917 tioois
217 861 350 935 loquitur
366 869 517 938 tamquam
540 864 578 923 de
600 862 691 925 Festo
722 864 866 939 antiquo,
893 867 924 921 el
952 864 1062 939 passim

99 956 176 999 oum
199 959 318 1002 summa
340 943 529 1005 solemnitate
551 945 715 1015 celebrato.
738 943 893 1003 Postremo
916 943 1061 1013 dicimus,

99 1018 266 1083 callixtum
289 1026 326 1084 ad
348 1026 479 1085 divinam
500 1044 590 1103 opem
605 1028 752 1087 aduersus
766 1025 879 1085 Turcas
901 1026 1061 1100 imploran-

98 1103 201 1169 dam,
227 1106 279 1179 qui
305 1105 492 1167 Christianos
517 1109 710 1174 divexahaut
725 1108 909 1183 peculiarem
932 1103 1063 1167 Transli-

100 1188 273 1260 gurationis
294 1184 500 1249 Festiuitatem
522 1190 571 1249 die
592 1194 675 1249 sexta
703 1188 830 1268 Augusti
863 1190 891 1247 in
921 1188 1062 1249 universa

96 1264 260 1327 Catholioa
282 1269 418 1329 Ecclesia
440 1271 609 1341 celebrari,
630 1270 830 1347 Ollioiumque
853 1270 973 1333 recitari
996 1268 1063 1347 jus·

98 1346 194 1415 sisse,
219 1351 261 1408 uti
288 1368 328 1410 ex
348 1349 465 1413 Callisti
488 1352 576 1413 Bulla
597 1354 785 1430 perspicuum
809 1356 865 1412 est.
889 1349 1061 1429 Transfigu-

98 1430 227 1487 mtionis
250 1449 341 1507 porro
362 1430 542 1493 Solemnitas
563 1452 621 1493 non
643 1436 741 1494 solum
764 1433 844 1509 apud
867 1432 988 1493 Latinos
1011 1450 1060 1493 ee·

98 1508 198 1571 lehrie
217 1513 341 1581 extitit,
371 1514 422 1573 sed
445 1514 535 1575 etiam
564 1515 643 1591 apud
666 1512 819 1583 Graecos,
848 1520 952 1591 utpote
974 1513 1061 1593 cujus

97 1593 287 1653 mentionem
311 1594 424 1677 iaciunt
444 1614 552 1657 eorum
569 1596 772 1674 Menologium
792 1596 921 1663 haedis,
939 1601 970 1656 et
983 1594 1061 1659 Coo·

97 1674 218 1732 stitutio
240 1672 450 1736 Emmanuelis
472 1676 683 1756 Imperatoris,
708 1696 784 1755 quae
806 1676 956 1753 repleritur
979 1676 1059 1751 apud

94 1752 298 1897 {hoedorum
321 1756 529 1819 Balsamouem
556 1761 585 1821 in
606 1756 819 1821 Nomoeauoue
840 1758 938 1818 Pholii
963 1756 1060 1816 Titi

122 1854 178 1911 ap.
206 1838 236 1899 1.

143 1916 185 1977 ll.
209 1918 253 1980 Do
275 1918 344 1981 lesu
366 1918 480 1981 Christi
501 1920 779 1999 Transfiguratione
794 1922 959 1998 loquuntur
981 1918 1058 1979 Mat·

95 1999 213 2059 thaeus
233 1999 308 2076 Cap.
331 2000 434 2071 XVll,
457 2002 580 2065 Marcus
601 2002 676 2082 Cap.
695 2004 750 2073 tx,
767 2008 798 2065 ol
812 2004 910 2063 Lucas
926 2000 999 2078 Cap.
1016 2000 1061 2060 iti·

94 2082 174 2141 dem
194 2081 252 2141 lx.
270 2081 350 2155 Quid
365 2084 604 2163 Transfiguratie
619 2084 724 2156 inerit,
741 2084 871 2162 explieat
885 2083 1060 2145 Matthaeus

91 2160 177 2239 Cap.
200 2162 296 2223 xvh.
313 2184 344 2225 v.
367 2164 409 2225 2:
438 2162 682 2246 Tronafiqorulua
705 2176 745 2227 est
771 2178 840 2227 onte
863 2184 934 2253 gos:
963 2174 990 2225 et
1013 2180 1059 2225 rc·

92 2244 252 2323 splenduit
282 2246 373 2323 socies
395 2252 457 2330 ejus
478 2250 555 2309 siout
582 2250 646 2315 sol,
679 2251 851 2309 uestimento
872 2255 973 2306 colem
996 2248 1060 2326 ejus

93 2326 186 2403 facto
211 2336 281 2387 aunt
307 2329 376 2389 olho
397 2333 472 2389 sicut
494 2332 562 2390 nic.
586 2329 709 2390 Marcus
730 2328 803 2407 Cap.
828 2328 895 2389 lX:
929 2324 1057 2405 Transfi-

94 2417 231 2485 qurotur
252 2420 294 2469 eat
316 2428 420 2473 corum
441 2412 534 2487 ipsis:
557 2422 583 2471 et
603 2414 778 2471 uestimento
801 2414 864 2491 ejus
886 2409 969 2487 foeta
991 2415 1060 2468 aaut

92 2486 310 2566 splendentia,
340 2501 369 2550 et
390 2491 525 2553 cecoton
546 2494 637 2552 nimis
656 2494 735 2554 uelut
757 2492 833 2561 nie,
857 2490 962 2568 quello
981 2489 1058 2568 fullo

95 2586 165 2629 aaa
182 2579 275 2645 potest
297 2590 387 2650 super
409 2583 522 2634 terrem
543 2572 677 2633 candido
701 2574 814 2651 facere.
838 2572 972 2646 lienique
997 2569 1071 2633 Lu·.

95 2656 154 2709 aas
173 2647 245 2745 Cap.
269 2652 317 2713 {X
338 2671 368 2713 v.
392 2634 455 2715 ee:
480 2652 519 2715 m
542 2655 629 2732 {octo
657 2664 722 2725 eat,
752 2654 823 2713 dnm
846 2662 946 2714 oraret
964 2669 1060 2731 ‚epe-

94 2732 162 2793 oa'ea
182 2736 279 2793 ocellus
293 2737 358 2815 ejus
372 2737 482 2806 altero,
500 2746 528 2797 ct
542 2738 662 2796 vestitus
677 2739 741 2816 ejus
757 2736 841 2794 olhus
855 2745 881 2793 cl
896 2733 1057 2811 refulqeas.

94 2811 219 2885 Quibus
240 2812 499 2892 Evangelistarum
521 2817 623 2876 verbis
647 2816 851 2892 intelligimus,
875 2816 905 2873 in
927 2813 1059 2874 Transfi-

99 2896 260 2970 guratione
272 2897 393 2959 Christo
409 2900 483 2962 nihil
499 2916 536 2959 ex
552 2897 640 2958 laoiei
656 2896 844 2957 lineamentis
865 2897 1058 2959 immutatum

96 2993 179 3046 esse,
195 2978 248 3039 sed
260 2978 368 3041 taciem
385 2990 538 3057 tamquam
555 2978 650 3041 solem
665 2994 852 3039 coruscasse.
866 2975 1057 3050 Quamquam

97 3062 204 3118 autem
227 3059 264 3119 de
286 3061 380 3122 solius
402 3062 489 3123 iaeiei
514 3066 544 3121 et
566 3062 696 3122 restium
719 3058 877 3135 splendore
894 3058 1058 3133 loquuntur

97 3136 331 3216 evangelistae,
362 3151 555 3205 tamencum
579 3141 823 3220 transfiguratum
847 3156 912 3203 esse
935 3140 1056 3212 dicant,

95 3222 263 3283 exstimare
286 3224 365 3294 lieet,
380 3225 528 3304 ejusmodi
550 3225 709 3301 splendore
733 3242 789 3283 non
807 3220 912 3283 faciem
930 3228 1056 3291 tantum,

6 3358 11 3367 .
94 3304 150 3363 sed
175 3310 270 3365 totum
296 3322 407 3381 corpus
424 3324 609 3373 coruscasse,
627 3323 787 3381 sacrosque
804 3304 971 3381 Scriptores
987 3321 1056 3367 eum

98 3380 209 3447 faeiem
234 3396 414 3455 memorant,
438 3406 548 3464 corpus
568 3406 659 3448 omne
681 3385 846 3464 significare
862 3387 1004 3452 voluisse.
1022 3390 1058 3449 ut

96 3468 188 3529 docet
209 3465 418 3548 Hieronymus
439 3467 572 3544 Epistola
595 3468 666 3529 XCI
687 3470 831 3531 adversus
855 3466 1057 3528 loannisllie·

98 3551 312 3629 rosolymitaui
329 3569 452 3611 errores
474 3548 548 3626 Cap.
566 3546 609 3611 X.
626 3549 865 3628 Transfiguratie
881 3557 981 3611 autem
998 3568 1057 3625 quo

98 3638 187 3709 pacto
210 3634 379 3709 contigerit,
403 3634 466 3693 sive
488 3632 569 3709 qnod
586 3633 666 3691 idem
682 3638 739 3698 est,
757 3632 836 3693 unde
852 3632 993 3709 splendor
1008 3632 1058 3693 ille
