2517 4059
451 217 675 291 quibim-

86 369 165 410 mus.
189 347 267 408 Hinc
289 349 372 428 juxta
395 349 468 411 duos
491 351 605 427 primos
626 348 754 412 Ordines
768 349 931 419 Rouranos,
955 357 1039 412 etex

86 431 242 492 Amaiario
264 431 338 491 haec
356 437 526 492 reservatae
547 432 755 494 Eucharistiae
777 432 921 508 particuia
939 434 968 493 iu
983 432 1039 493 Ca·

85 531 152 592 psa,
177 531 230 574 seu
254 513 334 573 Vasc
356 513 510 575 ferebatur
531 519 600 574 anto
621 512 733 590 Papam
756 515 793 574 ad
809 513 914 574 attare
935 533 1039 591 proce·

87 597 230 662 dentem,
254 597 294 655 ita
316 594 399 654 Ordo
414 595 567 656 Romanus
582 593 596 654 1
618 616 648 654 n.
665 595 697 655 8:
722 595 926 658 subdiaconus
940 606 1041 657 teneus

86 696 210 738 manum
226 692 311 738 suam
322 679 357 736 in
369 695 419 736 ore
435 695 540 757 cotpsao
552 677 681 738 ostendit
691 677 803 740 Sancto
814 676 950 756 Pontifici
961 676 1036 738 Ord.

84 759 115 821 ll
132 777 162 818 u.
182 758 212 818 la.
237 757 285 817 Ad
299 756 402 818 ditare
420 761 555 839 primum
578 757 687 818 adorat
707 760 826 821 Sancta
850 757 1040 820 Mabitiunius

86 843 115 900 in
140 839 253 901 Ordine
275 839 411 900 Romano
435 859 501 919 pag.
527 839 579 900 36:
603 839 768 921 Episcopus
789 840 908 902 veniens
930 841 970 899 od
994 843 1039 902 Ab

85 934 153 983 iuro
175 922 281 982 odorat
299 925 401 1004 primo
423 923 545 984 Sancta.
569 921 675 983 Sancta
699 930 822 994 autem;
846 939 924 997 quae
939 924 1040 983 adora·

86 1007 178 1064 batur
201 999 373 1064 aPontifice
389 1009 456 1064 ante
472 1003 580 1064 Missae
596 1005 767 1072 exordium,
791 1003 896 1065 eadem
911 1012 958 1065 eat
972 1022 1041 1079 par·

86 1086 192 1151 ticula,
217 1103 307 1163 quam
324 1085 353 1144 in
369 1084 467 1146 Caiicc
490 1087 619 1161 ponebat
640 1087 677 1146 ad
691 1088 796 1146 verba:
821 1085 886 1144 Pon
901 1084 1038 1146 Domini.

87 1169 267 1230 Mittebatur
289 1172 389 1228 autem
407 1167 435 1226 in
451 1165 580 1228 Calicem
598 1168 743 1245 particula
759 1175 920 1230 reseruata.
941 1166 1040 1227 Primo

87 1253 117 1310 in
141 1252 260 1328 siguum
284 1249 509 1310 communionis
531 1266 599 1309 cum
623 1252 679 1320 iis,
706 1253 756 1325 qui
779 1251 859 1310 itiam
883 1252 1037 1310 miserant.

88 1333 251 1402 Seaumo,
275 1339 308 1391 ut
330 1331 537 1409 praecedentis
559 1332 617 1392 diei
641 1334 824 1392 consecratio
848 1350 915 1391 cum
939 1349 1042 1392 couse-

88 1416 223 1476 cratione
241 1415 404 1488 praesentis
421 1413 565 1485 uniretur,
589 1414 692 1490 sicque
708 1415 816 1478 unitas,
841 1423 870 1474 et
887 1416 1041 1473 continua·

88 1496 130 1557 tio
153 1493 298 1556 Sacrificii
318 1495 536 1561 ostenderetur,
561 1512 594 1555 ac
612 1502 771 1573 propterca
794 1496 822 1554 id
837 1494 902 1554 fieri
918 1513 1041 1555 consue·

87 1580 168 1639 visse
189 1579 331 1637 observat
352 1575 543 1638 Mabiiionius
565 1595 602 1637 ex
626 1578 756 1638 secundo
776 1574 888 1638 Ordine
904 1576 1040 1638 Romano

87 1661 179 1722 Num.
200 1659 239 1719 ta
254 1663 283 1719 et
299 1657 349 1718 13:
378 1655 414 1717 Ut
428 1659 480 1719 boc
495 1662 559 1720 ritu
574 1659 724 1800 Sooussot
737 1661 847 1728 unitos,
866 1668 954 1738 otqno
968 1658 1040 1719 nnio

87 1742 241 1824 Pontifiois
263 1760 329 1802 orem
351 1739 578 1810 Sacerdotibus,
607 1751 633 1801 ot
681 1741 795 1821 piscopi
816 1760 881 1800 cum
905 1739 1042 1820 Pontifices

8 1847 9 1852 ¹
89 1824 361 1885 commendaretur.
387 1819 487 1882 Potior
508 1826 621 1889 autem,
645 1841 681 1882 ac
697 1825 822 1901 mystica
837 1825 914 1883 ratio
931 1823 1042 1882 immit-

89 1909 172 1968 tendi
195 1903 416 1967 Euctaaristiam
433 1905 463 1962 in
478 1903 657 1981 Sanguinem
674 1923 708 1966 ea
726 1912 783 1976 est,
808 1908 844 1964 ut
857 1905 1039 1982 designetur,

89 2007 200 2067 nempe
222 1990 364 2047 renovata
387 1986 456 2046 unio
470 1984 621 2062 Corporis,
647 1991 677 2045 et
692 1987 848 2064 Sanguinis
869 1985 990 2051 Christi,
1015 1991 1043 2045 ei

86 2072 198 2150 jusque
211 2070 338 2146 gloriosa
350 2064 625 2128 resurrectio.}linc
638 2066 829 2129 lnu’occutius
840 2067 882 2127 ill
894 2069 945 2128 ait:
959 2067 1042 2129 cona

88 2154 201 2215 mantio
218 2153 309 2228 ponis
325 2161 352 2210 et
367 2150 432 2210 uini
447 2150 582 2228 designat
597 2151 735 2210 unionem
751 2151 852 2227 cornis
868 2159 894 2209 ot
908 2149 1044 2220 Animae,

90 2251 168 2316 quae
189 2235 223 2292 in
238 2229 467 2292 Resurrectione
487 2230 600 2294 Christi
620 2231 715 2292 denuo
736 2241 805 2292 sunt
825 2232 939 2292 unitae.
963 2229 1046 2304 Quid

88 2335 202 2393 nempe
225 2311 461 2374 Consecrationis
483 2314 603 2373 nomine
624 2315 663 2374 sit
678 2317 708 2373 in
723 2315 780 2374 hac
794 2314 937 2375 Oratione
959 2314 1046 2373 intei-

92 2399 258 2476 iigcndum.
283 2394 513 2472 Respondctur,
538 2397 617 2472 quod
641 2395 831 2457 Consecratio
852 2394 993 2472 Corporis
1014 2399 1045 2456 et

90 2479 250 2558 Sanguinis
278 2477 356 2536 nihii
373 2476 463 2537 aliud
477 2484 703 2554 sonat,‘quam
726 2479 843 2554 Corpus
864 2479 984 2556 ipsum,
1014 2483 1045 2537 et

93 2561 277 2640 Sanguinem
300 2564 531 2626 consecratum,
561 2559 592 2620 S.
616 2558 794 2620 Laurentius
816 2558 931 2636 Martpr
953 2557 988 2617 ad
1012 2557 1045 2619 S.

93 2645 206 2722 Papam
229 2639 361 2722 Xystum
390 2659 428 2701 ex
450 2640 611 2700 Ambrosio
634 2639 725 2701 Libro
746 2640 760 2701 1
782 2639 818 2698 de
844 2637 951 2723 Officiis
972 2637 1045 2718 Cap.

92 2725 146 2786 bi:
170 2723 319 2802 Euporire
342 2723 447 2799 inquit,
471 2731 577 2783 uirum
599 2721 740 2787 idoneum
761 2722 932 2782 ministrum
955 2723 1046 2800 clepe-

92 2811 147 2878 ris,
173 2807 222 2866 oni
238 2804 409 2865 commisisti
422 2802 577 2864 Dominioi
598 2803 762 2881 Sanguinis
783 2803 1043 2870 consecrationem,

93 2890 171 2950 idest
184 2888 367 2966 Sanguinem
382 2891 599 2953 consecratum,
623 2884 711 2964 cujus
726 2887 905 2964 dispensatio
920 2885 950 2942 in
966 2902 1046 2945 com·
1147 2894 1151 2902 “

7 2971 8 2974 ’
93 2968 237 3031 munione
261 2967 362 3047 popuii
379 2969 415 3028 ad
430 2964 595 3028 Diaconum
612 2967 872 3044 pertinebat-uon
893 2967 974 3026 euim
986 2984 1046 3044 pe·

94 3052 186 3114 timus
213 3052 307 3128 inquit
334 3049 497 3112 Cardinaiis
526 3047 726 3110 Beliarmiuus
753 3049 821 3108 Lib.
846 3047 874 3107 ii
895 3048 933 3107 de
954 3047 1047 3108 Missa

95 3132 169 3212 Cap.
189 3134 227 3194 17
242 3139 275 3195 ut
289 3139 361 3194 tunc
382 3131 434 3192 fiat
455 3132 651 3203 consecratio,
675 3131 726 3192 sed
741 3138 775 3193 ut
790 3129 866 3190 haec
881 3135 949 3190 ante
964 3130 1046 3211 iacta

95 3219 134 3278 sit
156 3216 239 3276 nobis
262 3215 298 3275 ad
321 3217 412 3274 vitam
434 3220 587 3276 aeternam
610 3214 762 3275 salutaris.
830 3240 833 3244 ⁸

137 3296 193 3358 ΙΙΙ.
217 3295 298 3357 Olim
321 3303 481 3372 autequam
504 3294 649 3357 Sacerdos
671 3294 806 3360 diceret,
836 3295 901 3352 Pon·
925 3293 1050 3353 uomina

96 3383 135 3441 sit
156 3396 271 3459 sempor
284 3379 440 3446 uobiscum,
466 3377 613 3456 interponi
628 3374 741 3438 solebat
754 3374 932 3443 benedictio,
955 3391 1049 3451 quam

97 3461 267 3538 Scriptores
283 3460 424 3537 Liturgici
441 3455 648 3538 Episcopatem
664 3464 790 3522 vocant,
814 3458 883 3534 quia
898 3456 934 3517 ad
951 3455 1049 3516 sotum

96 3545 279 3622 Episcopum
303 3542 481 3616 pertinebat.
506 3541 616 3602 Extant
638 3537 811 3620 hujusmodi
829 3537 1049 3600 benedictiones

98 3628 127 3686 in
150 3626 275 3687 vetustis
297 3623 395 3686 Libris
416 3623 696 3693 Sacramentum,
720 3630 756 3684 et·
770 3624 798 3682 in
820 3621 955 3682 Romano
971 3618 1048 3681 Pon·
