2517 4059
540 160 748 235 *3¹*st

111 270 115 277 ’
167 288 293 368 Legitur
310 287 420 355 Passio.
440 294 568 366 quatuor
582 288 860 371 Evangelistarnm
882 286 967 365 juxta
990 289 1128 349 ordinem

167 372 322 448 temporis,
338 390 398 447 quo
414 389 481 431 eam
498 374 703 451 seripserunts
721 370 922 447 incipiturque
939 369 1036 444 pers.
1050 370 1131 431 Mat·

167 454 314 517 thaeumr
338 459 370 513 et
392 450 587 515 terminatur'
605 472 660 531 per
683 454 714 515 S.
739 452 895 513 loannem.
927 451 1064 532 Martene
1098 453 1130 511 in

166 534 257 594 Libro
280 533 323 594 lll
347 533 381 594 de
393 538 528 613 'antiquis
553 534 773 597 Menaenorum
799 532 917 594 Ritibus
942 534 1132 594 demonstrat

165 616 337 677 Passionem
360 618 431 677 olim
456 619 580 694 privatis
603 620 631 677 in
656 617 756 679 Missis
778 634 834 674 non
859 618 1011 676 recitatam
1028 615 1132 696 tuisse

166 697 374 766 aMonaclris,
398 700 448 757 sed
471 698 538 777 ejus
561 698 625 759 loeo
648 699 846 775 Evangelium
870 695 907 755 de
923 696 992 762 lesu
1015 698 1128 759 Christi

166 782 195 839 in
219 782 372 840 civitatem
397 780 544 855 ingressu.
574 780 623 859 ¹In
647 780 761 842 Missali
783 777 913 837 Gothico
937 798 994 839 non
1017 780 1131 839 dicitur

165 862 256 922 hodie
278 860 397 927 Passio,
423 880 519 938 neque
543 858 618 923 seria
643 864 748 926 tertia,
772 878 870 935 neque
892 869 998 936 quarta
1022 861 1133 924 subsc-

165 945 282 1022 quenti,
307 944 358 1003 sed
381 949 497 1003 tantum
522 942 595 1003 leria
618 946 733 1021 quinta.
758 942 803 1001 hd
819 946 914 1000 totam
936 942 1060 1002 Missam
1083 947 1130 1003 te·

166 1026 315 1086 nebantur
339 1024 426 1083 Rami
452 1026 480 1083 in
508 1021 621 1085 Ordine
648 1024 814 1099 Romanor
847 1023 995 1101 unicaque
1017 1024 1131 1085 dieitur

164 1106 269 1167 Oratio
288 1128 296 1173 ,
327 1125 405 1182 quae
434 1124 451 1165 a
474 1106 581 1167 Sancto
604 1107 766 1167 Ambrosio
798 1111 921 1179 accepta
943 1097 999 1165 esi.
1022 1103 1130 1176 Notae

165 1187 234 1248 illae
251 1188 318 1255 iC.
337 1188 368 1247 S.
387 1207 442 1247 nou
466 1190 535 1249 surii
548 1188 702 1265 antiquae,
727 1191 883 1246 auctorem
905 1188 1130 1262 habentincer·

166 1275 243 1333 tum,
261 1274 291 1329 et
307 1274 391 1345 putat
406 1268 570 1336 Garamas,
588 1288 639 1329 eas
662 1267 832 1347 significare
850 1269 1016 1339 Christum,
1031 1270 1130 1332 Chro-

166 1352 289 1421 tristam,
313 1350 515 1429 Synapopam,
540 1352 589 1409 alii
617 1351 783 1416 Christum,
811 1347 980 1419 Cantorem,
1004 1352 1131 1413 Succen-

167 1441 273 1499 torem‚
300 1450 367 1491 nam
392 1431 513 1495 Diaconi
537 1432 677 1493 dicuntur
702 1431 791 1491 hodie
813 1430 958 1493 Cantores
980 1432 1129 1494 Passionis

166 1515 196 1573 in
219 1512 448 1582 Caeremouiali.
475 1515 542 1573 Vox
563 1522 665 1574 autem
690 1512 879 1582 succentor,
904 1534 961 1575 non
984 1515 1029 1575 est
1052 1532 1130 1575 nova

165 1603 217 1657 aut
240 1613 343 1655 recens
365 1597 394 1655 in
418 1593 553 1657 Ecclesia
578 1593 696 1667 Latina,
722 1613 790 1654 nam
814 1594 951 1655 laudatus
972 1595 1129 1665 (laventus

164 1679 248 1739 illam
272 1678 345 1754 legit
374 1679 453 1737 inter
475 1680 645 1754 Dignitales
666 1676 855 1738 Cathedralis
889 1678 1060 1737 Aversanae
1095 1678 1152 1735 in*

165 1761 349 1821 lstrumento
364 1760 515 1820 celebrato
527 1778 595 1820 cum
607 1758 766 1820 Fratribus
777 1757 945 1820 Minoribus
957 1778 1034 1819 anno
1047 1754 1130 1819 rest

164 1844 242 1919 quod
267 1842 397 1909 habetur
420 1843 497 1920 apud
513 1842 633 1911 Lucam
652 1843 838 1919 Wadingum
861 1841 896 1899 r'n
913 1838 1034 1917 Repeslo
1047 1838 1126 1901 Pon·

77 1934 80 1938 '
165 1924 256 2005 tifiee'o
272 1923 312 1983 ad
326 1928 433 1984 calcem
442 1924 604 1984 Annalium
616 1924 770 1983 Minorem
784 1939 866 1981 anno
877 1920 960 1981 1255
970 1922 1060 1983 Bulla
1071 1919 1127 1981 27.

205 2003 259 2065 lV.
285 2005 457 2081 lngressum
480 2017 569 2081 quem
593 2002 733 2074 Christus
762 2004 908 2082 Dominus
938 2003 1128 2081 triumphan-

165 2089 203 2147 tis
221 2105 309 2147 more
325 2084 569 2165 Hierosolymam
588 2086 679 2157 lecit,
694 2087 743 2146 hie
759 2087 891 2146 breviter
907 2088 1127 2146 examinamus.

164 2168 243 2227 Ante
260 2171 349 2228 istum
373 2171 541 2245 praemittit
562 2169 738 2241 Matthaeus
760 2166 831 2243 Cap.
850 2165 1031 2226 xxl.v.1:
1050 2168 1130 2230 Cum

164 2252 452 2329 appropinquassent
474 2248 704 2328 Hierosolymis,
733 2259 759 2309 et
786 2252 931 2310 uenissent
959 2247 1145 2327 Bethplraqe.

164 2331 204 2392 ad
219 2336 347 2392 Mentem
367 2328 485 2400 Oliveti,
502 2342 580 2393 *tune
597 2330 680 2393 lesus
696 2332 776 2391 misit
799 2330 871 2391 daos
892 2327 1063 2408 Discipulos
1080 2328 1129 2389 di-

164 2430 231 2474 eens
247 2416 304 2474 eis:
326 2414 367 2474 ite
382 2413 416 2473 r'n
434 2413 607 2481 Castellum,
633 2413 711 2493 quod
725 2423 833 2474 eontra
848 2429 898 2473 cos
914 2420 964 2481 est,
985 2412 1130 2473 utstatim

162 2496 320 2555 invenietis
343 2499 461 2555 asinam
477 2496 636 2573 ollipatom
649 2506 675 2555 et
687 2497 808 2573 pullum
825 2511 960 2567 cumea:
983 2494 1085 2568 soluite
1100 2501 1132 2552 et

128 2636 129 2639 ,
164 2576 302 2651 adducito
318 2578 401 2637 milri.
428 2576 468 2637 Et
492 2580 601 2657 siquis
619 2579 699 2637 uobis
724 2575 844 2655 aliquid
866 2574 993 2643 dixerit,
1023 2575 1126 2657 dieite,

165 2659 238 2739 quio
253 2657 402 2719 Dominus
427 2660 472 2719 liis
495 2679 566 2739 opus
592 2660 691 2719 babet:
713 2669 740 2719 et
754 2658 907 2735 confestim
926 2656 1055 2717 dimittet
1069 2674 1128 2717 eos.

164 2740 312 2801 Adductis
335 2760 387 2817 per
411 2741 581 2817 Discipulos
601 2740 685 2820 juxta
708 2739 817 2822 Christi
840 2738 1016 2798 mandatum
1044 2739 1129 2798 asina

163 2828 195 2884 et
217 2823 312 2899 pullo,
337 2823 408 2884 dicit
429 2821 630 2899 Evangelisla·
645 2822 755 2892 Matth.
772 2820 845 2898 Cap.
862 2818 943 2880 xxl
958 2840 987 2879 v.
1005 2821 1025 2879 'l
1047 2820 1130 2895 quad

165 2905 371 2984 imposuerant
397 2924 487 2987 super
504 2923 551 2965 eos
571 2907 754 2968 uestimenta.
773 2922 839 2967 suo,
860 2913 890 2977 et
906 2922 982 2972 ‚eum
1004 2901 1130 2977 desuper

164 2986 264 3047 sedere
285 2990 433 3067 fecerunt.
469 2985 508 3048 Et
530 2987 601 3047 hinc
625 2988 724 3067 coepit
756 2983 968 3062 plaudentibus
999 2977 1125 3053 tuth,

147 3068 479 3147 ,quae‘praeeedebant
494 3074 525 3128 et
539 3068 756 3145 sequebantur,
772 3064 963 3142 triumphalis
978 3065 1068 3125 modo
1083 3064 1131 3123 in·
1150 3087 1154 3099 ·

164 3167 287 3227 gressus
302 3144 415 3211 Christi
430 3149 689 3228 Hierosolymam.
715 3149 748 3209 lo
764 3148 821 3209 hoc
844 3146 967 3225 impleta
990 3151 1060 3209 sunl
1075 3163 1131 3207 ra·

166 3232 270 3292 licinia
293 3230 387 3291 lsaiae
421 3230 495 3305 Cap.
521 3230 607 3291 LXll
630 3250 660 3289 v.
686 3230 722 3291 11
746 3237 777 3291 et
799 3228 961 3289 Zachariae
983 3226 1056 3306 Cap.
1079 3226 1128 3289 IX

162 3331 193 3372 v.
217 3314 237 3373 7
261 3311 376 3373 Eoeulta
406 3313 480 3372 satis
510 3313 576 3393 filia
600 3314 698 3375 Sion:
727 3313 827 3395 jubilo
851 3312 916 3391 filia
937 3309 1129 3371 Ierusalem:

163 3393 237 3455 Eece
254 3394 322 3469 Rea
334 3404 402 3456 tuus
417 3397 515 3456 ueniet
529 3397 583 3455 tibi
592 3400 694 3477 justus
707 3406 734 3455 et
745 3394 895 3457 Salvator.
911 3392 1023 3451 Remos
1035 3393 1128 3453 etiam

164 3477 193 3536 in
209 3477 257 3537 ria
271 3474 485 3557 projiciebant,
509 3479 560 3539 sed
583 3497 643 3539 non
673 3482 721 3539 est
741 3475 976 3535 existimandum
998 3474 1127 3535 intanta

163 3560 332 3639 quantitate¹
350 3558 536 3640 projecisse,
562 3566 596 3623 ut
616 3559 798 3638 impedirent
820 3562 1031 3628 transeuntes,
1055 3573 1127 3619 eum
