2517 4059
560 161 784 233 ww&

196 298 276 353 sunt.
301 290 466 353 Cardinalis
489 290 638 350 Batonius
668 291 706 351 ad
738 308 849 351 annum
874 288 955 350 1003
981 292 1153 369 praedictae

194 372 402 434 Mozarabicoe
425 372 578 450 Liturgiao
599 371 763 433 Auctorem
787 370 878 432 inisse
903 376 985 447 putat
1000 372 1151 433 isidorum

193 451 416 530 Hispalensem.
430 454 560 514 loannes
577 455 710 514 Mariana
734 452 798 513 tib.
811 453 855 515 vl
877 453 911 511 da
933 455 1018 513 rebus
1040 453 1154 532 Hispa-

193 536 264 595 niae.
277 536 352 614 Cap.
369 535 389 597 ὅ
405 554 494 597 usum
512 536 609 611 inquit
624 536 799 605 obtinuisse,
815 542 848 596 nt
863 535 977 595 Isidoro
994 538 1067 599 ritus
1084 536 1154 607 Μο-

193 619 347 678 zarabicus
364 618 522 683 tribuatur,
547 618 686 676 nonnulla
710 616 997 678 tamenLeandrnm
1021 618 1152 677 invenis·

194 716 237 762 sc.
261 698 368 759 Plures
390 700 513 777 insuper
538 700 613 757 alios
637 698 845 759 Mozarabicac
867 698 1019 774 Litnrgiae
1043 716 1152 759 manus

193 781 362 841 admovisse
384 782 492 842 asserit
515 778 652 841 Martene
676 777 738 839 tlt.
756 780 775 840 1
795 780 829 839 dc
845 781 978 859 antiquis
1001 778 1155 841 Ecclesiae

192 860 313 922 tillitus
329 860 403 939 Cap.
421 863 441 923 2
456 864 546 922 artic.
565 860 585 919 Ι
603 883 687 924 num.
707 861 757 921 tu.
783 862 899 921 Rursus
927 862 963 921 de
985 860 1153 923 Institutio-

192 962 241 1009 ne,
266 942 405 1013 Ritibus,
430 952 462 1005 et
483 944 586 1003 ordine
609 941 745 1019 ejusdem
769 942 924 1021 Litnrgiae
946 940 1163 1020 Hispanicae,¹

192 1042 246 1086 scu
270 1022 477 1085 Mozanabicae
500 1043 670 1085 sermonem
694 1025 806 1087 habent
829 1024 954 1090 Vascns,
972 1021 1006 1081 iu
1023 1024 1162 1088 Chenai?

191 1126 236 1174 co,·
251 1113 281 1167 et
302 1125 338 1166 ox
355 1106 406 1177 illo
427 1106 592 1174 Pamelius,
614 1103 693 1165 Tom.
708 1106 728 1165 1
745 1106 794 1167 aui
808 1102 982 1183 liturgicon
1001 1104 1152 1167 Ecclesiae

191 1184 317 1247 Latinae
331 1206 341 1256 ;
364 1185 530 1250 Candinalis
546 1186 640 1255 Bona,
666 1188 730 1248 Lib.
756 1187 767 1247 Ι
791 1185 864 1264 Cap.
894 1186 945 1257 113
970 1185 1148 1254 (tranantes,

193 1270 232 1328 les
254 1269 411 1329 audeonus
433 1269 600 1347 liturgico,
625 1287 692 1346 pag.
718 1268 800 1335 30ος
825 1268 865 1328 te
885 1268 995 1337 Brun,
1029 1276 1103 1329 tom.
1127 1267 1152 1327 Ξ).

193 1348 311 1409 dissert.
338 1350 383 1417 5,·
406 1350 619 1417 lilabillonius,
643 1347 707 1409 tto.
732 1350 754 1411 Ι
771 1349 807 1409 dc
821 1348 963 1426 Liturpia
988 1347 1151 1412 Gallicana

193 1429 303 1508 Cap.2
325 1450 354 1491 n.
368 1430 399 1494 9:
416 1437 447 1491 et
468 1432 593 1495 loannes
615 1430 728 1503 Pinius,
753 1433 803 1508 qni
826 1432 1062 1493 eruditissimum
1085 1433 1151 1493 edi-

193 1514 239 1573 dit
259 1511 434 1575 Tractatum
458 1511 879 1591 Historioo-Chronologicum
909 1512 945 1572 de
969 1514 1023 1572 hae
1046 1512 1149 1574 Moza·

193 1595 294 1655 rabica
306 1593 452 1671 Litnrgia‚
478 1613 609 1671 comque
621 1596 756 1656 adtexuit
771 1596 806 1652 ad
824 1602 939 1655 tornum
955 1594 998 1655 vt
1010 1595 1147 1655 Bolland.

235 1674 273 1735 11.
296 1674 442 1747 Quamvis
466 1684 567 1737 autem
591 1677 665 1736 haec
687 1677 820 1754 Liturgia
842 1694 858 1733 a
883 1676 955 1734 viris
976 1677 1094 1746 sanctis,
1118 1682 1151 1739 et

192 1756 376 1820 Ortltodoxis
400 1760 564 1834 composita
587 1757 689 1826 luerit,
705 1757 852 1833 Hispania
869 1764 967 1817 tamen
989 1757 1025 1815 ab
1041 1757 1150 1819 infide-

192 1839 271 1899 libus
290 1840 459 1907 ,devastata
484 1840 524 1899 ita
540 1841 695 1900 erroribus
718 1840 830 1899 relenta
845 1845 901 1905 est,
927 1844 960 1897 ut
983 1836 1146 1917 Elipandus

191 1920 353 1981 Toletanus
376 1921 541 1998 Episcopus
557 1939 593 1981 ex
611 1922 681 1997 ipsis
695 1920 800 1979 ciliciis
815 1921 986 1999 depravatis
1002 1921 1087 1996 plura
1102 1938 1150 1981 ac·

192 2004 306 2077 ceperit
329 2002 500 2061 testimonia
523 2003 558 2061 ad
579 2020 668 2069 ¹snam
693 2002 841 2063 haeresim
859 2001 1073 2071 astruendam,
1101 2004 1151 2063 uti

193 2090 309 2143 constat
331 2101 368 2142 ex
391 2082 500 2143 Albino
522 2082 628 2144 Flacco
653 2084 729 2143 libro
751 2084 897 2144 adversus
920 2082 1061 2143 cumdem
1085 2084 1149 2145 Eii-

192 2164 338 2242 pandnm.
354 2163 412 2225 Diu
434 2166 527 2241 viguit
548 2165 598 2225 hio
623 2166 699 2225 ritus
721 2167 750 2223 in
773 2161 938 2241 Hispania,
964 2165 1058 2224 donec
1082 2165 1151 2226 nte-

191 2246 296 2305 xandri
315 2244 412 2319 Papae
428 2247 606 2306 anctoritate
624 2246 768 2324 paulatim
785 2246 923 2321 abrogari
939 2248 1048 2325 coepit,
1066 2246 1149 2326 ejus-

192 2344 251 2404 que
274 2326 339 2385 ioco
361 2326 529 2388 Romanum
546 2328 697 2388 substitui.
722 2329 809 2388 Anno
833 2344 905 2386 vcro
928 2328 1085 2387 millesimo
1101 2347 1149 2390 se-

190 2409 344 2481 xagesimo
369 2410 467 2479 terlio,
492 2427 552 2486 qtro
574 2410 724 2478 Bernices,
747 2428 800 2471 seu
823 2407 996 2469 Ranimirns
1017 2410 1046 2470 in
1070 2410 1149 2471 Ara·

191 2491 277 2568 gonia
303 2490 455 2567 regnabat,
479 2498 657 2566 congregata
673 2497 719 2552 est
739 2491 844 2551 laccae
868 2491 896 2548 in
913 2490 1017 2550 eodem
1043 2489 1147 2569 Regno

191 2572 339 2650 synodus,
364 2573 392 2631 in
415 2590 473 2649 qna
490 2573 631 2649 abrogata
657 2573 789 2651 Litnrgia
805 2572 1003 2638 Mozarabioa,
1028 2579 1058 2633 et
1080 2573 1147 2634 loco

117 2700 122 2709 .
191 2654 272 2714 illius
295 2652 428 2713 Romana
451 2655 590 2723 admissa,
614 2659 648 2713 ut
669 2656 799 2715 ostendit
814 2652 962 2713 Antonius
984 2652 1094 2732 Pagius
1117 2658 1146 2716 in

191 2735 253 2797 suis
274 2735 484 2795 eruditissimis
506 2735 756 2796 Adnotationibus
778 2735 954 2794 Barnnianis
976 2736 1012 2793 ad
1035 2755 1148 2798 annum

192 2813 272 2877 1060
295 2835 324 2876 n.
341 2815 373 2875 2.
390 2814 517 2877 Sanctus
539 2817 706 2893 Gregorius
723 2817 780 2879 vu
802 2816 908 2877 codem
932 2834 1021 2889 anno,
1039 2838 1100 2895 quo
1117 2823 1148 2881 in

190 2895 336 2959 Catlrcdra
361 2897 571 2974 Apostolorum
589 2896 734 2977 Principis
756 2901 902 2960 advectus
917 2898 983 2961 tutt.
1001 2901 1144 2963 nimirum

191 2976 228 3038 t.
240 2979 277 3038 i).
291 2977 369 3039 1073
384 2980 527 3054 cogitauit
542 2981 578 3039 de
598 2983 718 3055 penitus
733 2982 903 3058 abroganda
920 2981 948 3039 in
965 2987 1024 3041 tota
1041 2979 1147 3061 Hispa·

191 3060 240 3119 nia
264 3059 395 3137 Litnrgia
412 3060 610 3127 tlozarabica,
625 3063 661 3121 'et
683 3061 816 3121 Romana
834 3063 1013 3131 inducenda,
1026 3069 1056 3122 et
1079 3063 1147 3143 ejus

192 3143 368 3202 auctoritate
393 3149 507 3209 mutate
528 3149 584 3203 est.
603 3141 693 3202 Extat
714 3144 751 3204 do
774 3144 831 3204 hac
849 3161 881 3205 re
897 3144 990 3219 ipsius
1005 3143 1146 3223 Gregorii

191 3220 323 3300 Epistola
341 3224 545 3285 exhortatoria
561 3224 597 3282 ad
611 3223 773 3293 ,nitentum
789 3224 945 3289 Castaliae.
958 3235 989 3286 at
1004 3226 1147 3290 Sanoinm

192 3303 362 3380 Aragoniaa
380 3303 488 3383 Reges,
505 3312 535 3367 et
549 3305 586 3365 od
603 3307 767 3384 Episcopus
783 3308 811 3365 in
826 3326 932 3367 eornm
949 3306 1061 3369 ditione
1076 3329 1148 3371 con·

194 3385 438 3448 stitutusddhuc
460 3388 540 3465 viget
563 3387 611 3447 hio
626 3389 713 3451 ritus.
727 3395 758 3450 et
772 3388 1007 3448 servatanotcti
1024 3391 1051 3449 in
1063 3394 1149 3467 qnin-

193 3483 253 3543 qno
276 3470 432 3541 paroeciis,
457 3476 486 3529 ot
510 3472 537 3528 in
561 3467 732 3530 Catltcdraii
755 3468 901 3538 Ecclesia,
924 3476 955 3531 ol
980 3473 1007 3529 in
1031 3470 1147 3535 Saceilo

193 3544 358 3609 Cordinalis
379 3548 528 3609 Francisci
550 3549 698 3613 Ximencz
720 3551 950 3631 drohiepiscopi
972 3552 1123 3619 Toletani.
