2517 4059
549 240 691 309 mdbd
714 247 774 307 itid-

188 365 243 426 bro
265 365 391 426 dicitnr:
415 363 565 424 Diaconos
583 384 689 426 versus
703 364 896 429 Sacerdotem
912 364 983 425 dicit
998 362 1143 424 inclinans

187 453 280 523 caput
301 464 412 512 soum,
435 454 466 507 ot
487 446 629 508 Orarium
653 450 682 506 in
711 466 800 509 maen
825 452 939 507 tenens.
963 444 1041 507 Stota
1064 462 1143 525 sym·

188 528 290 588 boium
314 534 360 588 est
381 528 551 603 dignitatis,
576 548 611 589 ao
630 528 865 606 jurisdictionis,
891 529 968 588 undo
991 530 1019 585 iu
1042 524 1145 587 Conci-

189 611 229 670 lio
252 609 426 687 Mogontino
448 612 589 671 statuitur
607 654 614 679 ‚
641 618 673 672 ot
693 630 710 670 a
732 611 942 671 Sacerdotibus
965 608 1142 669 deteratur:

187 699 313 769 propter
329 692 532 751 differentiam
547 691 709 752 Sacerdotii
727 694 887 771 dignitatis.
905 691 987 751 Stoia
1003 690 1146 750 obedien-

187 774 260 833 tiam
276 772 424 849 significat
444 780 476 834 et
495 771 601 850 jugum
618 774 759 843 Domini,
777 776 823 833 cui
840 773 948 833 coitum
966 772 1145 833 subiicimus

153 907 160 917 .
188 852 256 931 ejus
277 858 425 914 sectantes
448 856 582 932 vestigia.
606 855 688 914 Stota
711 857 966 916 immortatitatem
985 856 1079 914 notari
1096 854 1147 912 de·

187 941 357 996 monstrant
378 938 428 995 itta
450 935 619 997 Sacerdotis
641 936 754 997 Srotarn
779 938 926 997 induentis
949 937 1049 1003 verba.
1067 950 1150 1012 quad

187 1018 217 1076 in
239 1019 379 1077 omnibus
402 1018 618 1094 propemodum
643 1020 813 1078 Missaiibus
837 1018 919 1078 tibris
935 1019 1141 1096 reperiuntur.

186 1097 269 1159 Stota
292 1100 477 1159 innocentiae
494 1100 634 1158 indicium
659 1106 704 1160 est
726 1100 803 1178 apud
820 1096 1012 1160 Guiiteimum
1029 1098 1148 1157 Duran-

187 1180 273 1246 durn‚
298 1198 383 1239 num.
399 1184 431 1240 ἲ.
449 1182 475 1240 Α
499 1181 679 1255 quibusdam
697 1180 889 1242 Pontificibus
912 1201 980 1241 curn
997 1180 1145 1240 Sacerdos

98 1302 101 1308 ,
189 1262 220 1319 in
242 1261 430 1321 ordinatione
453 1262 567 1322 Stoiarn
591 1264 720 1340 accipit,
744 1264 885 1322 additor:
911 1262 990 1323 Stoia
1009 1262 1146 1321 innocen·

129 1398 142 1424 ⁸
188 1342 248 1401 tiae
271 1343 375 1403 induat
407 1348 436 1404 te
460 1342 626 1403 Dominus:
651 1345 729 1419 qnod
753 1345 864 1405 Stoiam
899 1343 1019 1422 respicit
1042 1342 1149 1419 primi·

188 1424 303 1493 livam,
337 1443 415 1499 quae
445 1425 498 1485 tuit
520 1427 706 1487 innocentiae
740 1424 926 1504 significatio.
953 1425 1037 1485 buta
1059 1424 1149 1483 iuno·

188 1507 321 1566 centium
345 1504 388 1566 ΙΙΙ
411 1508 438 1566 in
462 1508 526 1567 Lib.
552 1506 563 1566 l
587 1508 623 1567 de
645 1506 759 1568 Officiis
781 1507 890 1567 Missae
905 1514 936 1568 et
950 1507 1147 1568 Sacramento

188 1586 323 1657 ditaris,
346 1585 419 1665 Cap.
445 1587 486 1648 bb
507 1588 655 1666 significat
676 1592 861 1668 patientiam.

566 1749 692 1813 CAPUT
714 1750 767 1813 tv.

517 1930 570 1974 DE
599 1931 822 1975 attulere.

230 2071 257 2133 l.
281 2072 438 2135 Postrema
460 2077 552 2136 vestis
574 2076 791 2142 sacerdotatis,
814 2075 938 2136 Pianeta
961 2074 1144 2153 appellatur.

191 2154 303 2221 Variis,
327 2158 454 2233 aliisque
471 2159 641 2219 nominibus
664 2159 721 2218 boc
736 2157 921 2219 sacerdotate
936 2156 1147 2220 indumentum

191 2237 304 2311 pariter
337 2238 521 2315 appeliatum
545 2240 621 2307 suit,
647 2243 811 2308 nimirum,
840 2238 973 2302 Cosoto,
998 2236 1147 2298 Paenula.

188 2316 296 2377 Casula
319 2319 486 2396 appeiiatur
508 2323 585 2397 apud
601 2321 633 2381 S.
653 2321 800 2381 isidorum
826 2320 889 2378 Lib.
907 2320 985 2380 xtx
1007 2319 1078 2396 Cap.
1092 2315 1146 2378 db:

191 2394 320 2458 Ptoneta
335 2419 439 2477 praece
462 2412 488 2460 ct
502 2402 596 2463 latine
619 2402 733 2463 dicitur
749 2403 863 2469 casola,
892 2420 966 2480 quoe
982 2410 1076 2459 totum
1096 2399 1149 2457 bo·

189 2480 281 2539 minis
308 2501 416 2559 corpus
432 2482 513 2558 tepit.
532 2482 571 2545 Et
591 2483 732 2544 Rabanus
754 2485 880 2544 Maurus
904 2482 938 2541 de
957 2482 1150 2542 Institutione

194 2560 383 2623 Ciericorom
400 2563 473 2638 Cap.
489 2563 541 2624 21:
570 2567 693 2633 Casula,
710 2567 815 2641 inquit,
840 2564 953 2623 dicitur
968 2566 1054 2640 culpo
1079 2560 1151 2622 Pta-

188 2652 259 2700 ποια
286 2646 456 2723 Presbyteri,
482 2650 556 2722 'poio
579 2648 679 2706 instar
699 2664 814 2723 parvae
831 2664 918 2705 cosae
940 2657 1034 2705 totum
1060 2644 1144 2721 cepit.

190 2719 359 2795 planetam,
383 2734 543 2801 antequam
559 2746 643 2790 sacra
658 2729 751 2788 vestis
767 2733 856 2794 esset,
882 2728 1039 2804 profanum
1056 2725 1149 2786 tuisse

192 2803 424 2873 indumentum,
448 2815 479 2868 et
502 2809 583 2868 iaicis
604 2826 789 2886 commune,
813 2813 929 2867 constat
951 2827 988 2867 ex
1013 2806 1149 2885 pluribus

191 2890 406 2953 monumentis.
420 2888 545 2950 ioannes
559 2891 709 2953 Diaconus
724 2890 813 2949 Libro
825 2888 869 2950 IV
884 2889 920 2950 de
940 2890 1008 2950 Vita
1025 2889 1056 2949 S.
1072 2886 1147 2949 Gre-

189 2969 271 3043 porii
285 2972 388 3048 Mopni
402 2968 475 3047 Cap.
488 2969 531 3029 83
546 2975 596 3032 nbi
620 2974 657 3031 de
668 2971 700 3031 S.
719 2968 867 3034 Ponfficis
884 2969 1056 3046 parentibus
1071 2968 1150 3028 Gor·

190 3048 291 3119 diano,
317 3061 347 3111 et
368 3052 458 3112 Siivia
476 3054 618 3127 inuititur,
643 3054 680 3114 de
701 3051 844 3112 Gordiani
861 3058 943 3112 veste
966 3052 1022 3111 ait:
1050 3050 1149 3131 Cujus

194 3126 345 3192 Gordiani
365 3135 484 3194 babitus
516 3138 649 3196 castanei
676 3136 784 3195 coloris
811 3132 937 3194 Ptoneto
964 3143 1014 3192 cat.
1039 3130 1148 3193 Casuia

191 3211 340 3289 insuper,
363 3220 397 3275 ut
421 3216 477 3274 boc
500 3218 589 3275 etiam
614 3218 711 3277 obiter
735 3234 930 3283 moneamus,
956 3214 1147 3280 subvestit,

189 3308 244 3353 eeu
267 3297 368 3355 tunica
391 3296 620 3358 Monacborum.
645 3298 676 3359 id
688 3299 880 3359 observatum
902 3296 966 3374 jam
991 3296 1107 3372 pridem
1131 3310 1151 3355 a

190 3374 262 3433 airis
285 3378 421 3437 eruditis.
444 3377 583 3440 Ptanetae
607 3399 696 3457 porro
719 3385 750 3440 et
772 3380 945 3438 indumenta
968 3394 1078 3453 sacra²
1100 3393 1149 3436 so·

191 3456 268 3515 cutis
305 3459 372 3518 indo
395 3461 581 3537 temporibus
603 3480 699 3530 auro,
727 3465 759 3521 et
781 3462 905 3521 materia
928 3460 1027 3536 magni
1059 3458 1150 3535 pretii

190 3540 330 3597 exornari
344 3549 577 3605 consueverunt.
590 3542 714 3603 Ptaneta
736 3543 859 3620 insuper
881 3541 1054 3603 tradebatur
1078 3538 1151 3599 Pro·

192 3616 323 3694 sbyteris
339 3621 367 3680 in
379 3641 487 3684 eorum
499 3625 701 3684 ordinatione.
725 3624 759 3685 ld
776 3642 811 3684 ex
823 3622 1063 3699 sacramentario
1075 3620 1152 3682 Gro-
