2517 4059
472 204 698 278 widi&-

96 328 247 392 orificium
272 331 321 392 hic
343 334 461 394 dicatur
475 334 664 416 Sacrificium
679 334 798 403 loudir·,·
820 336 891 410 quia
907 333 986 394 uuila
1001 336 1058 396 alia

95 413 217 472 actione
241 413 359 476 laudem
375 423 406 476 et
420 416 545 492 gloriam
564 414 710 492 majorem
733 417 805 475 dare
822 427 981 491 possumus
1000 416 1061 478 heo

94 511 219 553 summe
242 495 399 567 laudabili,
423 497 474 556 sed
497 498 649 574 quidpiam
672 499 802 575 amplius
824 498 853 556 iu
869 498 1059 565 recontinet,

94 573 330 638 observabimus
360 596 396 637 ex
418 577 549 640 Concilio
572 578 746 640 Tridentino
769 578 848 639 Sess.
872 578 913 638 22
941 579 984 638 Dr
1006 580 1063 641 So·

82 656 214 736 'orificio
236 656 346 719 Missae
368 658 441 737 Cap.
465 659 484 720 3
507 661 577 722 illud
599 679 666 722 esse
689 678 727 720 eu
740 678 824 740 opero
846 669 979 738 operato,
1003 679 1061 721 uon

95 738 192 798 modo
213 737 421 802 Lutrcutiouur
443 754 470 801 ct
492 740 744 808 Eucharisticum
768 742 820 802 sed
842 743 933 802 etiam
956 738 1059 820 Propi·

96 820 278 888 tiatorium,
302 840 337 883 ac
358 821 618 900 Impatrutorium.

144 899 184 959 V.
208 901 312 964 Oratio
334 921 413 980 quae
435 902 582 966 Memento
612 905 716 982 incipit
737 905 765 961 in
788 904 967 979 quibusdam
992 903 1063 965 hiis·

95 982 214 1044 salibus
238 986 447 1062 manuscriptis
475 983 581 1047 Oratio
597 1003 687 1066 super
708 984 854 1064 Diptycho
876 985 1059 1054 inscribitur,

96 1064 254 1140 explicare
277 1067 326 1126 hic
348 1067 481 1127 breviter
502 1063 632 1144 oportet,
651 1067 721 1144 quid
737 1084 772 1126 ea
794 1067 863 1132 siut,
882 1068 994 1144 etquis
1011 1085 1063 1128 eo·

97 1163 172 1206 rum
196 1148 224 1206 in
247 1146 338 1208 sacris
361 1165 432 1209 usus
454 1147 546 1208 luerit
570 1147 788 1226 Diptychorum
812 1165 932 1207 nomen.
959 1146 1062 1224 llipty·

96 1227 162 1289 cha
186 1229 285 1305 itaque
308 1228 507 1290 ecclesiastica
531 1230 604 1289 nihil
628 1229 806 1295 aliuderaut,
831 1247 921 1304 quam
944 1229 1065 1288 charta·

97 1311 159 1378 oei,
184 1327 236 1371 seu
255 1310 476 1370 membranacei
493 1309 636 1380 Codices,
660 1313 688 1368 in
703 1311 813 1386 quibus
828 1307 1059 1386 Episcoporum,

96 1395 132 1450 et
154 1392 283 1453 aliorum
306 1390 478 1454 Catholicae
501 1391 656 1454 Ecclesiae
677 1391 811 1453 fidelium
835 1392 954 1450 nomina
977 1399 1065 1452 eraut

98 1473 267 1551 iuscripta,
299 1477 330 1532 et
353 1474 381 1533 iu
404 1472 461 1532 hoc
484 1473 743 1554 distinguebantur
764 1491 781 1533 a
804 1471 935 1546 prolenis
958 1473 1065 1551 Dipty·

98 1552 188 1622 chis,
212 1556 320 1630 quibus
341 1554 409 1612 novi
431 1553 565 1616 Consulis
588 1573 696 1617 nomeu
717 1553 818 1614 aureis
833 1553 1061 1614 characteribus

99 1636 228 1714 singulis
250 1637 335 1696 annis
357 1636 557 1698 scribebatur.
581 1638 628 1698 Sic
645 1655 718 1696 vero
739 1635 964 1712 appellabantur
979 1653 996 1694 a
1012 1629 1059 1694 aa

98 1717 147 1777 his
170 1721 201 1777 et
222 1713 308 1788 πτυξ
331 1717 428 1792 plica,
458 1719 497 1778 oh
518 1721 652 1798 geminas
678 1716 815 1783 tabulas,
843 1734 974 1795 quarum
1003 1731 1073 1790 uno,

100 1798 397 1875 comprehendebant
412 1797 544 1860 fidelium
564 1800 728 1860 viventium
745 1797 876 1868 uomina,
901 1796 1065 1858 alserada

99 1879 287 1940 iunctorum.
309 1879 381 1940 Tria
401 1887 488 1941 eraut
509 1899 619 1958 genera
641 1878 861 1958 Diptychorum
889 1881 953 1940 sive
976 1878 1066 1938 tabu-

100 1959 222 2028 larum,
247 1962 355 2038 quibus
378 1963 496 2022 nomina
513 1965 541 2023 in
557 1962 680 2036 siugulis
695 1959 838 2022 Ecclesiis
860 1959 1065 2022 inscribeban-

100 2045 165 2103 tur.
189 2040 322 2102 Primum
344 2050 410 2104 erat
425 2042 574 2120 peculiare
591 2041 830 2119 Episcoporum‚
854 2059 959 2104 eorum
978 2058 1065 2119 prae-

100 2124 208 2184 sertim
230 2126 282 2202 qui
305 2124 385 2200 illam
408 2127 574 2186 Ecclesiam
597 2135 760 2193 rexerant,
783 2122 946 2183 dummodo
968 2122 1064 2200 probi·

101 2209 165 2266 tato
180 2223 215 2266 ac
231 2207 340 2268 sanctis
356 2208 489 2267 moribus
505 2207 695 2267 claruissent.
718 2204 889 2266 Secundum
911 2207 1064 2270 virorum,

102 2288 133 2344 in
155 2287 266 2363 quibus
287 2304 392 2347 eorum
422 2289 542 2349 nomina
570 2289 719 2364 descripta
748 2293 858 2348 erant.
889 2287 939 2363 qui
962 2284 1062 2346 adhuc

104 2367 240 2429 viventes
262 2369 404 2446 dignitate
419 2354 528 2445 aliqua,
552 2372 600 2434 vel
618 2367 769 2430 beneficiis
785 2369 826 2428 illi
844 2366 995 2428 Ecclesiae
1008 2364 1067 2426 col-

104 2449 172 2510 latis
194 2451 369 2528 conspicui,
393 2452 441 2511 vcl
464 2450 617 2514 Sacerdoti
640 2451 898 2528 consaguinitate,
922 2449 969 2507 vel
993 2446 1066 2507 ami·

104 2530 175 2600 oitia
196 2529 304 2607 juncti,
330 2538 380 2593 aut
395 2533 453 2592 alio
469 2534 557 2592 titulo
572 2531 748 2596 benemeriti
771 2536 870 2590 erant.
895 2529 925 2588 ln
942 2529 990 2589 his
1006 2528 1066 2603 pri·

105 2627 156 2670 mo
178 2611 244 2672 loco
267 2615 417 2674 Romanus
439 2612 597 2684 Pontifex,
633 2620 699 2673 tum
722 2611 769 2671 alii
792 2610 1006 2674 Patriarchae.
1036 2614 1067 2668 et

105 2695 244 2769 proprius
266 2694 421 2762 Antiates,
456 2712 490 2754 ac
514 2695 620 2771 reliqui
650 2693 736 2755 Claro
758 2693 901 2768 adscripti
930 2705 1066 2750 recense·

105 2773 234 2834 bantur:
259 2781 361 2853 postea
384 2776 574 2852 Imperator,
599 2773 773 2850 Principes,
798 2772 1012 2848 Magistratus,
1036 2776 1067 2832 et

106 2858 236 2934 populus
259 2856 365 2917 fidelis.
390 2855 523 2918 Tertium
540 2864 606 2918 eret
620 2864 824 2919 mortuorum,
848 2855 900 2929 qni
916 2854 946 2911 in
961 2850 1068 2914 Catho-

107 2936 165 2996 lice
186 2935 403 3000 Communione
425 2939 629 3000 decesserant.
658 2935 744 3009 Quod
766 2941 869 2995 autem
894 2938 1010 3011 spectat
1030 2933 1067 2992 ad

107 3019 240 3096 primum
263 3038 358 3096 genus
380 3038 435 3097 pro
456 3020 526 3080 solis
549 3019 705 3097 Episcopis
720 3033 789 3076 cum
804 3015 944 3090 opinione
959 3013 1069 3074 saucti-

108 3100 176 3161 tatis
198 3101 257 3160 rita
273 3100 406 3172 iunctis,
430 3119 496 3160 eam
512 3101 735 3178 inscriptionem
750 3098 883 3175 speciem
905 3094 1068 3173 quamdam
1108 3115 1114 3124 ·

109 3180 250 3242 habuisse
272 3179 523 3250 Canonizatiouis‚
546 3199 600 3244 seu
616 3178 860 3244 Beatisrcationis.
884 3175 956 3237 ideo
970 3176 1070 3238 Eccle-

107 3263 151 3322 sia
172 3261 299 3324 sollicite
321 3281 440 3341 semper
463 3265 563 3331 carit‚
588 3282 623 3323 ue
646 3263 826 3323 Sanctorum
849 3260 1069 3337 Episcoporurn

108 3344 227 3406 uomina
249 3345 286 3404 oh
309 3346 494 3423 quorundam
517 3362 679 3421 pravorum
707 3343 863 3403 homiuum
886 3339 1067 3408 calumnias,

109 3425 156 3486 vel
178 3425 217 3484 ob
239 3445 357 3489 errores
384 3427 548 3506 proborum
574 3443 591 3486 e
613 3426 707 3485 sacris
736 3422 893 3502 Diptychis
919 3438 1071 3499 expunge-
1109 3421 1112 3424 ’

111 3513 226 3568 rentur.
250 3505 335 3570 Haec
356 3510 435 3568 ocrim
459 3507 619 3584 expunctio
642 3525 738 3585 poena
759 3512 823 3566 erat
838 3505 896 3565 illis
912 3503 983 3564 solis
997 3502 1070 3563 irro-

108 3595 186 3666 gata,
212 3591 264 3666 qui
287 3590 334 3652 rel
355 3608 374 3652 a
395 3588 454 3652 ude
476 3588 663 3658 deiecerunt,
686 3590 734 3651 vel
750 3586 787 3647 ob
809 3585 929 3664 aliquod
952 3583 1070 3647 crimen
