2517 4059
600 185 662 246 w
685 173 826 245 1260!-

239 304 420 380 reperimus.
455 302 489 363 ln
511 304 693 365 Ascensione
717 302 835 365 Domini
867 303 1053 381 extinguitur
1082 304 1205 366 Cereus

238 386 390 445 Paschalis
422 392 488 460 post
509 381 731 464 Evangelinm‚
756 385 791 445 ad
816 386 1103 462 repraesentandum
1131 386 1204 447 lesu

238 466 350 529 Christi
366 466 529 526 discessum
550 468 588 528 ah
603 466 765 545 Apostolis.
789 464 910 527 Festum
928 467 1123 528 Ascensionis
1140 466 1205 526 Do·

223 548 312 611 ¹mini
344 553 390 608 est
419 548 639 626 privilegiatum
667 554 769 611 contra
798 547 1008 625 quodcumque
1033 550 1120 610 alind
1143 548 1203 611 Fe·

238 635 341 700 stum,
364 629 455 690 etiam
478 628 610 701 Patroni,
634 635 666 690 et
686 629 776 690 Tituli
798 626 969 701 Ecclesiae,
993 631 1041 689 vel
1065 631 1202 692 Dedica-

239 712 329 771 lionis
350 711 486 790 ejusdem
510 712 538 771 in
561 728 595 771 ea
619 729 791 772 occurrens.
814 710 952 771 Officium
976 711 1086 771 dicitur
1110 714 1200 772 utin

238 793 361 870 proprio
383 794 419 851 de
443 799 577 869 tempore
599 810 669 852 cum
686 793 866 869 Antiphonis
888 794 923 852 nd
942 811 1199 871 unumquemque

238 874 401 942 Psalmum,
420 873 490 935 licet
505 870 609 933 currat
629 874 728 935 arlhuc
744 878 863 951 tempus
885 874 1026 955 paschale
1049 876 1087 933 ob
1105 876 1201 935 ratio·

239 974 330 1023 nem,
364 973 456 1032 quam
479 954 631 1035 Gavantus
654 957 807 1034 assignat,
843 973 949 1031 nempe
982 955 1018 1014 ad
1041 954 1199 1017 fervorem

239 1037 393 1097 charitatis
415 1036 620 1096 excitandum.
643 1036 783 1098 Ollinium
812 1042 913 1097 autern
939 1036 977 1097 de
997 1035 1094 1099 Festis
1119 1037 1197 1097 inira

237 1117 315 1177 hanc
336 1115 483 1177 Octavam
505 1136 601 1195 usque
633 1119 670 1178 ad
694 1118 886 1179 Pentecosten
908 1121 1140 1179 occurrentibus
1164 1117 1198 1178 iit

238 1200 298 1258 ritu
311 1198 457 1269 Paschali‚
472 1216 539 1259 cnm
557 1218 616 1260 una
627 1200 800 1275 Antiphona
816 1218 870 1275 pro
881 1199 1015 1275 quolibet
1025 1197 1195 1271 Nocturna.
1241 1206 1245 1213 '

238 1279 344 1341 eodem
368 1279 456 1338 modo
477 1299 535 1354 ouo
557 1286 626 1340 ante
649 1280 874 1341 Ascensionem.

278 1358 334 1419 Ν.
358 1359 460 1421 lesum
475 1359 628 1422 Christum
651 1368 719 1438 post
733 1361 997 1439 quadragesimum
1014 1380 1030 1420 a
1045 1361 1198 1422 Resurre-

238 1442 336 1501 ctione
368 1442 446 1502 diem
470 1462 541 1503 vere
563 1448 594 1501 et
626 1444 656 1501 in
679 1461 769 1504 carne
792 1443 962 1503 ascendisse
990 1445 1018 1502 in
1043 1443 1193 1505 coelum.

238 1524 367 1601 ipsemet
381 1520 448 1599 ejus
462 1522 618 1601 Discipuli,
643 1525 694 1599 qni
710 1525 834 1585 luerunt
849 1525 987 1584 ocnlares
1003 1530 1093 1585 testes
1106 1544 1196 1586 enar-

236 1609 316 1665 rant.
341 1603 463 1664 Marcus
484 1603 558 1682 Cap.
580 1603 655 1664 XVl
678 1623 707 1665 v.
728 1605 778 1667 19:
796 1605 942 1665 Dominus
965 1606 1086 1684 quidem
1101 1610 1192 1674 lesus,

232 1694 394 1765 postquam
422 1686 537 1747 locutus
558 1697 599 1746 cst
622 1687 688 1755 eis,
712 1696 879 1765 assumptus
901 1695 942 1745 est
961 1689 995 1745 iu
1017 1690 1141 1757 coelum,
1165 1697 1192 1748 et

236 1766 355 1827 sedete
378 1765 493 1828 deutris
515 1768 582 1827 Dei.
606 1765 704 1827 Lucas
725 1766 797 1846 Cap.
821 1766 929 1827 XXlV
950 1786 980 1827 v.
1005 1768 1057 1828 51:
1087 1766 1127 1829 Et
1148 1770 1190 1847 [o

236 1856 319 1907 ctum
347 1858 387 1907 ert
409 1847 481 1908 dum
502 1847 684 1909 benediceret
705 1851 792 1920 illis,
823 1850 938 1910 recessit
959 1850 995 1908 ch
1018 1852 1078 1916 eis,
1105 1860 1134 1909 et
1154 1851 1194 1929 fe-

201 1983 204 1987 ι
234 1929 360 1989 rebatur
381 1930 415 1987 iu
437 1931 575 1990 eoelum:
598 1940 625 1991 et
646 1930 704 2010 ipsi
724 1931 883 1991 odorantes
912 1932 1038 2007 repressi
1064 1940 1139 1991 suut
1158 1934 1194 1991 iu

233 2008 530 2088 Ierusalem·peudio
551 2029 671 2091 mopso,
696 2012 735 2073 Et
756 2013 825 2073 het.
850 2010 922 2089 Cap.
948 2012 1013 2071 lv.
1036 2010 1066 2071 9:
1091 2010 1195 2071 virleu·

235 2090 313 2150 tibus
337 2090 399 2149 iliis
421 2093 550 2152 elevatus
573 2103 637 2159 est,
663 2101 689 2153 et
710 2094 799 2155 nubes
824 2095 951 2171 suscepit
977 2112 1043 2153 euos
1065 2094 1102 2151 ab
1125 2110 1193 2152 oeu-

234 2171 273 2231 lis
294 2188 398 2230 eorum
419 2179 478 2232 etc.
503 2172 565 2233 lam
581 2191 655 2234 vero
677 2177 774 2235 multa
794 2192 865 2235 sane
888 2176 916 2234 in
939 2174 997 2233 hac
1020 2175 1191 2237 narratione

234 2253 332 2329 quoad
355 2270 419 2311 rem
437 2260 567 2315 nostram
589 2254 796 2317 observatione
819 2257 906 2333 digna
928 2264 1103 2316 occurrunt.
1128 2255 1191 2315 Pri-

233 2350 285 2392 mo
308 2349 366 2392 non
382 2352 472 2404 unus,
496 2341 549 2395 aut
564 2336 640 2396 alter
654 2342 783 2405 tantum,
807 2338 859 2399 sed
881 2338 969 2397 multi
992 2335 1092 2397 lesum
1104 2332 1191 2396 Chri·

184 2410 195 2423 '
234 2417 315 2477 stum
338 2414 367 2472 in
394 2415 512 2478 coelum
534 2417 696 2480 ascendere
719 2419 870 2480 viderunt.
905 2418 1042 2479 Secundo
1065 2417 1107 2477 illi
1133 2418 1187 2493 ipsi

234 2492 389 2556 Christum
412 2497 441 2555 in
455 2499 574 2559 coelum
591 2500 750 2560 ascendere
767 2499 918 2569 viderunt,
943 2502 994 2577 qui
1010 2500 1047 2559 de
1063 2499 1189 2559 veritate

233 2574 475 2639 Resurrectionis
489 2579 556 2658 ejus
572 2584 660 2640 antea
675 2580 856 2650 dubitantes,
881 2581 1069 2657 postmodum
1086 2582 1123 2641 de
1138 2598 1186 2641 ea·

234 2656 305 2717 dem
328 2677 382 2736 per
397 2661 543 2723 evidentia
566 2670 742 2739 argumenta
763 2664 884 2723 omnino
906 2662 1032 2722 convicti
1056 2662 1185 2724 inerant

233 2736 336 2798 Tertio
361 2740 507 2819 Discipuli
535 2762 593 2802 non
619 2762 674 2821 per
695 2744 872 2815 somnium,
903 2750 956 2805 aut
982 2744 1187 2821 imaginariam

234 2819 392 2888 visionem,
416 2822 467 2884 sed
487 2824 656 2885 uidentibus
677 2826 750 2894 illis,
775 2834 801 2885 et
816 2823 889 2885 duur
904 2824 1095 2885 benediceret
1114 2825 1181 2895 illis,

233 2898 334 2961 lesum
350 2902 504 2965 Christum
527 2907 556 2965 in
577 2906 694 2967 eoelum
717 2904 880 2966 ascendere
901 2907 1052 2987 viderunt.
1076 2905 1187 2979 Quarto

234 2983 353 3043 tandem
377 2987 415 3046 ab
437 2985 493 3047 hac
516 2988 631 3061 risione
655 3006 758 3048 omnes
779 2987 941 3067 discipuli,
966 2991 1093 3065 repressi
1118 2995 1186 3047 suut

234 3064 270 3123 iu
284 3063 446 3128 Ierusalem
462 3088 530 3129 cum
544 3068 656 3147 pacilio
674 3087 792 3149 mopso.
819 3066 982 3129 Praeterea
993 3067 1133 3139 Consilia,
1156 3074 1186 3129 et

234 3142 339 3206 Patres
361 3168 465 3209 omnes
488 3155 551 3211 tum
567 3150 675 3212 Graeci
699 3158 762 3212 tum
777 3149 874 3210 Latini
897 3168 1053 3212 ascensum
1077 3148 1184 3211 Christi

234 3227 264 3286 in
287 3229 404 3290 coelum
427 3248 496 3290 cnm
518 3248 645 3309 corpore
667 3238 698 3293 et
719 3232 1002 3309 anima,tamquam
1025 3229 1182 3293 articulum

233 3306 319 3369 Fidei
331 3319 551 3388 proposuerunt
562 3313 759 3373 credendum.
773 3310 959 3387 Conveniens
969 3320 1069 3374 autem
1081 3311 1181 3380 fuisse,

234 3395 270 3451 ut
291 3386 376 3451 lesus
390 3387 527 3453 Christus
550 3400 617 3471 post
632 3390 882 3457 resurrectionem
906 3397 935 3454 in
950 3395 1067 3457 coelum
1082 3398 1183 3455 'ascen-

234 3470 331 3539 deret,
355 3472 462 3548 prohat
482 3473 577 3536 Divus
597 3475 729 3537 Thomas
751 3475 781 3535 3.
800 3494 829 3553 p.
847 3495 899 3553 qu.
916 3476 957 3538 57
979 3482 1036 3537 art.
1055 3476 1084 3537 1:
1106 3474 1181 3552 Quis

236 3552 317 3612 loeus
340 3551 427 3614 dehet·
442 3573 500 3641 erse¹
515 3558 769 3638 proportionales
790 3558 896 3619 locuto.
924 3556 1063 3621 Christus
1088 3566 1182 3621 cutem
