2517 4059
479 149 741 268 aeterua

112 330 253 390 comitari
275 328 386 395 debet,
417 343 486 388 cum
509 326 689 387 Benedictus
712 329 842 388 laetitiae
864 334 1075 404 argumentum

112 419 142 472 et
164 410 342 470 acclamatio
365 410 424 472 sit.
455 425 531 484 quae
553 409 662 469 erectis
683 409 807 487 pertibus
828 408 872 470 lit.
897 408 1076 470 Benedictus

110 495 164 570 qui
187 492 271 553 venit
292 497 349 550 etc.
375 490 421 549 Ad
445 490 518 550 baec
542 491 634 548 verba
657 489 802 552 Sacerdos
823 494 921 568 signat
942 511 975 553 se
993 493 1076 569 signo

110 571 239 640 Crucis,
276 578 308 633 ut
330 574 434 632 innuat
455 589 521 632 eam
544 572 713 644 actionem,
747 592 806 649 qua
829 574 967 635 Christus
990 575 1075 634 nobis

109 673 178 718 sese
202 661 392 733 praesentem
413 653 604 714 exhibiturus
626 659 672 713 est
687 656 715 714 in
739 657 893 717 tremendo
908 655 1073 718 Sacrificio,

109 755 179 798 esee
201 735 538 804 commemorationem,
562 743 593 796 et
614 737 868 799 continuationem
884 735 1026 797 Sacrificii
1042 739 1074 795 in

108 817 210 880 Cruoe
232 835 285 895 pro
308 817 392 879 nobis
413 816 524 889 ublati3
552 815 658 880 Conon
679 819 777 888 euim,
801 822 852 897 qui
885 837 955 878 mox
978 819 1075 894 sequi-

108 910 170 969 tur,
196 897 305 960 Christi
328 899 494 976 passionem
518 901 656 976 proxime
677 901 823 979 designat,
846 909 880 962 ut
896 901 990 977 inquit
1011 899 1075 960 llo-

109 983 215 1042 norius
237 983 266 1040 iu
287 979 412 1042 Gemma
426 981 544 1042 auinaue
560 981 625 1041 Lib.
643 979 671 1040 ll
686 980 760 1058 Cap.
778 981 829 1042 bb.
853 982 912 1042 Tor
928 981 1074 1044 hodierno

107 1065 194 1133 ritu,
220 1081 289 1124 curn
314 1063 413 1138 aitqua
438 1064 546 1124 iterum
569 1063 779 1135 distinctione,
805 1065 940 1143 pulsatur
955 1081 1074 1141 campa·

109 1146 205 1215 nula,
230 1150 294 1205 tum
317 1145 345 1203 in
368 1144 488 1206 laudem
510 1143 564 1204 Dei
587 1151 634 1206 ter
656 1144 778 1214 Sancti,
802 1152 866 1207 turn
889 1148 926 1207 ad
942 1149 1074 1207 excitan-

110 1225 167 1286 dos
190 1227 370 1287 adstantium
387 1227 502 1286 animos
517 1227 553 1287 ad
570 1228 706 1303 proxima
722 1229 878 1306 mysteria,
902 1235 965 1290 tum
982 1230 1073 1288 etiam

110 1309 253 1388 exemplo
275 1315 412 1369 veterum
435 1307 586 1369 Mosaioae
608 1307 696 1387 Legis
719 1309 958 1377 Sacrificiorum,
983 1328 1073 1387 super

110 1391 222 1468 quibus
244 1387 420 1450 Sacerdotes
442 1388 494 1449 frlii
517 1390 618 1450 Aaron
642 1391 818 1470 clangebant
840 1394 935 1457 tubis,
962 1393 1003 1453 uti
1019 1391 1073 1451 ba-

109 1473 201 1533 betur
223 1469 314 1532 Num.
338 1469 412 1549 Cap.
438 1471 468 1531 X
490 1490 519 1532 v.
546 1470 596 1533 10.
631 1472 820 1551 Triumphali
851 1474 920 1534 buic
948 1471 1073 1553 llymno

109 1553 318 1632 adjunguntur
347 1572 383 1612 ex
407 1550 557 1614 Ecclesiae
581 1558 766 1632 praescripto
794 1557 884 1616 verba
914 1556 1072 1616 turbarum

110 1635 297 1697 Salvatorem
321 1641 454 1696 nostrum
483 1636 668 1697 laudantium
697 1638 724 1695 in
747 1638 871 1697 solemni
897 1635 1072 1714 Hierosoly-

109 1735 179 1778 mae
203 1718 359 1796 ingressu,
383 1735 417 1776 ac
439 1718 625 1779 dicentium:
655 1716 777 1779 Osanna
799 1721 834 1777 iu
854 1720 986 1782 excelsis.
1016 1715 1071 1776 Be-

111 1798 248 1860 ucdictus
271 1802 469 1878 quiveritis
484 1802 601 1859 nomine
624 1801 759 1860 &minis
785 1798 908 1861 Osanna
927 1804 961 1860 iu
975 1800 1072 1859 carcel-

109 1881 159 1942 sis.
183 1880 276 1942 Recte
299 1882 419 1958 quidem
443 1899 479 1940 ex
495 1880 649 1958 Scriptura
671 1882 861 1960 Prophetica,
886 1889 917 1942 et
939 1881 1073 1958 Evange-

110 1963 166 2022 lioa
190 1964 357 2041 completur
380 1963 467 2038 plena
484 1963 637 2031 laudatio,
663 1971 697 2023 ut
712 1965 806 2040 inquit
820 1963 932 2024 Natalis
945 1963 1071 2023 Alexan·

110 2046 164 2105 der
190 2043 345 2122 Theoloqio
359 2043 536 2122 Doqmuticn
553 2055 579 2104 ct
596 2043 722 2106 Marulla
743 2046 809 2105 Lib.
826 2043 855 2106 ll
876 2043 949 2120 Cap.
966 2045 986 2104 'l
1001 2044 1069 2104 Art.

110 2125 129 2185 b
152 2145 222 2186 cum
248 2125 464 2202 postmodam,
488 2144 523 2186 ao
546 2126 671 2203 gloriam
694 2125 903 2188 Sanctissimae
918 2126 1072 2187 Trinitatis

109 2209 280 2268 annectitur
302 2208 392 2267 etiam
409 2208 575 2286 gratiarum
591 2209 670 2268 aetio
686 2209 723 2270 de
738 2210 878 2271 Adventu
894 2208 1071 2274 Salvatoris,

110 2291 161 2365 qui
185 2307 262 2350 unus
285 2291 312 2348 in
335 2291 399 2367 ipsa
421 2296 452 2350 et
472 2307 509 2348 ex
527 2291 587 2366 ipsa
608 2291 754 2350 Trinitate
777 2311 831 2369 pro
848 2291 949 2353 'salute
971 2295 1073 2350 nostra

109 2369 212 2431 Homo
227 2369 333 2442 lactus,
358 2373 495 2431 eamdem
510 2373 637 2448 salutern
655 2373 821 2441 moriendo,
843 2379 874 2435 et
889 2371 1072 2450 resurgendo

110 2451 319 2522 confirmavit,
345 2454 423 2514 unde
446 2459 527 2513 recte
549 2455 591 2515 illi
614 2454 725 2531 gratias
741 2461 862 2530 agentes
883 2452 1012 2514 di'oimns
1032 2448 1072 2509 0-

110 2553 229 2605 sonuo,
254 2536 329 2596 idest
351 2536 431 2595 salva
448 2537 476 2594 in
493 2533 638 2596 Excelsis.
663 2534 730 2595 Hoc
745 2543 790 2597 cst
812 2536 966 2605 nimirum,
990 2533 1072 2611 quod

110 2619 140 2676 in
162 2614 281 2676 Psalmo
304 2617 443 2676 canitur:
478 2613 650 2679 ODomiue
672 2618 787 2676 ecloum
810 2635 855 2676 me
875 2618 945 2694 soc,
973 2634 990 2673 o
1013 2615 1072 2674 bo·

110 2698 281 2838 agiaebeue
298 2716 497 2778 prosperare,
521 2695 700 2758 Benedictus
721 2697 775 2778 qui
794 2699 877 2758 uenit
898 2699 931 2758 iu
953 2696 1072 2756 nomine

141 2797 247 2840 omaus.

459 2939 585 3020 orror
607 2939 712 3001 xxrr.

160 3122 202 3164 DE
225 3119 367 3173 ΕΑΝΟΝΕ,
391 3121 434 3164 ΒΕ
456 3119 555 3165 anecd
578 3121 619 3164 TE
641 3119 766 3173 lutetia,
790 3119 874 3174 QUOD
897 3119 1028 3164 tubunis

316 3203 441 3248 llllTlUlll
463 3201 540 3257 Est,
565 3203 605 3245 ΕΤ
627 3203 669 3246 brt
693 3202 864 3246 HBHBNTO.

106 3376 113 3389 ·
151 3347 177 3408 l.
201 3348 306 3411 Oratio
321 3367 397 3426 quae
414 3348 527 3426 incipit,
555 3345 591 3406 Te
606 3349 705 3426 luitur
719 3348 830 3408 dicitur
849 3349 963 3415 Conon,
988 3347 1071 3425 qnip-

112 3447 147 3506 pe
170 3449 248 3507 quae
276 3438 429 3508 tamqnam
457 3431 561 3507 regula
589 3430 617 3490 in
641 3428 795 3490 Sacrificio
823 3427 979 3489 olierendo
1007 3446 1072 3489 ser·

111 3514 224 3581 nanda,
249 3519 377 3589 atquae
401 3529 566 3588 numquam
590 3512 734 3572 mutanda
758 3511 944 3589 praescripta
965 3509 1067 3572 luerit.

110 3589 184 3656 Eam
208 3593 350 3656 Summus
372 3591 508 3654 Pontifex
526 3589 654 3670 vigilius
679 3591 876 3661 Cocanicum,
900 3591 931 3653 S.
949 3591 1071 3672 Cypria
