2517 4059
535 176 759 249 miltites
825 142 835 167 ’

175 309 232 368 ista
253 306 375 368 recitari
398 305 563 371 desierunt,
587 305 714 385 Vigilias
734 306 891 384 proprium
914 302 1056 364 Ollicium
1079 304 1137 365 ha·

172 391 286 450 buisse.
304 385 401 447 Priori
424 387 480 448 isto
491 385 599 448 Ollicio
612 388 747 465 expleto,
771 388 807 447 ad
823 386 855 446 S.
872 386 951 447 Petri
967 384 1137 447 Ecclesiam

173 472 267 542 ibant,
291 468 342 529 ubi
364 466 444 528 aliud
459 467 602 529 Officium
624 472 679 537 illi,
703 470 784 546 quod
808 470 837 527 in
851 468 1005 529 Brerierio
1026 486 1139 544 super-

173 559 230 621 est,
254 550 444 611 simillimum
468 552 661 628 incipiebant.
686 551 717 611 ln
733 552 794 612 rita
816 548 932 610 Nicolai
954 548 1052 627 Papae
1068 548 1137 611 Pri·

173 635 216 694 mi
238 634 276 694 de
290 632 408 693 duobus
430 633 495 692 istis
509 631 623 693 Olllciis
647 636 759 693 mentio
780 631 816 693 fit
838 638 991 709 tamquam
1015 633 1053 693 de
1075 634 1138 709 pri-

172 733 224 776 sca
238 713 465 775 consuetudine.
481 713 667 775 Consuetudo
683 717 808 783 olitana,
827 715 913 783 idest,
926 715 1066 792 antiqua.
1079 713 1139 775 Oc·

173 797 270 859 currit
290 798 371 856 enim
395 796 425 854 in
447 797 659 857 vetustissimis
680 798 823 857 Romanis
844 795 1032 861 Ordinibus,
1056 796 1140 875 apud

173 878 346 944 Alcuiuum,
370 882 402 937 et
416 880 578 955 praecipue
592 880 671 957 apud
688 878 878 941 Amalarium
893 878 930 937 de
950 874 1062 937 Ordine
1073 877 1140 937 Ae·

173 961 369 1041 tipbouurum
390 957 465 1036 Cap.
489 957 529 1017 V.
555 960 714 1030 llurandus
736 960 803 1019 Lib.
821 959 865 1019 Vl
885 956 959 1035 Cap.
984 959 1004 1018 3
1025 960 1062 1019 de
1087 978 1138 1020 ra·

174 1044 255 1104 tione
277 1043 349 1119 agit,
372 1057 432 1114 qua
454 1047 554 1100 aetate
575 1058 629 1102 sua
652 1043 768 1102 Altaria
790 1041 993 1120 parabantur,
1017 1042 1136 1117 aitque,

174 1127 232 1185 tria
254 1127 429 1202 paramenta
455 1140 510 1200 pro
525 1125 622 1184 tribus
644 1122 807 1183 Nocturnis
828 1124 1007 1199 deprompta
1029 1122 1136 1194 luisse;

174 1207 212 1266 ad
227 1207 362 1284 primum
385 1204 471 1280 nigra
494 1203 532 1261 ad
548 1211 668 1284 tempus
691 1206 770 1281 quod
793 1204 907 1282 Moysis
929 1204 1026 1280 legem
1051 1222 1141 1281 prae·

151 1360 155 1367 ¹
174 1288 264 1346 cessit
285 1282 512 1361 significandum
531 1308 540 1357 ς
564 1286 602 1345 ad
623 1286 790 1347 secuudum
813 1288 892 1363 alba,
917 1286 953 1345 ad
978 1286 1141 1345 revelatio

175 1371 220 1428 nis
240 1373 273 1427 et
293 1366 472 1444 Proplretiae
494 1374 616 1445 tempus
636 1368 926 1435 demonstrandum
950 1367 985 1427 ad
1010 1368 1137 1427 tertium

173 1468 249 1509 vero
270 1449 364 1507 rubra
390 1450 427 1508 ad
455 1451 744 1525 repraesentandum
768 1451 883 1526 gratiae
911 1456 942 1509 et
963 1450 1098 1509 veritatis
1121 1466 1140 1509 a

173 1530 242 1591 lesu
257 1528 379 1589 Christo
402 1530 486 1590 nobis
506 1532 614 1592 allatae
630 1532 782 1591 ardorem.
808 1532 854 1590 Ad
869 1531 1063 1599 Matutinum,
1088 1530 1135 1591 ln·

173 1614 349 1673 vitatorium
371 1614 484 1686 ubique
499 1620 546 1674 est
559 1613 696 1675 Christus
717 1624 809 1673 aratus
832 1623 884 1673 est.
907 1612 941 1672 lu
957 1612 1139 1687 quibusdam

174 1692 319 1755 Ecclesiis
341 1692 553 1770 genuflectitur
575 1713 646 1755 cum
668 1696 767 1771 primo
790 1694 899 1755 dicitur
918 1693 1057 1755 Christus
1078 1712 1136 1753 oa·

173 1785 243 1837 tas.
265 1821 271 1834 .
292 1819 299 1833 .
317 1778 413 1837 osuitc
428 1775 599 1843 adoremus,
623 1782 654 1835 et
668 1776 866 1852 prosternitur
887 1776 924 1835 ad
947 1776 1137 1837 adorandum

173 1858 275 1919 lesum
297 1854 451 1918 Christum
485 1859 514 1916 in
537 1864 691 1918 momento
712 1857 884 1919 Natiuitatis
911 1875 997 1917 suae.
1030 1858 1138 1918 Trium

173 1938 400 2001 Nocturnorum
423 1938 534 1998 Psalmi
557 1948 627 2000 sunt
650 1940 775 2016 proprii3
801 1941 941 2014 antiquus
963 1958 1029 1999 mos
1051 1946 1098 1998 est
1119 1957 1139 1998 a

174 2020 244 2080 Diri
266 2020 420 2081 Benedicti
442 2018 560 2097 Regula
583 2023 799 2099 praescriptus,
825 2024 854 2079 in
878 2018 974 2081 Festis
996 2021 1139 2081 solemni·

173 2103 231 2163 bus
252 2102 391 2178 proprios
412 2102 540 2178 eligendi
574 2101 710 2163 Psalmos
742 2122 797 2180 pro
818 2101 925 2163 Officio
948 2104 1053 2163 noctis.
1089 2102 1138 2162 Ad

174 2184 307 2261 primum
329 2182 517 2243 Nocturnum
540 2186 651 2262 legitur
671 2184 778 2255 isaias,
803 2191 835 2245 et
854 2186 938 2245 nrrllo
961 2184 1139 2245 inscribitur

173 2264 285 2323 titulo:
315 2261 385 2323 Tros
398 2260 545 2326 Lectiones
570 2265 670 2327 Isaiae
696 2268 840 2345 loquutur
865 2266 927 2327 sinc
947 2268 1047 2327 titulo.
1070 2264 1137 2326 Mos

174 2350 242 2406 erat
263 2347 405 2421 antiquus
428 2346 552 2407 Librum
576 2348 664 2408 titulo
692 2368 750 2409 non
774 2350 955 2417 iscribeudi,
985 2350 1041 2408 uisi
1064 2364 1136 2407 cun

175 2428 234 2506 legi
259 2428 480 2504 incipiebatur,
514 2431 566 2505 qui
588 2448 655 2490 mos
677 2429 810 2507 reliquus
832 2438 879 2491 est
910 2434 938 2489 in
960 2429 1135 2490 Nativitate.

174 2508 208 2569 ln
232 2509 368 2586 pluribus
389 2508 534 2571 Ecclesiis
555 2512 710 2572 dicebatur
733 2515 762 2571 in
785 2512 845 2574 fine
867 2512 1028 2579 Lectionis,
1053 2510 1137 2571 Haec

174 2590 247 2651 dicit
267 2592 424 2651 Dominus.
448 2591 515 2652 llse
535 2592 694 2654 Lectiones
716 2594 811 2657 lsaiae
834 2602 903 2654 suut
924 2595 1136 2671 pmmissiones

174 2672 271 2732 alteo
293 2672 390 2732 iactae
406 2674 541 2735 mittendi
557 2672 711 2742 Messium,
728 2694 819 2752 quem
839 2677 964 2752 quidem
986 2676 1131 2751 singulari

173 2754 288 2815 rat-ione
311 2754 468 2831 designant
488 2757 524 2816 ad
547 2756 705 2815 hominum
728 2758 976 2819 consolationem.
1000 2756 1136 2834 Respon-

174 2837 253 2895 soria
275 2840 346 2896 sunt
367 2837 409 2912 pii
431 2837 585 2898 Ecclesiae
600 2836 795 2900 Nativitatem
819 2838 887 2901 lesu
902 2838 1014 2899 Christi
1038 2840 1135 2899 cousi·

98 2993 100 2996 ι
174 2917 306 2978 derautis
328 2918 466 2989 allectus,
493 2921 603 2996 quibus
624 2920 715 2980 modo
738 2920 838 2982 Deum
860 2921 980 2982 Patrem
1009 2922 1135 2991 laudat,

173 3002 224 3073 qui
248 2999 334 3059 nobis
356 3000 438 3060 dedit
459 2999 555 3061 lilium
578 3019 693 3068 suum,
724 3004 813 3063 modo
842 3004 954 3064 exaltat
980 3010 1011 3063 et
1032 3002 1132 3067 laudat

173 3078 286 3141 Filium
319 3083 348 3139 in
371 3080 534 3144 Nativitate
556 3101 631 3154 sua;
666 3087 847 3162 quandoque
874 3102 907 3145 se
928 3086 1076 3145 convertit
1098 3084 1135 3145 ad

174 3162 314 3224 Sanctam
336 3162 503 3241 Virginem,
528 3165 716 3241 quasillum
740 3167 851 3228 mundo
876 3167 1003 3243 peperit.
1027 3166 1132 3227 Multis

173 3246 203 3305 in
227 3242 370 3304 Ecclesiis
393 3246 642 3322 prosternebatur
666 3246 751 3306 humi
785 3248 821 3307 ad
845 3250 977 3326 primum
1000 3247 1135 3324 Respon-

173 3328 301 3396 sorium,
326 3326 445 3401 quando
460 3328 617 3388 dicebatur
631 3325 727 3389 Hodie
743 3331 824 3390 uobis
842 3374 849 3389 .
870 3374 877 3387 .
897 3375 904 3389 .
922 3330 1008 3393 nasci
1023 3329 1131 3408 diptia-

174 3419 222 3468 tus
245 3417 298 3467 cst.
323 3407 369 3466 Ad
392 3409 556 3468 secundum
578 3407 767 3472 Nocturnum
789 3430 888 3472 sermo
911 3412 942 3472 S.
958 3412 1066 3472 Leonis
1088 3416 1136 3473 est

174 3492 252 3549 inter
275 3506 381 3549 omnes
402 3488 466 3549 aS.
484 3488 627 3551 Pontifice
650 3491 770 3554 habitus
791 3495 1077 3571 praestantissimus,
1104 3497 1135 3555 et

143 3578 146 3581 ’
173 3569 448 3647 eloquentissimus.
472 3570 666 3634 Nobilissimo
695 3576 837 3653 exprimit
864 3574 942 3655 stylo
970 3580 1034 3636 tum
1058 3576 1135 3635 boue
