2517 4059
467 156 690 273 operase

114 346 212 393 lamen
233 335 406 392 arationum
426 331 520 409 magia
540 330 660 411 prodest
679 332 746 401 dia,
769 334 804 392 in
825 345 884 409 qna
905 343 973 391 sant
994 350 1061 392 ara·

113 413 206 477 doner
227 412 267 473 od
288 414 340 474 hac
361 413 600 474 determinatae:
627 412 667 473 ob
690 413 767 473 hanc
787 429 908 472 causam
937 414 974 472 de
995 414 1061 489 qui·

113 498 239 557 busdam
262 498 318 573 piis
340 495 512 555 homiuibus
534 495 680 566 traditur,
704 495 755 572 qui
778 493 900 554 Missam
925 513 979 570 pro
1001 496 1060 557 De·

114 580 223 639 tunnis
245 578 376 655 quetidie
399 578 550 638 celebrare
572 578 745 638 voluerunt.
762 574 824 636 lllis
846 582 946 636 tamen
969 579 1059 639 ornis·

114 662 173 728 sis,
198 677 276 736 quae
298 661 446 725 instinctu¹
461 659 583 727 divino,
607 658 770 736 afflatuque
793 657 868 718 iacta
891 657 983 720 luisse
1004 680 1057 739 pu-

115 742 237 803 tandum
258 749 315 804 est.

494 902 620 965 CAPUT
643 904 682 964 V.

216 1088 256 1129 DE
278 1086 363 1130 HORA
386 1085 465 1131 Loco
487 1086 528 1130 ET
549 1086 714 1130 areaatad
735 1084 844 1139 QUIBUS
865 1086 955 1130 atissa

409 1168 583 1212 eschannai
606 1166 763 1213 INCOEPIT.

155 1315 180 1374 l.
205 1312 351 1389 Tempore
376 1315 614 1390 persecutionum
638 1332 707 1373 crrm
722 1311 839 1373 Fideles
861 1318 941 1375 omrri
965 1315 1061 1375 salici·

114 1396 213 1457 tudine
235 1403 266 1459 et
286 1396 427 1455 industria
451 1398 572 1474 paganis
595 1396 781 1465 occultarent
799 1414 885 1472 ‚sacre
903 1397 1056 1477 mysteria

112 1496 165 1537 eas
187 1484 285 1545 nocte,
303 1486 354 1538 aut
370 1476 474 1538 saltem
498 1496 617 1539 summo
634 1494 721 1537 mane
736 1477 869 1538 tenebris
884 1479 983 1538 adhuc
999 1486 1058 1539 ter-

114 1578 167 1621 rae
190 1559 295 1620 taciem
318 1561 533 1637 occupantibus
556 1561 712 1621 celebrare
735 1577 855 1621 neccsse
878 1568 964 1620 erat:
989 1563 1061 1620 alio-

114 1644 187 1717 quin
209 1644 233 1702 si
255 1642 292 1701 de
314 1642 360 1701 die
383 1643 607 1710 convenissent,
634 1642 712 1701 taciti
735 1644 853 1719 negotio
875 1644 912 1702 ab
935 1640 1062 1701 inlideli-

117 1726 172 1784 bus
193 1729 224 1783 et
245 1724 371 1785 nominis
393 1723 552 1785 Christiani
576 1724 696 1783 intensis
719 1725 853 1785 hostibus
875 1724 1058 1801 deprehendi

118 1807 290 1881 potuissent.
316 1805 394 1867 Hinc'
416 1812 445 1867 et
466 1808 625 1884 Apostolus
648 1824 715 1865 cum
738 1814 817 1867 esset
837 1806 954 1867 Troade
978 1812 1063 1866 nocte

115 1887 239 1965 fregisse
263 1906 367 1964 panem
392 1889 534 1948 retertur.
552 1887 629 1947 Hinc
645 1885 758 1948 Plinius
772 1887 925 1947 Secundus
949 1888 1014 1948 lib.
1032 1886 1063 1947 X

116 1966 250 2046 Epistola
272 1969 311 2029 97
334 1970 370 2029 ad
392 1970 554 2029 Troianum
587 1970 716 2029 scribit:
752 1968 838 2045 Quod
864 1973 943 2031 soliti
971 1983 1064 2031 cesant

114 2061 194 2111 stato
217 2052 265 2111 dic
288 2062 354 2111 anta
370 2054 463 2112 luccat
477 2051 642 2111 conuenire.
658 2049 738 2111 Hinc
760 2058 790 2110 et
804 2054 883 2128 apud
901 2054 1062 2113 Minucium

116 2130 244 2193 Felicem
267 2133 434 2194 Christiana
456 2133 571 2210 Religio
593 2133 701 2193 dicitur
722 2136 808 2193 natio
831 2136 1004 2206 latebrosa,
1036 2144 1063 2194 ct

114 2214 287 2293 incisnpaa.
305 2214 385 2275 Hinc
408 2221 570 2275 nocturnae
594 2218 827 2285 convocationes,
851 2219 929 2293 apud
945 2217 1063 2277 Tertul-

116 2297 252 2364 lianum,
278 2304 310 2357 et
332 2309 425 2358 cocras
448 2296 621 2357 antelucani
652 2298 731 2373 apud
761 2298 912 2360 cumdem.
938 2300 1065 2361 Reddita

116 2382 307 2463 postmodum
331 2376 483 2440 Ecclesiae
505 2398 577 2454 pace
600 2385 682 2441 certa
706 2380 780 2439 hera
807 2381 852 2439 rei
874 2382 991 2443 divinae
1015 2399 1065 2441 ce·

114 2460 272 2527 lebrationi
294 2462 407 2523 tributa
424 2469 479 2529 est,
503 2461 621 2524 diversa
639 2468 737 2522 tamen
760 2480 814 2539 pro
830 2462 960 2534 dierum,
985 2471 1061 2524 tern-

114 2559 289 2619 perumque
313 2544 495 2605 diversitate.
519 2542 635 2605 Horam
658 2546 775 2604 tertiam
799 2545 932 2619 quotibet
952 2546 1000 2605 die
1022 2544 1064 2605 ie·

33 2687 36 2695 ,
112 2630 157 2685 sto
179 2634 328 2685 servatam
351 2643 471 2701 semper
494 2624 584 2685 tuisse
607 2632 743 2685 veterum
768 2623 889 2685 Parrum
913 2628 1060 2703 pervincit

110 2708 289 2769 auctoritas.
300 2706 463 2784 Gregorius
478 2705 662 2766 Turonensis
678 2707 706 2765 iu
722 2706 792 2766 Vita
803 2706 834 2766 S.
847 2707 962 2773 Ntccth,
980 2707 1063 2769 Hora

113 2789 215 2853 tertia,
234 2790 340 2866 inquit,
358 2808 426 2849 cam
444 2789 571 2867 popalus
592 2786 633 2846 ad
649 2787 812 2849 Missarnnc
833 2791 975 2848 solemnia
999 2810 1064 2850 con·

114 2874 239 2931 vocotus.
265 2870 428 2947 Gregorius
451 2868 723 2946 hlagnusHomilia
739 2870 778 2929 37
796 2872 823 2928 in
841 2868 1005 2949 Evangelia
1027 2873 1064 2932 de

112 2951 216 3013 Cassio
237 2952 390 3013 Narniensi
405 2948 553 3029 Episcopo
575 2951 745 3012 salmonem
769 2952 882 3013 habens
902 2955 959 3013 ait:
981 2951 1065 3013 Obla-

113 3042 200 3095 tnrns
215 3035 405 3114 Sacrificium
427 3032 467 3091 ad
487 3035 592 3093 horam
609 3036 730 3094 tertiam
752 3044 883 3096 cinerat.
903 3034 988 3111 Apud
1007 3034 1065 3096 ltc-

111 3115 251 3189 ,ginonem
275 3115 484 3176 Prumiensem
501 3115 648 3177 Abbatem
673 3115 736 3175 Lib.
761 3115 774 3175 l
797 3117 831 3174 dc
855 3114 1065 3177 Ecclesiastico

112 3196 274 3275 Disciplina
291 3200 367 3257 inter
382 3216 429 3267 ca,
443 3214 521 3273 quae
536 3194 701 3274 Episcopus
716 3196 872 3258 Paroecias
887 3218 958 3259 suae
975 3200 1062 3259 Dioc-

115 3282 191 3339 cesis
207 3279 415 3356 perlustrando
438 3279 589 3354 inquirere
605 3280 693 3339 debet
714 3300 805 3341 unum
829 3281 900 3340 illud
917 3287 960 3342 est
977 3300 1061 3341 num.

111 3358 152 3420 29
174 3362 209 3423 Si
229 3362 390 3440 Misaornm
412 3362 554 3419 solemnia
582 3379 641 3419 non
662 3369 731 3421 anta
751 3363 856 3422 horam
878 3364 998 3425 lernam
1019 3383 1064 3424 cc·

49 3488 55 3503 .
113 3443 276 3503 ichrcntar.
292 3443 375 3502 idem
399 3459 472 3503 usus
495 3442 567 3501 hara
591 3444 679 3503 tertia
694 3440 816 3505 Missam
841 3444 1012 3505 celebrandi
1032 3452 1064 3507 et

53 3522 60 3543 '·
114 3524 193 3600 apud
216 3524 350 3587 Graecas
381 3525 535 3594 obtinuit,
558 3526 600 3584 uti
623 3525 711 3586 decet
731 3523 851 3587 Nicetes
872 3526 1059 3588 Pectoratus.

114 3604 204 3669 Missa
226 3609 305 3670 enirn
329 3605 444 3685 privata
467 3606 571 3667 saltem
602 3610 669 3684 post
690 3604 870 3671 Matutinum
893 3615 923 3670 et
944 3609 1061 3675 Laudes
