2517 4059
572 212 795 281 stabilwiitt·

204 336 279 399 cinit
299 336 414 407 Amca,
437 337 473 397 de
496 355 554 416 qua
576 356 672 406 voce,
694 337 821 416 ejusque
844 358 900 401 usu
922 346 988 415 post
1009 342 1161 418 precatio-

204 435 274 482 nem
298 419 430 495 loquitur
452 419 613 497 Apostolus
635 421 648 480 Ι
669 420 705 480 ad
727 420 898 482 Corinthios
918 421 991 499 Cap.
1016 420 1100 492 XIV,
1126 430 1160 482 et

205 507 271 583 post
302 519 371 561 enm
404 502 519 577 antiqui
540 500 644 563 Patres
666 501 797 563 Iustinus
819 505 936 582 Martyr
958 502 1100 583 Apoloqic
1123 503 1166 564 1!

207 584 355 645 Absolutis
371 584 520 660 praeibas,
545 595 571 644 ct
586 586 757 662 pratiaram
778 586 890 645 actione
912 587 1035 664 quilibet
1056 586 1158 663 ‹tepo-

200 669 285 745 poto,
311 666 364 744 qai
385 664 489 734 adest,
512 666 619 743 (castis
640 667 759 726 cocibcc
780 669 929 727 acclamat
950 665 1055 727 ..lmen
1081 668 1160 727 llie-

204 766 348 827 ronymus
363 744 549 824 Praefatio
535 766 570 807 ca
584 745 733 842 Epistolac
754 747 794 806 ati
814 746 967 809 Galatas
960 768 988 807 rn
1011 749 1157 810 llcclesiis

204 830 292 892 Urbis
307 829 400 889 audiri
417 834 543 889 testatur
558 831 643 905 quasi
658 830 788 889 coeleste
812 832 920 890 tonitru
937 831 1081 907 populum
1096 832 1156 891 cla-

205 918 349 979 mantem,
373 916 403 972 et
426 911 599 971 reboantem
622 908 729 969 Amcn.
752 898 914 989 Dionysius
936 913 1160 974 Alexandrinus

204 998 233 1054 in
250 993 383 1071 Epistola
404 992 444 1051 ad
464 1011 613 1053 sommum
632 991 802 1072 Pontificcm
824 994 939 1053 Sixtum
961 996 1039 1071 apud
1062 996 1159 1055 Ense·

204 1080 285 1138 bium
308 1074 374 1134 Lib.
393 1072 450 1135 Vll
472 1073 622 1136 Historiae
644 1074 718 1149 Cap.
734 1073 766 1131 9:
788 1073 850 1149 Qui
870 1078 1043 1153 pretiorum
1064 1078 1159 1137 actia·

206 1177 270 1217 acm
292 1157 461 1235 fraqucctcr
483 1156 641 1222 audierit,
675 1165 702 1214 ct
724 1175 790 1214 cum
813 1157 938 1217 cacteris
970 1157 1158 1235 rcspoadcrit

206 1237 311 1299 Amen.
341 1237 473 1316 Cyrillus
499 1238 654 1301 Catccbcsi
669 1236 869 1316 Mystcpopica
894 1237 920 1297 V
942 1240 1092 1315 obsignari
1112 1243 1159 1301 ait

205 1338 259 1397 per
274 1318 368 1379 Amen
381 1320 563 1391 orationem;
587 1322 666 1379 sicut
680 1321 786 1379 eadem
804 1338 877 1380 voce
899 1320 1067 1397 obsignatas
1082 1321 1158 1381 alirn

203 1401 362 1481 Epist-olas,
379 1421 453 1478 quas
467 1399 623 1462 Formatac
640 1401 795 1469 vocabant,
812 1401 900 1461 docet
913 1399 1071 1464 Ferrarius
1087 1404 1156 1464 Lib.

204 1485 219 1545 l
242 1483 277 1543 dc
300 1483 421 1563 antiquo
436 1502 541 1562 qaacrc
557 1482 764 1564 Epistolarum
780 1481 1056 1545 Ecclesiasticamcm
1078 1483 1156 1563 Cap.

205 1567 235 1627 5.
252 1564 332 1625 Olim
355 1566 392 1625 ad
408 1565 554 1627 Collectas
576 1584 630 1643 pro
653 1583 759 1624 earum
781 1568 1012 1641 complemento,
1036 1585 1093 1626 non
1108 1587 1158 1630 se·

205 1648 264 1709 mel
287 1651 426 1716 tanturn,
457 1666 563 1708 verum
594 1648 684 1706 etiam
712 1647 756 1707 bis
778 1648 958 1725 quandoque
979 1666 1157 1723 responsum

205 1731 297 1791 luisse
313 1727 419 1789 Amca.
443 1730 530 1803 Quod
552 1747 624 1788 vero
646 1729 753 1789 attinet
773 1730 810 1788 ad
833 1748 993 1790 numerum
1013 1729 1158 1792 Collccta-

204 1831 272 1873 rum
294 1817 362 1871 sunt
383 1812 503 1889 qnidam
528 1812 730 1880 recentiores,
754 1812 805 1885 qni
828 1819 966 1872 asserunt
987 1810 1156 1875 Ecclesiam

201 1894 366 1954 Romanam
388 1912 405 1953 a
428 1895 612 1969 temporibus
627 1892 805 1969 Apostolicis
827 1900 887 1952 tres
900 1895 1057 1970 ‚orationes
1080 1898 1159 1957 reci-

171 2028 174 2033 .
201 1982 266 2037 tare
289 1976 500 2037 consuevisse:
526 1975 641 2035 nullum
658 1979 756 2034 tamen
779 1972 870 2052 hujus
885 1977 1058 2037 assertionis
1073 1980 1159 2039 testi·

202 2058 336 2118 monium
359 2058 503 2117 atterunt:
528 2059 590 2117 imo
613 2056 655 2116 illi
677 2054 867 2133 refragantur
888 2054 971 2118 Ordo
988 2056 1156 2128 Romanus,

203 2146 234 2201 et
255 2141 370 2215 antiqui
393 2139 654 2201 Sacramentornm
677 2136 771 2206 Libri,
796 2139 824 2197 in
847 2139 956 2215 quibus
977 2156 1031 2216 pro
1054 2142 1158 2218 singu-

202 2221 238 2282 lis
253 2220 352 2280 Missis
375 2239 434 2282 una
457 2229 574 2283 tantum
594 2220 725 2281 Collecta
747 2220 891 2296 signatur.
911 2220 990 2282 Dum
1009 2220 1155 2283 Collcctas

203 2303 385 2375 recitamus,
410 2322 570 2364 numerum
593 2303 622 2360 in
646 2302 689 2361 eis
711 2319 830 2363 servare
853 2302 1020 2371 debemns;
1044 2322 1080 2365 ne
1103 2322 1156 2365 ea·

204 2402 271 2447 rum
294 2402 436 2445 numerus
458 2386 536 2448 ultra
558 2402 649 2461 quarn
672 2402 726 2459 par
742 2384 781 2444 sit
801 2392 976 2460 angeretur,
993 2384 1155 2447 delinitum

203 2473 258 2533 est,
282 2486 339 2527 non
361 2468 464 2544 piures
487 2484 576 2545 quarn
600 2469 716 2542 septem
737 2483 803 2525 esse
826 2466 1004 2535 recitandas,
1029 2473 1064 2528 ut
1085 2474 1155 2545 post

203 2549 373 2618 Belethum,
391 2554 421 2609 et
435 2549 611 2610 Ducendum
634 2546 805 2607 observavit
820 2549 956 2609 Marione
971 2548 1037 2608 Lib.
1050 2547 1065 2607 l
1078 2549 1157 2626 Cap.

204 2631 302 2691 hart.
320 2630 339 2691 3
362 2650 391 2689 n.
410 2632 446 2691 11
470 2631 504 2691 dc
525 2629 657 2709 antiquis
672 2627 818 2689 Ecclesiae
834 2628 963 2692 liititcc
979 2629 1063 2695 Nunc
1079 2631 1157 2692 dnm

203 2713 305 2791 plures
327 2712 487 2787 dicuntur,
516 2730 660 2781 numerus
680 2711 814 2788 ipsarum
836 2713 933 2789 impar
955 2730 1021 2773 esse
1041 2712 1156 2774 debet·

203 2796 244 2855 ita
267 2793 414 2856 Rubricae
443 2802 508 2873 post
529 2794 734 2855 innocentium
756 2792 810 2854 lll.
835 2793 951 2855 Verum
979 2794 1060 2855 idem
1090 2794 1159 2855 lau-

203 2877 292 2938 datus
307 2876 497 2940 innocentius
520 2895 573 2938 nec
597 2894 653 2936 noo
669 2874 850 2953 Microiogus
871 2872 945 2953 Cap
962 2874 982 2936 lc
1003 2881 1158 2947 asserunt,

203 2960 281 3037 quod
303 2978 357 3020 suo
381 2965 515 3037 tempore
538 2958 711 3019 dicebantur
740 2975 860 3035 semper
882 2962 968 3027 tres,
992 2962 1046 3017 ant
1066 2958 1159 3033 qnin-

205 3059 284 3119 que,
307 3046 360 3102 aut
381 3050 495 3119 septem
511 3040 711 3102 Collectaern
733 3040 880 3099 honorem
902 3038 955 3102 SS.
979 3040 1160 3110 Trinitatis,

205 3124 253 3183 vol
276 3122 515 3185 Resurrectionis
537 3122 605 3183 lesn
626 3120 749 3187 Christi,
773 3122 850 3182 vei
843 3140 871 3179 rn
894 3119 1161 3182 commemoratio

207 3222 275 3265 uem
299 3205 429 3281 quinquo
445 3206 600 3284 plagarum
615 3202 728 3265 Christi
743 3204 880 3274 Domini3
903 3209 934 3265 et
948 3209 1063 3281 septem
1078 3203 1160 3263 dona

207 3285 334 3364 Spiritus
354 3284 478 3349 Sancti.-
476 3287 582 3347 Porro
604 3286 682 3347 haec
696 3283 872 3346 Oratiooum
896 3285 1135 3363 multiplicatio
1127 3303 1158 3343 rn

207 3364 396 3429 blonasteriis
423 3370 555 3447 coepisse
577 3368 723 3427 videtur:
750 3369 860 3429 etenim
887 3367 918 3427 in
940 3364 1072 3429 Concilio
1092 3364 1161 3425 Ma·

205 3449 366 3510 tisconensi
390 3468 467 3511 anno
494 3450 554 3510 6⁴27
580 3448 755 3512 celebrato,
785 3450 959 3527 hgrestinns
989 3447 1161 3511 Monachus

206 3527 414 3603 Luxovionsis,
437 3532 535 3594 Sancti
551 3527 728 3591 Columbani
743 3529 890 3607 Regulam
912 3543 1066 3601 accusans,
1082 3530 1163 3590 inter

209 3616 341 3683 caetera,
359 3632 436 3691 qnae
452 3615 517 3675 viro
531 3612 725 3673 Sanctissimo
739 3610 860 3689 objecit,
878 3620 972 3673 tinum
986 3616 1063 3682 crat,
1076 3610 1160 3689 qnod
