2517 4059
479 188 773 259 ‘multllm

174 326 225 401 qui
247 326 294 383 est
314 318 412 398 Caput
425 323 562 378 nostrum
578 333 751 395 resurgere,
776 332 934 392 speramus
956 320 988 375 et
1009 330 1062 374 nos
1084 330 1131 374 re·

173 409 374 467 surrecturos.
404 396 489 460 Unde
511 398 661 460 diciturl
690 400 727 459 ad
750 398 919 459 Corinthios
948 396 1023 473 Cap.
1046 392 1127 456 XV:

173 486 209 548 Si
226 482 361 549 Christus
371 480 571 560 praedicatur
586 479 666 561 quod
682 480 853 540 resurrexit
874 496 894 537 a
908 479 1055 539 mortuis.
1072 522 1079 536 .
1098 519 1105 534 .
1122 520 1129 535 .

176 566 318 647 pamniam
341 565 523 623 resurrectio
544 571 732 622 mortuorum
747 570 872 621 nonest.
896 558 1011 633 Quarto
1034 558 1072 619 ad
1095 557 1134 617 ln·

176 648 386 709 lormationem
402 645 483 705 ritae
498 641 659 711 Fidelium,
680 649 712 703 ut
727 644 803 703 sieut
818 640 956 703 Christus
972 654 1133 719 resurgens

175 748 211 791 ex
227 728 356 789 mortuis
375 726 438 805 jam
461 744 518 787 non
534 728 674 793 moritur,
697 725 738 784 sic
755 731 785 785 el
806 742 859 784 nos
882 742 939 783 non
963 724 1058 783 simus
1073 740 1132 781 am-

197 812 253 873 lius
275 810 437 871 morientes
463 814 613 886 peccato,
647 807 698 867 sed
724 824 845 883 semper
871 806 1005 865 viventes
1031 816 1133 864 coram

222 910 264 963 o,
296 897 331 952 ut
352 909 392 952 er
414 889 507 950 Paulo
540 890 577 949 ad
598 888 751 948 Romanos
773 888 845 965 Cap.
871 886 924 949 Vl.
959 886 1071 959 Quinto
1095 884 1134 945 ad

175 974 431 1053 complementum
454 977 574 1031 nostrae
591 972 716 1031 salutis:
741 970 784 1029 sic
806 968 886 1027 enim
909 970 1076 1028 resurrexit
1098 965 1134 1027 ad

175 1058 291 1125 vitam,
319 1061 353 1114 ut
374 1070 428 1111 nos
449 1060 517 1131 post
537 1052 605 1131 ejus
627 1051 894 1121 Resurrectionem
912 1049 1133 1129 praedicatione

176 1138 392 1215 Apostolorum
414 1134 594 1210 generaliter
619 1132 733 1193 tructus
758 1133 903 1209 passionis
926 1129 992 1208 ejus
1018 1131 1136 1208 partici-

176 1222 229 1297 pes
242 1232 388 1278 essemus.
411 1216 498 1289 Quod
522 1234 579 1274 non
595 1216 686 1275 tuerit
701 1212 892 1277 conveniens,
918 1220 951 1273 ut
967 1213 1046 1273 illico
1067 1214 1136 1291 post

176 1306 306 1360 mortem
329 1306 522 1373 resurgeret,
546 1296 674 1356 ostendit
696 1294 858 1371 Angelicus
880 1295 991 1353 Ductor
1013 1299 1073 1354 art.
1094 1294 1131 1353 6:

177 1373 262 1456 Quia
284 1390 318 1440 ut
342 1378 572 1459 confirmaretur
592 1377 664 1459 fides
688 1376 722 1435 de
744 1379 870 1437 ueritate
891 1376 1088 1436 humanitatis
1111 1382 1137 1435 et

176 1462 283 1521 mortis
308 1464 383 1541 ejus,
407 1462 542 1539 oportuit
563 1478 682 1519 morant
706 1476 762 1517 esse
784 1459 865 1517 inter
890 1467 1017 1517 mortem
1046 1465 1073 1518 et
1094 1470 1135 1517 rc·

176 1543 403 1606 surrectionem.
427 1540 462 1601 Si
476 1541 554 1600 enim
568 1540 670 1601 statim
687 1549 755 1617 post
772 1548 896 1598 mortem
912 1540 1133 1609 resurrexisset,

175 1622 273 1685 uideri
283 1631 387 1703 posset,
418 1622 499 1700 quod
521 1625 585 1702 ejus
609 1639 688 1680 mors
702 1639 773 1680 veru
799 1639 859 1679 nort
885 1617 990 1697 tuerit,
1013 1634 1065 1679 uec
1078 1634 1136 1697 per

176 1719 356 1783 consequeus
382 1700 575 1764 Resurrectio
598 1721 680 1763 uero.
705 1701 791 1762 lesus
812 1698 951 1762 Christus
973 1702 1002 1760 in
1025 1698 1135 1761 Resur-

177 1790 311 1847 rectione
333 1787 497 1861 resumpsit
517 1802 625 1845 verum
649 1801 756 1861 eorpus
778 1782 973 1860 humanum,
1005 1788 1036 1841 et
1057 1777 1135 1859 ejus-

177 1869 246 1928 dem
269 1875 418 1935 naturae,
444 1867 503 1925 imo
526 1866 627 1934 idem,
656 1866 734 1941 quod
758 1872 826 1925 ante
849 1863 989 1925 habebat.
1026 1855 1137 1924 Probat

175 1950 235 2009 hoc
258 1948 289 2011 S.
313 1946 447 2007 Thomas
468 1946 499 2005 3.
523 1954 602 2022 pert.
628 1951 741 2023 qtraest.
760 1944 799 2005 st
822 1951 880 2006 art.
902 1944 934 2006 ὃ.
956 1944 1035 2018 Quia
1049 1942 1136 2021 juxta

175 2028 396 2089 Damascenum
420 2026 483 2086 tro.
507 2026 554 2089 JV
573 2026 660 2088 troes
679 2026 868 2088 orthodoxae
891 2027 1135 2103 capiteultimo:

176 2109 261 2172 ittuat
281 2126 434 2187 resurgere
459 2108 582 2178 dicitur,
611 2107 689 2189 quod
712 2103 835 2169 cecidit:
860 2115 891 2170 at
912 2125 1031 2185 corpus,
1055 2106 1136 2185 qnod
1195 2118 1198 2126 '

175 2207 231 2268 per
253 2195 404 2257 mortem,
428 2190 505 2251 idest
528 2192 748 2268 separationem
771 2193 889 2251 animae
911 2192 948 2250 ab
971 2192 1058 2267 ipso,
1083 2202 1133 2249 ce-

176 2273 260 2342 cidit,
284 2276 351 2333 erat
364 2288 473 2331 verum
491 2290 598 2349 corpus
613 2273 794 2341 humanum,
813 2291 870 2332 nou
886 2290 1043 2350 apparens;
1062 2284 1136 2349 ergo

175 2354 256 2416 fflem
279 2354 397 2413 animae
418 2350 484 2428 ejus
506 2354 611 2414 iterato
633 2355 750 2415 unitum
774 2354 831 2415 luit
853 2355 880 2415 in
902 2352 1145 2415 resurrectione!

176 2438 202 2498 si
224 2434 304 2497 enim
328 2434 407 2495 aliud
431 2441 485 2495 aut
504 2435 628 2496 ulterius
651 2440 773 2497 naturae
796 2436 912 2495 unitum
935 2434 1052 2503 luisset,
1077 2451 1135 2497 non

175 2517 282 2580 luisset
303 2516 485 2576 resurrectio
506 2535 587 2577 veru.
604 2514 753 2577 Secundo:
777 2514 879 2578 lucae
901 2514 1005 2593 Capite
1027 2516 1136 2591 ultimo

175 2595 207 2659 r.
220 2598 262 2657 Y!
281 2596 403 2657 Christo
425 2605 492 2673 post
514 2600 764 2678 resurrectionem
783 2598 943 2675 Discipulis
958 2602 1134 2677 apparente,

178 2678 352 2741 conturbati
372 2688 398 2739 et
414 2681 568 2740 conterriti
584 2682 798 2741 existimabunt
818 2699 846 2740 se
868 2677 1008 2761 spiritum
1021 2676 1141 2749 uidere,

177 2756 260 2821 volut
281 2760 305 2819 si
328 2780 386 2820 non
410 2761 536 2822 haberet
551 2779 657 2823 verum
681 2778 802 2838 eorpus,
826 2762 877 2823 sed
901 2760 1134 2838 phantasticum

178 2844 214 2903 sd
232 2843 310 2917 quod
327 2843 452 2903 dubium
471 2845 687 2903 removendum
711 2844 773 2918 ipso
796 2844 837 2902 eis
860 2843 950 2903 dixit:
968 2841 1093 2923 Patpute
1111 2852 1138 2903 et

176 2924 279 2990 uidete,
293 2925 366 3003 quio
380 2925 504 3005 spiritus
519 2942 640 2984 caruem
657 2935 682 2984 et
693 2942 757 2984 ossa
769 2943 831 2983 rou
843 2926 935 2993 habet,
948 2924 1024 2985 sicut
1036 2942 1081 2983 me
1092 2927 1138 2986 υἱ-

179 3001 252 3067 detis
266 3005 379 3065 tabere.
397 3006 484 3079 Quod
500 3020 574 3066 vero
590 3007 740 3067 interdum
758 3008 814 3067 sub
830 3006 947 3066 diversa
963 3008 1060 3065 torma
1081 3010 1136 3067 aut

177 3086 275 3163 elligie
296 3086 483 3163 apparuerit.
501 3103 558 3145 non
574 3088 643 3155 mn,
669 3094 702 3147 ut
724 3088 766 3147 eit
783 3082 1135 3164 praestantiaeque

177 3168 396 3229 delineamenta
411 3168 619 3229 membrorum
637 3167 808 3236 mutaverit,
822 3160 899 3229 siout
913 3186 968 3229 nec
986 3170 1013 3228 in
1024 3166 1136 3231 Ttans-

177 3249 355 3327 figuratione
378 3254 564 3309 mutaverat:
587 3245 646 3311 Sed
668 3248 742 3309 sicut
764 3250 959 3333 repraestare
983 3256 1134 3333 ejuraret,

176 3341 212 3392 at
228 3344 339 3410 corpus
359 3347 447 3389 suum
469 3329 651 3401 uideretur,
675 3334 720 3391 oet
741 3348 800 3391 nou
820 3326 996 3392 videretur:
1031 3334 1078 3393 ita
1100 3334 1135 3393 iu

176 3422 317 3493 potestate
339 3415 402 3491 ejus
423 3421 509 3480 erat,
541 3422 578 3472 ut
600 3430 638 3472 ese
660 3416 722 3493 ejus
743 3424 864 3491 aspectu
884 3412 1071 3490 formaretur
1097 3414 1135 3474 ,in

180 3492 273 3551 oeulis
300 3493 482 3551 intuentium
506 3494 551 3553 net
571 3494 670 3570 turma
695 3495 821 3569 pluriora
844 3492 888 3554 aet
912 3508 972 3558 oon
993 3490 1134 3573 pluriora,

120 3610 125 3618 -
179 3581 234 3631 eut
250 3574 342 3631 etium
355 3575 528 3643 commixto,
543 3575 588 3634 oet
604 3572 861 3654 qualitercumque
876 3591 905 3635 se
918 3574 1050 3637 ludens?
1072 3590 1136 3638 mo-
